1747 3005
249 163 315 206 nE
348 163 474 207 ΝΟΜ.
506 163 641 206 Pnuu.
674 163 876 206 nEcmN.
906 163 959 206 IN
988 154 1038 211 ῖς
1066 163 1254 205 PURUM.
1316 169 1354 213 ς.
1383 164 1418 207 2.
1483 165 1567 210 491

99 273 242 329 νασμῷ
270 273 473 325 Χαβρίας,
505 285 646 316 eorum
676 274 789 327 prius
820 285 843 316 a
877 274 1018 321 Φᾶνος
1048 272 1271 314 derivatum
1310 272 1389 314 diei
1430 278 1572 329 potest

82 339 197 380 ⁴item
236 342 279 379 ut
318 339 549 381 femininum
593 340 775 390 Φανίον,
815 350 986 392 quorum
1023 339 1198 380 omnium
1238 339 1359 391 alpha
1404 340 1572 393 longum

100 408 188 455 θεῖς
227 404 397 445 alterius
429 405 710 456 pleonasmum
740 406 949 447 confirmat
981 404 1203 457 Βαβρίας,7
1231 405 1398 446 latinum
1427 406 1573 449 Barea

101 482 138 510 v.
169 469 348 521 Interpp.
379 469 430 510 ad
458 470 598 511 Juven.
630 471 693 512 111.
726 471 818 513 116.
848 483 871 512 a
900 467 1026 523 βάρος
1057 475 1156 522 puto
1187 471 1251 511 vel
1281 469 1410 524 βαρύς
1447 477 1490 513 ut
1519 473 1570 514 ab

99 529 231 582 εὐθύς
259 531 424 582 Εὐθίας
454 535 612 588 Euthia,
643 549 666 577 a
694 538 826 589 θῆλυς
858 538 1036 577 sortasse
1055 538 1202 589 θηλίας
1230 534 1352 588 τυρός
1370 533 1393 577 ὁ
1415 535 1571 590 λεπτός,

101 600 211 654 quod
237 601 476 641 Eustathius
510 602 626 654 1026,
657 602 719 643 23.
752 614 801 643 ex
830 602 971 643 Athen.
1001 602 1100 643 XIV.
1140 601 1231 644 658.
1261 603 1307 643 D.
1350 603 1464 644 affert
1503 604 1573 644 ubi

100 677 207 707 nuno
236 665 407 717 legimus
439 677 589 708 oaseos
618 668 724 708 istos
754 669 919 720 &virias
949 667 1082 708 dictos
1111 679 1218 709 esse.
1272 668 1336 709 Ab
1358 668 1572 720 adjectivis

101 731 261 784 quidem
293 731 399 772 haud
438 743 570 783 pauca
608 737 738 773 ortum
770 733 917 773 habent
949 738 1028 774 tum
1059 734 1225 785 propria
1247 728 1430 787 Ἁγνίας,
1460 736 1574 787 Γορ-

100 797 203 849 γίας,
230 793 454 849 Ἐμπεδίας,
485 799 687 849 Κλεινίας,
718 799 946 850 Λαμπρίας,
978 799 1214 851 Σφοδρίας,
1249 798 1462 854 Φαιδρίας,
1486 802 1576 841 Με-

101 864 265 914 λανίας,
305 867 387 904 tum
418 864 667 915 appellativa
705 859 949 917 ἄσφαλτίας,
991 864 1165 915 αἰολίας,
1195 866 1440 920 καρχαρίας,
1469 880 1575 920 κνη-

103 930 205 980 κίας,
235 928 408 982 κωφίας,
440 928 623 980 ξανθίας,
654 928 842 980 πυρρίας,
872 930 1055 982 τυφλίας,
1088 942 1258 982 quorum
1298 931 1468 983 primum
1510 934 1577 973 est

104 994 295 1049 spondyli
326 995 536 1047 (spinalis)
569 1000 708 1037 cetera
737 996 965 1036 animalium
995 996 1248 1047 quorundam
1277 997 1443 1037 nomina
1471 1008 1576 1049 pro-

102 1071 212 1114 pria,
250 1071 383 1112 neque
416 1066 550 1102 tamen
580 1062 637 1101 ita
667 1062 834 1113 propria
864 1067 906 1102 ut
937 1061 987 1101 ad
1018 1061 1120 1102 alias
1150 1073 1218 1103 res
1250 1062 1462 1102 transferri
1491 1072 1576 1103 non

104 1127 279 1179 possint,
307 1138 399 1167 nam
429 1130 469 1167 et
498 1127 647 1166 nummi
677 1127 885 1168 subaerati
914 1124 1084 1179 πυῤῥίαι
1113 1131 1312 1168 vocantur
1341 1132 1380 1168 et
1408 1126 1577 1176 ξανθίαι

103 1193 290 1234 homines
322 1197 398 1234 etc.
454 1192 527 1233 His
559 1192 679 1244 adJici
709 1204 782 1245 par
812 1196 876 1233 est
907 1192 1191 1244 decomposita
1219 1193 1417 1245 μυωπίας,
1448 1188 1578 1242 ὀξυω-

103 1258 211 1308 πίας,
242 1258 528 1310 ζοφοδορπίας,
559 1254 859 1309 εὐθυγυωμίας,
889 1259 1158 1310 λευκηπατίας
1187 1259 1210 1299 i.
1241 1270 1278 1310 q.
1316 1255 1446 1306 δειλὸς
1476 1256 1577 1312 εὐή-

102 1326 196 1378 θης,
227 1323 358 1364 simile
386 1324 513 1363 verbo
539 1322 896 1374 Shakespeariano
923 1324 1298 1375 piqeon-ltoered‚
1327 1325 1579 1378 λευκοφλεγ-

103 1390 249 1444 ματίας
287 1386 469 1442 (ὕδερος)
507 1389 796 1440 σκιατραφίας,
835 1391 1116 1441 τερατολογίας
1156 1389 1265 1430 Suid.
1314 1384 1580 1442 ὑποκομψίας

106 1452 130 1498 ὁ
163 1453 211 1497 τὸ
248 1451 414 1508 κομψὸν
450 1450 700 1506 ὑποφαίνων
728 1454 855 1495 Hes.⁵
914 1455 1091 1495 Tertium
1134 1466 1264 1506 genus
1304 1455 1487 1496 nascitur
1525 1456 1577 1498 ab

104 1521 473 1574 indeclinabilibus‚
501 1520 552 1561 ab
583 1515 690 1573 ἀμφί
715 1515 889 1572 Ἀμφίας
920 1520 1042 1561 Thuc.
1073 1521 1135 1561 IV.
1169 1519 1258 1563 119.
1289 1531 1313 1561 a
1340 1517 1486 1572 πέρυσι
1513 1535 1580 1562 πε-

105 1589 264 1641 ρυσίας,
296 1587 402 1628 unde
441 1591 625 1627 coactum
662 1590 724 1627 est
759 1582 938 1638 περσύας
975 1581 1088 1633 οἶνος
1126 1582 1148 1625 ὁ
1184 1583 1402 1637 περυσινός
1440 1586 1578 1629 Galen.

107 1653 243 1696 Gloss.
281 1653 332 1693 ab
371 1648 549 1693 ὀκλαδόν
584 1647 797 1703 ὀκλαδίας,
834 1652 913 1692 nisi
952 1652 1090 1703 potius
1120 1663 1144 1692 a
1173 1648 1284 1691 κλάω
1312 1649 1504 1705 (ὀκλάζω)
1535 1657 1580 1694 ut

104 1718 291 1771 θλαδίας,
323 1718 387 1759 oui
416 1717 650 1759 adverbium
679 1717 808 1770 deest,
839 1729 864 1758 a
890 1713 1055 1757 θλαω.9
1109 1716 1263 1758 Eadem
1297 1728 1485 1760 consona
1512 1719 1580 1760 in-

197 1909 236 1953 7)
264 1907 419 1952 Cognata
442 1905 600 1942 videntur
624 1905 732 1949 λᾶρος
757 1908 791 1942 et
815 1904 958 1949 λάβρος,
985 1903 1090 1949 ζαρός·
1116 1907 1151 1940 et
1175 1902 1314 1948 ζαβρός,
1336 1904 1461 1948 quibus
1479 1914 1580 1940 com-

111 1965 223 2000 munis
250 1967 303 1999 est
326 1961 534 2006 significatio
558 1961 801 1996 vehementiae
828 1964 861 1996 et
885 1961 1095 1995 voracitatis.
1141 1959 1293 1995 Litterae
1325 1961 1434 2003 sigma
1465 1969 1581 2004 epen-

109 2019 224 2055 thesin
250 2020 286 2053 in
310 2017 579 2062 antepenultima
603 2019 771 2051 memorat
795 2015 868 2050 EM.
894 2016 976 2058 454,
1004 2015 1060 2051 25.
1087 2015 1246 2059 Θρακίας
1278 2015 1340 2047 καὶ
1363 2014 1584 2059 πλεονασμῷ

113 2076 296 2119 Θρασκίας
318 2072 336 2107 ὃ
363 2073 509 2116 ἄνεμος,
537 2076 571 2108 et
594 2071 851 2115 diplasiasnium
876 2072 952 2113 579,
977 2071 1031 2106 25.
1058 2068 1104 2107 ὥς
1132 2070 1232 2114 παρὰ
1257 2068 1296 2103 τὸ
1321 2068 1462 2116 θράσος
1487 2070 1581 2114 Θρα-

114 2132 198 2168 σέας
230 2130 292 2163 καὶ
323 2128 438 2166 θάλος
471 2128 631 2166 (aumas,
661 2126 752 2160 oi‘zw
780 2126 878 2170 παρὰ
905 2126 942 2160 τὸ
971 2128 1069 2169 μένω
1095 2127 1236 2161 Μενὲας
1268 2126 1330 2158 καὶ
1363 2124 1584 2169 πλεονασμῷ

110 2187 284 2223 Μεννέας.
332 2185 402 2221 Sed
432 2185 499 2219 hoo
532 2183 678 2218 fortasse
704 2184 875 2218 aeolicum
910 2186 962 2218 est
988 2191 1048 2225 pro
1072 2182 1234 2217 Μεινίας.
1281 2180 1445 2216 Μεννέας
1468 2183 1584 2216 tamen

110 2250 236 2276 nomen
260 2240 483 2276 Atheniensis
513 2239 693 2282 cujusdam
719 2242 771 2274 est
795 2239 829 2271 in
854 2238 959 2271 Inscr.
986 2245 1019 2271 n.
1050 2236 1124 2272 181.

200 2307 239 2350 8)
266 2307 305 2341 In
329 2306 438 2341 Strab.
465 2305 549 2339 XIV.
576 2306 652 2341 639.
682 2305 739 2339 ubi
764 2304 858 2338 urhis
883 2302 1027 2347 ,Πύγελα
1055 2306 1192 2345 etymon
1226 2300 1434 2345 disputatur,
1467 2310 1583 2344 πυγα·

113 2362 189 2398 λίας
212 2361 283 2407 γάρ
309 2374 408 2398 τινας
432 2361 494 2394 καὶ
517 2363 689 2405 γενέσθαι
718 2360 777 2392 καὶ
803 2359 982 2400 κληθῆναι
1010 2358 1139 2393 Comes
1165 2357 1275 2393 edidit
1309 2356 1401 2400 quod
1429 2355 1584 2390 Schnei-

115 2417 219 2454 derus
242 2416 711 2461 proposuerat·⁷1vy‹c;tyg‹c;.
757 2415 902 2459 Propius
938 2415 1065 2457 scripto
1099 2416 1133 2449 et
1167 2421 1293 2457 prosae
1321 2411 1584 2446 convenientius

115 2477 190 2510 erat
211 2473 413 2517 ηυγαλγίας
438 2475 473 2506 ut
498 2472 759 2517 γλωσσαλγίας.

204 2540 244 2582 9)
276 2537 534 2575 Συκοσπαδίας
565 2536 796 2581 συκοφάντης
829 2535 911 2571 Hes.
949 2534 1048 2579 quasi
1076 2543 1097 2568 a
1120 2529 1304 2569 συκοσπτὶς
1327 2533 1367 2565 ut
1389 2526 1583 2567 κυνοσπάς,

113 2592 308 2631 λυκοσπὰς.
356 2593 395 2628 In
420 2593 524 2637 Orph.
560 2593 601 2627 H.
627 2592 730 2627 XVII.
756 2593 791 2626 in
821 2591 1019 2626 Plutonem:
1056 2587 1262 2633 Δημήτερος
1297 2585 1335 2624 ὃς
1357 2596 1443 2619 ποτε
1467 2583 1586 2618 παῖδα

116 2647 330 2693 νυμφεύσας
361 2649 536 2692 λειμῶνος
569 2645 814 2687 ἀποσπαδάην
843 2645 905 2678 διὰ
937 2644 1069 2678 πόντου
1107 2664 1147 2669 -
1180 2644 1334 2688 ἤγαγες,
1371 2641 1465 2676 docti
1498 2639 1584 2674 ἀπο·

119 2704 275 2745 σπαδίην
301 2707 442 2748 ponunt.
490 2703 561 2741 Sed
587 2702 814 2740 ἀποσπάδιος
837 2711 904 2737 non
929 2704 1041 2743 extat;
1067 2700 1102 2735 in
1123 2699 1226 2735 Anth.
1249 2698 1305 2735 Vl.
1328 2696 1401 2734 102.
1423 2693 1586 2730 ἀποσπά·
