1731 3021
141 169 231 212 366
566 168 996 211 DISSERTATIO
1037 169 1135 210 VIII.

143 278 330 320 NicsTh.
359 277 451 319 844.
501 278 612 318 Haec
648 279 734 318 iota
773 278 897 318 breve
926 278 1098 328 habent,
1143 278 1306 329 longum
1335 290 1433 319 vero
1465 275 1614 331 ἔριθος,

145 340 344 395 Βὲβλιθος
371 343 520 384 Bacchi
552 343 771 383 commilito
808 342 939 383 Nonii.
968 339 1166 395 μὲρμιθος
1196 347 1234 382 et
1263 344 1437 397 μερμίθη
1467 356 1502 383 v.
1533 344 1616 384 Pa-

143 408 230 448 rall.
272 407 361 449 167.
426 409 633 464 Feminina
669 413 762 448 sunt
792 408 963 460 Λαπίθη
1002 407 1099 447 urbs
1137 408 1419 462 Lapitharum,
1457 410 1615 461 καπίθη

143 485 347 524 mensura,
379 475 442 514 cui
473 475 620 514 similia
648 470 812 520 καπέτις
843 473 938 523 (hoe
969 474 1158 525 accentu)
1189 469 1388 524 κάμασσις
1416 471 1563 526 μέτρον
1580 488 1617 513 τι

142 539 239 579 Hes.
273 541 388 590 capis
420 539 528 591 quod
557 540 792 580 Priscianus
823 549 1013 589 graecum
1046 549 1140 578 esse
1172 542 1326 592 censet,
1359 544 1398 579 et
1429 540 1615 590 capedo,-

144 599 330 656 (iuaeque
360 604 464 645 idem
495 606 618 645 refert
640 605 810 658 Σαμίθη
840 600 1009 655 ρόφημά
1035 618 1074 642 τι
1101 608 1140 643 et
1161 601 1293 656 ἄμιθοε
1322 603 1467 657 ἔδεσμα
1495 602 1618 644 ποιὸν

143 668 213 709 καὶ
242 666 422 722 ἄρτυμα,
450 666 633 722 Ἀμίπθιος
663 670 777 722 (post
803 665 1010 721 ἀμιθρεῖν)
1040 669 1192 721 μυλῶν,
1224 670 1291 710 ubi
1322 667 1479 722 ἄμυλον
1509 670 1617 709 scri-

143 735 336 786 bendum,
383 736 491 787 quod
528 741 690 776 veteres
720 736 851 775 Latini
883 735 1055 774 amulum
1087 738 1126 774 et
1157 736 1328 775 similam
1357 735 1545 775 dixerunt
1574 737 1618 774 ut

144 800 434 841 Germanorum
464 800 647 839 nonnulli
677 800 951 839 Ammelmelic
978 799 1016 839 id
1048 804 1111 840 est
1140 800 1396 854 Israstmelzl,
1438 799 1618 840 deterior

143 870 259 905 aetas
296 865 526 906 amidonum
568 877 604 904 V.
648 865 710 904 Du
742 865 864 914 Cang.
905 863 1014 914 quod
1053 876 1140 905 cum
1180 867 1340 917 graecis
1380 866 1535 918 σαμίθη
1577 868 1616 905 et

143 928 274 983 ἆμίθα
304 931 390 971 sive
420 928 574 983 ἄμιθον
604 930 815 981 convenit,
853 940 984 980 neque
1014 929 1134 980 longe
1164 931 1256 971 hinc
1287 934 1514 982 sejunctum
1554 934 1618 970 est

143 994 256 1049 ἄμης.
294 997 509 1048 Adjectiva
530 996 640 1036 nulla
658 995 914 1047 reperiuntur
934 994 1012 1033 nisi
1035 997 1265 1047 composita
1284 993 1489 1048 εὔκριθος,
1509 992 1617 1035 διλέ-

142 1064 263 1109 κιθος
284 1066 360 1102 etc.
392 1073 485 1102 nam
514 1058 687 1108 κάκιθος
720 1061 806 1101 sive
838 1056 1032 1109 κακιθός,
1073 1060 1180 1111 quod
1220 1062 1404 1112 magistri
1431 1061 1617 1111 Byzantii

142 1125 337 1168 κάκιστον
365 1128 706 1179 interpretantur,
737 1126 901 1177 gravior
922 1128 1065 1165 auctor
1082 1125 1282 1166 Arcadius
1301 1131 1490 1178 tanquam
1511 1137 1618 1176 oxy-

144 1198 282 1233 tonum
303 1193 694 1245 maeroparalectum
708 1202 796 1231 eum
816 1188 972 1242 βοηθός
998 1190 1218 1241 componit.
1257 1191 1389 1232 Prima
1409 1192 1617 1244 positione

145 1263 256 1298 caret
287 1258 521 1298 adverbium
550 1255 678 1310 ἤλιθα
707 1252 818 1308 παρὰ
845 1252 892 1296 τὸ
923 1253 1009 1302 ἅλις
1050 1255 1186 1296 Schol.
1219 1256 1291 1297 Od.
1322 1256 1386 1297 IX.
1416 1256 1509 1297 330.
1549 1257 1616 1308 qui

143 1324 390 1363 homericum
421 1335 537 1363 usum
568 1326 767 1373 sequutus
799 1324 885 1371 est3
917 1320 1149 1371 complures
1178 1320 1310 1374 μάτην
1338 1323 1616 1373 interpretan-

145 1394 208 1429 tur
247 1388 355 1429 ducti
387 1389 567 1428 sortasse
599 1385 860 1427 similitudine
899 1385 1191 1435 adJootivorum
1225 1381 1342 1438 ἠλεός
1374 1392 1411 1427 et
1441 1382 1614 1439 ἠλίθιος.

142 1454 322 1495 Aliarum
353 1454 679 1493 terminationum
709 1451 903 1490 memoria
933 1450 1063 1499 nulla,
1106 1461 1197 1490 nam
1228 1462 1301 1502 pro
1331 1447 1405 1491 τὸν
1431 1449 1616 1504 μαριθάν

143 1520 268 1560 Arist.
299 1519 385 1558 Mir.
414 1518 510 1558 XLI.
541 1518 634 1567 833,
669 1517 732 1557 25.
765 1527 870 1555 nunc
900 1513 1042 1567 μαριεά
1072 1516 1220 1555 editum
1249 1520 1335 1568 est,
1372 1527 1521 1557 nomen
1550 1518 1615 1558 la-

145 1584 250 1637 pidis
282 1594 399 1634 quein
428 1583 496 1622 ille
528 1594 616 1622 cuni
645 1581 816 1634 σμαρίλη
847 1584 1069 1631 comparat.

256 1664 294 1706 ς.
327 1659 363 1699 3.
423 1657 538 1706 Quod
567 1658 757 1709 Ephorus
798 1658 998 1697 Cumaous
1039 1657 1079 1696 in
1112 1656 1337 1697 enarranda
1369 1656 1615 1700 Graecorum

144 1725 318 1766 historia
348 1735 474 1774 saepe
506 1724 641 1763 facere
672 1727 842 1763 coaetus
874 1727 957 1773 est,
1004 1733 1125 1774 quum
1155 1721 1377 1773 populares
1408 1734 1508 1764 suos
1538 1734 1616 1764 ne-

146 1801 224 1842 que
253 1789 416 1830 silentio
449 1790 673 1840 praeterire
705 1789 826 1838 vellet
856 1800 987 1840 neque
1019 1788 1070 1827 ob
1102 1798 1184 1827 rem
1215 1787 1429 1837 insigniter
1457 1793 1614 1839 gestam

144 1855 364 1896 memoriae
386 1853 560 1906 prodere
578 1859 736 1907 posset,
766 1859 809 1894 ut
840 1855 918 1894 hoe
947 1855 1080 1905 ipsum
1112 1853 1312 1892 enarratis
1340 1853 1510 1893 aliorum
1538 1864 1615 1905 ge-

147 1922 222 1961 stis
261 1919 482 1970 subjiceret
525 1923 714 1970 tanquam
751 1930 913 1960 versum
951 1918 1256 1971 intercalarem,
1311 1918 1511 1958 Cumaeos
1543 1930 1616 1970 per

146 1986 225 2026 hoe
255 1989 413 2035 tempus
444 1984 540 2023 niliil
572 1985 720 2039 egisse,
752 1985 855 2025 idem
886 1985 978 2025 mihi
1010 1995 1171 2036 quoque
1198 1984 1245 2023 de
1267 1983 1506 2036 quibusdam
1529 1988 1615 2024 ter—

145 2051 435 2091 minationibus
475 2050 686 2090 dicendum
726 2055 800 2091 est.
870 2052 938 2091 Sic
978 2054 1016 2090 et
1059 2051 1241 2089 omicron
1282 2050 1332 2089 ob
1370 2048 1467 2087 nihil
1507 2048 1614 2089 aliud

147 2126 419 2157 commemoro
451 2126 569 2167 quam
600 2127 649 2155 ne
682 2116 832 2156 oblitus
865 2127 959 2156 esse
989 2114 1138 2154 videar.
1184 2114 1286 2154 Nam
1316 2111 1499 2166 ἄρῤοθος
1529 2117 1614 2155 sive

144 2180 352 2233 τάῤῥοθος
381 2180 649 2231 undecunque
682 2186 834 2234 ortum,
866 2184 976 2220 certe
1005 2190 1087 2218 non
1117 2189 1366 2229 paragogum
1398 2183 1479 2230 est,
1521 2175 1615 2219 ἀκό-

144 2251 324 2296 λουθος,
360 2245 467 2297 quod
500 2245 755 2285 Grammatiei
786 2241 1059 2296 ὁμοκέλευθος
1085 2244 1425 2294 interpretantur,
1458 2255 1616 2284 eonne—

146 2324 239 2352 xum
270 2311 429 2350 videtur
458 2310 584 2349 verbo
615 2312 759 2358 πολεῖν,
792 2307 925 2348 ἐλθεῖν
954 2309 1049 2348 Hes.
1083 2310 1198 2358 cujus
1221 2309 1411 2347 usitatior
1441 2313 1503 2348 est
1526 2310 1616 2349 sor-

147 2389 213 2417 ma
249 2378 397 2428 μολεῖν.
455 2374 632 2413 Arabiae
669 2380 810 2425 portus
843 2370 1070 2425 Χαρμόθας
1111 2374 1244 2413 Strab.
1271 2373 1372 2413 XVI.
1404 2374 1495 2414 777.
1529 2375 1614 2413 sive

148 2437 404 2493 Χαρμουθάς
424 2440 521 2488 (sic)
541 2439 656 2479 Diod.
670 2440 733 2479 III.
755 2439 817 2479 43.
837 2436 1057 2484 Mtvovaeg
1076 2438 1173 2478 urbs
1194 2439 1369 2489 Aegypti
1384 2438 1399 2463 3
1418 2442 1456 2478 et
1478 2443 1615 2478 cetera

148 2508 335 2548 barbara.
396 2505 474 2546 Sed
514 2505 636 2545 latius
676 2516 721 2545 se
761 2504 912 2543 diffudit
951 2504 1128 2555 ypsilon,
1174 2506 1289 2553 eujus
1321 2504 1397 2542 tria
1430 2503 1615 2554 exempla

241 2652 277 2694 3]
304 2651 427 2684 Arcad.
454 2662 486 2694 p.
516 2652 568 2693 30,
596 2652 626 2686 5.
655 2650 692 2682 τὸ
721 2652 867 2692 rag-¹124&
891 2650 951 2682 καὶ
975 2648 1150 2692 Ιιιειόῧθις
1175 2650 1235 2681 καὶ
1272 2646 1477 2694 apamia&
1505 2645 1611 2689 βαρύ-

148 2719 258 2740 νεται.
288 2715 352 2739 scr.
380 2708 560 2747 Tafa'scevcg
587 2715 626 2740 ex
653 2705 782 2739 Anerd.
817 2705 924 2739 Belik.
953 2705 1048 2740 1192.
1075 2705 1258 2740 Μείὀυθις
1283 2707 1317 2738 et
1342 2703 1556 2745 Θέρμουθις-
