1731 3021
80 148 174 191 294
567 144 996 187 DISSERTATIO
1038 145 1103 186 Vl.

79 259 259 307 ακανθα,
291 251 443 296 ἀκακία
473 259 512 296 et
543 260 727 297 assumto
748 254 911 295 lambda
927 251 1156 303 ἀκαλανθίς
1176 256 1402 298 carduelis.
1445 256 1558 306 Quae

81 327 246 375 praeter
275 322 346 362 illa
375 322 575 376 leguntur,
609 326 806 373 suspecta
836 325 947 361 sunt:
979 321 1127 373 λίηφος
1164 319 1297 370 δεινός
1326 327 1365 363 et
1393 320 1560 376 ταρήφη

82 385 257 441 κόφινος
292 385 416 441 μέγας
453 388 549 428 Hes.
589 388 638 428 de
687 398 767 439 quo
808 387 906 426 nihil
945 386 1114 427 adnotat
1153 388 1367 430 Schowius
1409 388 1482 430 sed
1520 389 1563 429 in

83 454 188 495 Edit.
218 454 318 505 Hag.
349 455 545 506 scriptum
587 458 650 494 est
679 453 833 506 ταρίφη
863 453 913 493 ad
960 453 1141 493 ordinem
1171 454 1378 494 literarum
1409 455 1563 506 pariter

86 521 350 561 conveniens.
407 521 494 561 Nee
524 521 733 572 proprium
775 531 870 560 sese
911 519 1026 559 offert
1066 523 1181 559 extra
1207 514 1443 572 Ἀλθήφιος.
1502 520 1563 560 De

86 586 274 638 proximo
306 596 457 636 genere
488 586 567 626 duo
599 586 713 625 affert
745 586 1065 626 Choerobosous
1096 596 1135 636 p.
1176 585 1267 626 257.
1308 581 1358 624 τὰ
1394 585 1448 632 εἰς
1485 575 1567 637 οἷς

86 651 290 704 μονογενῆ
321 651 443 701 (adde
470 648 542 704 μὴ)
575 649 675 691 ὄντα
704 647 897 702 οὐδέτερα
928 647 1014 703 (διὰ
1043 646 1089 688 τὸ
1119 650 1287 701 λαῖφος)
1318 647 1379 690 ἑνὶ
1415 648 1566 704 φωνή-

87 730 169 757 εντι
197 714 516 770 παραλήγονται,
548 714 702 769 ἔριφος,
741 715 940 770 Τήλεφος,
970 715 1147 766 κίνιφος,
1179 716 1364 767 σημαίνει
1397 713 1440 756 δὲ
1468 730 1566 757 ποι-

87 782 215 832 κίλον,
247 783 356 834 quod
388 782 532 823 eodem
563 784 647 823 sere
680 782 801 823 modo
835 781 942 833 apud
976 780 1129 822 Suidan
1160 781 1307 832 legitur
1348 783 1512 837 κίνιφος
1541 779 1565 824 ὅ

88 849 281 901 ποικίλος,
322 848 396 888 sed
436 849 608 900 primum
649 850 820 888 canonis
861 851 1071 887 auctorem
1112 858 1195 887 non
1243 848 1303 887 sic
1343 849 1568 902 scripsisse

91 914 283 965 suspicor
323 913 397 954 sed
443 913 630 966 Κίνυφος
669 909 691 953 ὁ
725 910 928 965 ποταμός,
971 912 1038 964 qui
1077 913 1198 953 modo
1238 914 1296 953 ita
1337 916 1570 956 nominatur

90 979 222 1020 Nonn.
254 978 354 1020 XIII.
385 980 478 1021 274.
509 980 630 1020 modo
664 979 808 1026 Κῖνυψ
834 991 869 1019 v.
908 978 1054 1019 Parall.
1085 979 1176 1020 291.
1233 980 1374 1031 Itaque
1406 985 1570 1032 praeter

91 1042 245 1097 ἔριφος,
277 1045 388 1096 quod
419 1057 508 1086 eum
537 1041 674 1097 ἀρνός,
716 1056 837 1097 arna,
879 1044 1008 1094 arieS‚
1053 1046 1339 1095 cognationem
1383 1046 1506 1087 habet
1534 1060 1570 1088 v.

91 1110 239 1151 Parall.
272 1111 334 1151 74.
367 1116 406 1152 et
425 1109 621 1164 ’Ἀντιφος
648 1111 994 1162 andronymicum,
1026 1110 1133 1161 quod
1175 1112 1356 1152 fortasse
1396 1123 1572 1164 compo-

94 1178 215 1218 situm
247 1181 309 1216 est
340 1182 382 1217 ut
426 1175 623 1230 Τήλεφος,
661 1178 813 1217 nullum
854 1176 1116 1227 relinquitur,
1155 1180 1271 1228 cujus
1311 1179 1572 1229 penultimam

92 1242 258 1282 brevem
299 1254 394 1282 esse
434 1247 619 1291 constet3
660 1254 752 1283 nam
792 1242 1000 1292 Neriphus
1040 1242 1173 1282 insula
1211 1243 1309 1284 Plin.
1348 1243 1412 1283 IV.
1444 1244 1508 1285 23.
1549 1256 1574 1285 a

95 1307 231 1359 poetis
263 1308 406 1348 siletur
437 1313 475 1348 et
502 1306 695 1360 Νάλιφος
723 1308 844 1347 Paus.
872 1307 971 1346 VIII.
1004 1306 1069 1359 38,
1102 1308 1137 1348 7.
1169 1320 1243 1360 pro
1277 1320 1357 1360 quo
1386 1309 1427 1348 in
1454 1309 1572 1350 codd.

97 1369 292 1424 Νάφιλος
322 1374 540 1425 scriptum3
572 1372 739 1425 σέριφος
770 1373 856 1412 sive
880 1369 1050 1423 σέριφον
1070 1372 1197 1413 herba
1221 1374 1357 1414 Galen.
1380 1374 1429 1415 de
1452 1375 1574 1415 Tem-

98 1449 183 1491 per.
216 1439 354 1490 Simpl.
388 1439 432 1479 V.
466 1440 526 1480 12.
558 1452 595 1491 p.
627 1440 719 1480 745).
755 1438 796 1478 T.
827 1437 890 1477 XI.
922 1438 1010 1477 siue
1042 1437 1163 1477 dubio
1195 1439 1245 1479 ab
1274 1440 1408 1479 insula
1427 1443 1576 1482 nomen

97 1504 221 1544 hahet
253 1509 293 1543 ut
324 1505 456 1545 buxus
489 1510 527 1545 et
560 1505 731 1556 thapsus
772 1514 845 1543 seu
886 1504 1103 1554 thapsia30
1140 1504 1275 1544 insula
1319 1508 1452 1545 autem
1491 1506 1577 1546 iota

100 1570 265 1621 longum
305 1570 427 1610 habet
465 1571 650 1621 quamvis
690 1570 871 1609 attritum
912 1569 1176 1608 dluturnitate
1216 1570 1433 1621 temporis;
1482 1582 1576 1611 nam

100 1635 222 1676 hodie
255 1637 413 1688 Serpho
447 1639 486 1674 et
526 1636 731 1685 Serpanto
772 1633 939 1684 (Ποίων,
980 1644 1027 1672 ae
1069 1634 1249 1673 sortasse
1287 1645 1339 1675 ne
1378 1636 1427 1675 ab
1461 1636 1578 1677 initio

101 1701 261 1753 quidem
288 1702 454 1740 insitum
495 1705 617 1750 atque
657 1700 862 1748 innatum3
902 1699 929 1738 ii
967 1703 1078 1738 certe
1117 1699 1184 1750 qui
1224 1699 1334 1751 quod
1373 1702 1581 1752 proverbii

101 1767 223 1807 modo
256 1766 402 1806 dicitur
431 1766 560 1818 γραῦς
589 1765 735 1817 σερίφη
766 1764 814 1804 de
844 1764 1008 1804 locusta
1050 1765 1309 1817 interpretati
1348 1770 1463 1820 sunt,
1502 1778 1580 1807 co-

102 1833 342 1884 gitationem
373 1831 423 1872 ad
452 1842 600 1872 nomen
631 1829 782 1882 σέρφος
811 1831 1005 1871 retulisse
1034 1831 1222 1871 videntur
1251 1836 1291 1871 et
1320 1842 1447 1883 saepe
1478 1832 1580 1873 alias

104 1900 189 1938 iota
229 1903 325 1938 ante
354 1898 460 1938 hanc
504 1897 830 1938 terminationem
860 1898 1058 1937 insertum
1090 1898 1337 1950 reperimus,
1383 1908 1467 1937 non
1505 1909 1581 1939 so-

104 1964 185 2004 lum
213 1964 339 2004 breve
368 1967 412 2003 ut
442 1960 631 2016 στέριφος
662 1974 712 2002 ex
739 1960 906 2013 στερρός
936 1963 1160 2003 derivatum
1201 1967 1264 2004 est
1302 1961 1408 2002 unde
1449 1974 1581 2013 syno-

104 2041 267 2080 nymum
298 2029 512 2080 στέρφνιος
542 2025 717 2081 σκληρός
744 2028 838 2069 Hes.
871 2033 908 2069 et
941 2030 977 2069 si
1007 2034 1119 2069 reete
1159 2040 1205 2069 se
1235 2028 1358 2068 habet
1387 2027 1581 2078 Hesychii

104 2095 249 2146 glossa
277 2091 484 2146 Μόριφον
513 2091 725 2133 σκοτεινόν
754 2091 901 2146 μέλαν,
944 2093 984 2134 id
1015 2104 1178 2145 quoque
1210 2093 1412 2133 succrevit
1448 2093 1582 2145 bisyl-

104 2160 198 2201 labo
229 2157 429 2213 μόρφυος,
462 2159 570 2211 quod
600 2160 792 2211 'plerique
831 2156 953 2211 μέλας
991 2163 1030 2199 et
1070 2154 1226 2210 ὀρφνός
1262 2158 1584 2209 interpretantur

106 2237 141 2264 v.
174 2226 319 2267 Parall.
346 2226 438 2267 341.
471 2225 562 2266 344.
593 2225 685 2266 358.
737 2224 818 2265 Sed
856 2226 977 2265 etiam
1015 2224 1179 2274 longum
1218 2227 1260 2262 ut
1298 2220 1501 2276 σκάριφος
1536 2221 1583 2265 τὸ

105 2287 267 2342 κάρφος
294 2290 446 2331 Anecd.
476 2290 602 2331 Bekk.
630 2288 721 2330 239.
754 2289 833 2329 hoc
865 2294 928 2330 est
958 2291 1129 2341 festuca,
1161 2288 1313 2340 assum,
1338 2288 1443 2329 unde
1463 2300 1583 2341 σκαρ-

106 2356 206 2408 φίον
244 2361 406 2396 tessera
454 2359 494 2395 et
534 2355 702 2394 verbum
742 2356 1012 2407 σκαρφᾶσθαι
1061 2352 1369 2394 σκεδάννυσθαι
1407 2355 1502 2396 Hes.
1543 2355 1584 2396 id

108 2425 172 2461 est
201 2420 394 2461 assulose
424 2420 566 2473 frangi,
597 2421 639 2460 in
670 2421 851 2460 festucas
883 2419 1046 2473 diffindi,
1077 2421 1352 2471 germanicum
1382 2421 1584 2472 zersple‘t-

110 2489 215 2537 tern,
248 2496 380 2537 neque
412 2486 492 2526 alia
520 2490 584 2526 est
615 2486 730 2537 origo
762 2485 877 2526 verbi
908 2497 931 2525 a
960 2485 1189 2537 Phrynicho
1220 2485 1306 2526 Eel.
1338 2484 1430 2527 218.
1468 2485 1585 2527 dam—

198 2633 235 2676 6)
278 2633 420 2668 Poetica
457 2634 664 2674 metonymia
691 2637 745 2669 est
770 2634 952 2677 Anticyras
982 2632 1116 2666 sorbere
1149 2642 1303 2666 meracas
1329 2632 1422 2668 Pers.
1448 2633 1501 2667 lv.
1530 2633 1582 2668 15.

109 2688 152 2723 cf.
184 2687 334 2723 Meinek.
363 2688 437 2723 Vol.
465 2688 519 2722 IV.
547 2689 624 2723 417.
