1747 3005
236 171 305 214 DE
334 171 461 214 ΝΟΜ.
491 171 627 214 ΡΒῙΜ.
664 169 869 213 DECLIN.
896 169 951 212 IN
972 160 1030 219 ἷῖς
1058 168 1250 211 PURUM.
1305 173 1344 218 §.
1378 169 1416 212 4.
1484 169 1576 214 1195

90 282 253 325 laborat
281 278 429 335 μονεάς
457 282 612 323 Aelian.
639 281 687 322 H.
717 280 998 323 Ann.V11.47.
1029 279 1103 322 sed
1133 279 1314 321 correxit
1342 279 1576 335 Jacobsius,

91 353 132 390 et
160 344 357 400 σπογγιάς
386 348 426 388 in
458 347 593 388 Schol.
621 347 813 388 Aeschin.
843 346 948 387 Fals.
981 346 1074 388 245.
1116 345 1177 387 ed.
1212 344 1337 387 Bekk.
1378 350 1418 386 et
1446 346 1577 388 Bastii

91 413 142 455 ad
173 413 290 465 Greg.
320 412 466 455 8781‘4
503 412 612 465 quod
649 424 700 453 ne
731 417 892 453 acutum
924 413 1104 453 seminini
1142 408 1317 464 σπογγιά
1348 411 1576 453 obtinuisse

92 483 283 533 putemus
320 479 511 531 prohibet
549 478 714 518 diversa
752 478 909 518 notatio
941 479 1148 518 nominum
1176 473 1317 530 τροχιά
1347 480 1385 517 et
1414 477 1578 530 τροχίας

91 541 240 598 χαλκός
280 544 367 596 (qui
398 548 543 584 contra
574 544 738 595 ponitur
766 544 824 599 τῷ
852 544 994 599 τυπίᾳ)
1033 540 1160 597 λοφίά
1191 547 1230 584 et
1258 541 1428 594 λοφίας,
1472 554 1577 594 quae

90 622 175 652 non
200 614 373 650 accentu
404 609 538 650 solum
569 609 803 661 discrepant
833 609 906 650 scd
937 609 1057 649 etiam
1087 609 1398 660 significatione.
1427 608 1576 650 Verum

90 677 183 730 plus
223 686 345 716 curae
380 676 592 727 requirunt
629 676 878 715 mutationes
916 675 1074 715 vocalis
1112 676 1337 726 utriusque.
1394 673 1496 714 Nam
1526 675 1577 715 ab

91 742 232 784 eadem
263 741 400 781 radice
433 745 525 781 orta
555 752 681 793 saepe
711 741 852 781 literae
888 741 1188 793 Pythagoricae
1215 738 1338 781 modo
1367 739 1408 779 in
1439 739 1578 780 diver-

92 820 165 850 sos
205 810 355 848 exeunt
392 818 530 847 ramos
570 810 614 847 ut
660 807 700 846 in
746 818 948 847 marmore
985 807 1163 848 Nointel.
1204 801 1392 852 Καλλέας
1429 805 1576 858 aliquis

91 878 340 916 memoratur
378 877 418 913 et
457 873 561 912 alius
598 872 800 922 Καλλίας,
847 872 1009 920 Πασίας
1054 872 1319 913 Atheniensis
1364 871 1576 923 Aristoph.

98 937 264 987 Πασέας
291 938 468 979 indidem
500 938 696 978 oriundus
730 939 838 978 Dem.
872 950 905 980 c.
938 939 1038 979 Con.
1072 937 1189 980 1266.
1220 937 1324 977 alius
1356 937 1577 988 Sicyonius

92 1006 213 1048 Paus.
243 1006 288 1046 II.
314 1005 352 1056 8,
374 1005 410 1045 2.
441 1004 544 1044 alius
576 1004 753 1055 Argivus
784 1004 983 1056 Harpocr.
1023 1016 1054 1045 s.
1085 1001 1315 1057 Μύρτις,15
1346 1003 1576 1054 Spartanus

90 1067 224 1122 Ἰσίας,
255 1072 447 1112 Achaeus
472 1067 619 1120 Ἰσέας,
663 1069 712 1110 ad
742 1069 844 1110 haec
869 1066 1028 1122 Ἁργίας
1058 1070 1187 1111 Cram.
1218 1070 1263 1111 II.
1293 1068 1385 1110 288.
1417 1073 1457 1109 et
1480 1064 1578 1121 Ἀρ-

93 1134 189 1191 γέας
224 1133 442 1190 Ἀργεάδης
481 1136 598 1176 Hom.
640 1136 823 1189 Κρατίης
861 1136 1056 1188 Hippocr.
1094 1135 1212 1188 Epid.
1253 1135 1282 1175 I.
1312 1133 1405 1175 400.
1438 1135 1481 1175 T.
1512 1135 1577 1176 III.

94 1200 284 1257 Κρατέας
311 1202 530 1243 Herodian.
560 1215 598 1241 π.
631 1203 743 1241 Μον.
776 1213 813 1253 p.
844 1201 909 1243 34.
952 1201 1136 1254 Πραξίας
1163 1200 1429 1242 Atheniensis
1458 1200 1579 1242 Paus.

94 1270 142 1312 X.
183 1268 246 1310 19.
284 1272 324 1309 et
363 1265 550 1319 Πραξὲας
587 1268 899 1320 haeresiarcha,
943 1263 1111 1319 ‘Ysssot'ccg
1146 1267 1241 1306 Ath.
1281 1266 1363 1307 XV.
1402 1266 1494 1308 695.
1532 1267 1579 1309 Ε.

89 1331 261 1388 Ὑβρέας
288 1335 330 1374 in
358 1334 531 1374 nummis
552 1333 717 1373 Eckhel.
740 1333 882 1373 Doctr.
917 1333 959 1373 T.
989 1332 1036 1372 II.
1058 1332 1150 1373 585.
1180 1327 1365 1383 Σιμμέας
1383 1332 1577 1373 Marcian.

93 1401 202 1453 Epit.
232 1412 270 1453 p.
294 1399 383 1442 112.
415 1399 476 1440 ed.
505 1398 601 1439 Mill.
634 1395 822 1450 Χαβρέας
850 1399 891 1438 In
919 1397 1036 1438 titulo
1057 1398 1264 1437 inferioriS
1287 1397 1436 1438 aetatis
1458 1397 1580 1450 Corp.

94 1467 222 1508 Inscr.
258 1477 298 1506 11.
331 1464 423 1506 265.
464 1476 569 1517 quae
610 1468 650 1505 et
688 1464 843 1504 librarii
884 1475 1012 1515 saepe
1051 1462 1322 1503 confuderunt
1361 1475 1396 1504 v.
1432 1463 1581 1506 Parall.

95 1531 241 1574 339.16
277 1541 355 1571 nec
393 1530 556 1571 dubium
588 1534 652 1571 est
692 1531 789 1582 quin
820 1530 1048 1581 scriptores
1078 1529 1141 1569 fas
1171 1528 1388 1568 habuerint
1416 1530 1582 1570 nomina

97 1601 179 1638 tam
209 1597 357 1638 similia
384 1597 491 1637 inter
528 1607 574 1637 se
604 1595 748 1636 iisdem
776 1596 989 1647 imponere
1018 1594 1263 1634 homiuibus,
1323 1592 1452 1642 Quum
1480 1606 1580 1636 vero

96 1667 271 1715 utraque
300 1661 457 1702 vocalis
487 1672 779 1713 nonnunquam
810 1660 998 1700 comitem
1028 1660 1222 1712 asciscat,
1259 1659 1372 1711 prior
1400 1659 1582 1712 hypota-

97 1729 246 1770 cticum
275 1728 371 1780 iota,
401 1728 611 1779 posterior
640 1727 914 1778 protacticum
944 1725 1128 1778 epsilon,
1169 1724 1210 1765 id
1241 1735 1405 1777 quoque
1435 1724 1581 1766 viden-

97 1793 191 1835 dum
222 1797 284 1834 est
313 1804 394 1845 qua
422 1793 583 1833 ratione
613 1793 692 1833 fiat.
735 1792 1029 1833 Grammaticus
1056 1790 1187 1831 Cram.
1216 1790 1264 1831 II.
1295 1789 1388 1832 288.
1422 1791 1484 1832 sic
1512 1790 1582 1834 lo-

98 1860 255 1913 quItur:
307 1855 444 1899 πάντα
480 1856 531 1899 τὰ
567 1858 623 1907 εἰς
651 1849 706 1906 οξ
737 1855 1001 1912 παροξύτονα
1034 1851 1102 1896 διὰ
1130 1856 1207 1896 τοῦ
1239 1846 1263 1895 ἶ
1295 1852 1494 1909 γράφεται
1521 1853 1579 1910 μὴ

191 2003 249 2045 14)
283 2000 443 2045 Εὕρηται,
473 2004 566 2047 παρ’
601 2002 856 2047 Ἀριστοφάνει
888 2001 906 2036 ὁ
933 2001 1113 2046 σπογγιᾶς
1145 1998 1249 2042 καὶῆ
1286 2000 1458 2045 σπογγιά.
1506 2001 1581 2038 Hoc

101 2059 229 2102 legitur
255 2057 346 2101 apud
373 2057 573 2103 Comtcum,
599 2059 683 2093 illud
708 2068 877 2102 nusquam
902 2061 937 2093 et
961 2057 1107 2093 sortasse
1131 2066 1176 2093 ne
1201 2058 1254 2092 sic
1273 2056 1415 2100 quidem
1441 2059 1582 2102 scripsit

99 2114 296 2149 Scholiasta
335 2113 398 2149 sed
425 2114 607 2159 σπόγγος,
635 2124 702 2158 quo
731 2115 790 2149 ille
816 2123 900 2148 usus
925 2116 989 2149 est.
1037 2113 1181 2147 Dativus
1212 2112 1354 2156 plurahs
1389 2116 1582 2158 σπογγίαις

101 2171 189 2206 Poll.
217 2170 274 2204 VI.
303 2170 357 2205 94.
384 2169 427 2203 ad
453 2172 611 2214 σπυγγία
636 2170 756 2205 referri
784 2172 900 2213 potest
926 2171 962 2202 ut
989 2177 1097 2212 saepe
1122 2168 1282 2203 scribitur
1308 2167 1472 2213 Hippocr.
1497 2169 1579 2204 Mul.

100 2226 145 2261 11.
171 2225 248 2262 226.
276 2225 313 2259 T.
341 2225 385 2259 11.
411 2225 506 2261 Aret.
535 2225 613 2259 Cur.
640 2225 740 2259 Acut.
771 2224 797 2259 Ι.
827 2226 856 2267 1,
890 2224 964 2259 194.

194 2281 252 2323 15]
278 2281 426 2312 Πασίων
450 2279 607 2324 Xenoph.
635 2280 777 2314 Lucian.
809 2280 896 2313 Dial.
930 2278 1070 2314 Meretr.
1095 2278 1170 2313 XII.
1206 2279 1235 2314 1.
1270 2278 1330 2312 ubi
1371 2279 1454 2313 olim
1483 2282 1580 2313 Πασ-

101 2337 190 2369 σίων
213 2335 406 2378 legebatur,
431 2337 583 2369 Πασίων
610 2335 764 2378 Alciphr.
792 2334 852 2368 111.
881 2334 913 2369 3.
940 2333 1062 2375 Πάσης
1089 2334 1297 2377 Diogenian.
1323 2334 1414 2368 VIII.
1446 2335 1501 2371 40.

193 2391 252 2434 16)
280 2390 390 2424 Fluvii
418 2400 544 2426 nomen
569 2393 703 2437 Τηρέως
727 2390 833 2424 Thuc.
860 2390 916 2424 VI.
943 2391 997 2426 94.
1026 2401 1117 2425 nunc
1142 2401 1162 2427 e
1189 2390 1291 2425 codd.
1319 2393 1354 2425 et
1383 2390 1461 2424 aliis
1493 2390 1583 2426 locis

100 2448 232 2491 Τηρίας
257 2446 418 2480 scribitur
442 2456 473 2479 V.
502 2446 613 2480 Duck.
639 2446 681 2480 ad
709 2445 743 2479 h.
770 2446 792 2479 l.
835 2445 895 2479 Sic
931 2449 966 2481 et
997 2446 1131 2483 Λυδίας
1165 2444 1329 2489 ποταμός
1352 2444 1481 2480 Herod.
1507 2445 1581 2481 VII.

103 2503 178 2538 127.
197 2501 319 2538 Ὑλίιις
343 2500 507 2544 ποταμός
531 2501 637 2536 Thuc.
667 2501 740 2535 VII.
768 2501 823 2536 35.
846 2504 880 2535 et
903 2503 959 2544 qui
979 2511 997 2534 a
1017 2502 1186 2537 Strabone
1206 2502 1422 2535 nominantur
1437 2500 1584 2545 Ἀμνίας

101 2557 175 2592 XII.
202 2557 279 2593 562.
308 2556 472 2599 (Epitom.
490 2555 649 2599 Ἀμνιός)
668 2556 841 2599 Ἀμασίας
861 2556 934 2590 VII.
956 2556 1033 2592 290.
1055 2556 1239 2600 (Ἀμάσιος
1260 2556 1423 2599 Ptolem.)
1440 2556 1585 2594 Ἀσπίας

100 2613 157 2646 VI.
192 2613 274 2648 285.
316 2611 472 2647 Φελλίας
508 2611 610 2644 Paus.
646 2612 706 2645 ΙΙΙ.
735 2612 788 2647 20.
821 2611 1009 2655 'Aquarius‘
1042 2613 1106 2647 Dio
1149 2612 1245 2647 Cass.
1280 2611 1382 2646 LXII.
1409 2612 1464 2648 21.
1512 2613 1584 2649 Sed

101 2667 267 2706 Umbriae
307 2666 468 2709 fluvium,
506 2667 563 2710 qui
598 2676 616 2701 a
649 2665 874 2710 scriptoribus
909 2667 1023 2703 latinis
1057 2668 1154 2704 Tinia
1181 2672 1344 2711 vocatur,
1378 2667 1500 2704 Strabo
1532 2669 1585 2704 bis

101 2724 237 2756 Τενέαν
260 2723 423 2765 appellat.
