1731 3021
109 156 201 198 228
574 155 1010 201 DISSERTATIO
1050 156 1114 198 iv.

113 266 249 308 verbis
282 268 477 308 contexta
508 271 602 309 Sunt
634 266 793 323 ἄμυνα,
824 265 998 317 εὔθυνα,
1030 262 1227 320 αἰσχύνη,
1257 263 1435 321 τορύνη,
1467 264 1594 320 ἄρτυ-

112 347 185 380 νος
213 336 252 373 et
274 328 464 387 ἀρτύνης,
495 332 676 383 εὔθυνος
706 340 745 376 ct
775 330 971 386 εὐθύνης,
990 330 1171 379 ’Όλυνος
1190 328 1471 387 ἀποκάθαρμα
1498 335 1593 377 Hes,

115 411 139 440 a
161 395 342 452 μολύνω,
369 395 601 453 Ἀγάθυνος
632 401 831 442 Corinthii
851 398 1063 450 cujusdam
1086 409 1235 439 nomen
1257 399 1398 451 Polyb.
1419 400 1595 452 adjecti-

105 477 289 518 ¹vumque
309 464 532 520 θάρσυνος.
580 468 677 508 Cum
701 467 933 508 nominibus
963 476 1062 505 vero
1093 462 1221 517 κόρυς
1239 489 1293 493 --
1312 462 1483 519 κορύνη,
1513 469 1598 519 χεῖ-

115 530 373 587 λος-χελύνη,
403 531 537 587 βάθος
564 532 722 587 βόθρος
751 530 946 586 βόθυνος,
980 543 1003 571 a
1033 532 1202 583 proprio
1237 532 1395 584 Δελφοί
1413 530 1597 587 δελφύνη

119 598 184 639 vel
222 595 428 653 ὃὲλφύνης
465 600 590 641 draco
628 601 801 652 Python.
859 598 981 639 Urbis
1018 594 1207 649 Ταμύναι
1249 602 1288 638 et
1320 598 1482 641 Cereris
1521 614 1598 652 χα-

116 661 260 718 μύνης,
291 677 412 718 quam
443 667 713 718 Spanhemius
745 664 796 706 ad
827 665 925 706 Call.
948 664 993 704 H.
1014 664 1128 706 Dian.
1157 664 1193 705 3.
1227 665 1349 704 tacite
1377 665 1418 705 in
1445 663 1597 718 χαμεύ-

116 744 195 783 νην
223 736 364 784 mutat,
396 743 500 783 quae
532 732 585 771 sit
616 732 746 782 prima
767 731 921 782 positio
955 727 1135 782 (χάμυνα
1155 741 1205 770 an
1227 727 1407 784 χαμύνη)
1428 735 1467 772 et
1489 732 1598 784 quod

120 801 307 849 etymon,
346 797 482 837 dicere
513 798 670 837 nescio.
725 792 881 849 Ὀδύνη
922 800 1016 837 sunt
1053 796 1120 847 qui
1151 807 1240 836 cum
1271 794 1350 850 δύη
1380 802 1598 850 cognatum

62 881 65 887 ·
119 866 264 915 putant
303 866 374 911 (ut.
402 859 579 914 δύρομαι
616 857 843 914 ὀδύρομαι)
886 865 924 902 et
961 858 1140 913 λάγυνος
1179 874 1253 903 seu
1291 860 1470 916 λάγηνος
1509 876 1598 904 cum

117 925 270 980 λαγών,
300 925 473 981 γὲρυνος
503 939 592 969 cum
623 939 853 979 synonymo
884 925 1075 981 γύρινος,
1106 927 1179 969 sed
1208 928 1257 969 de
1286 927 1434 983 σιβύνη
1465 934 1504 970 et
1535 930 1600 970 σι’-

118 1008 267 1047 γυνος,
297 993 428 1046 deque
458 995 614 1035 neutris
646 991 830 1047 ἄβρυνον
860 998 899 1034 et
925 990 1109 1046 κάρυνον
1138 995 1225 1035 Sive
1252 992 1450 1048 κάροινον
1479 1007 1598 1036 nemo

121 1064 261 1112 speret
301 1060 518 1113 quidquam
558 1072 642 1101 non
682 1071 855 1113 prorsus
885 1060 1156 1112 improbabile
1195 1061 1274 1100 dici
1313 1072 1454 1112 posse.
1510 1060 1600 1101 Ad-

116 1127 313 1178 jectivum
349 1124 562 1178 θάρσυνος
599 1130 643 1167 ut
684 1138 707 1167 a
746 1126 872 1166 verbo
904 1127 1042 1177 potius
1074 1131 1302 1178 repeterem
1331 1138 1601 1179 macropara-

120 1192 228 1232 lecto
261 1204 381 1244 quam
412 1204 435 1233 a
457 1189 631 1245 θαρσὺς,
662 1193 863 1245 permovit
893 1204 956 1232 me
987 1204 1304 1244 paronymorum
1334 1194 1498 1235 novitas
1529 1205 1600 1234 ra·-

121 1259 328 1309 ritasque3
384 1255 532 1307 ὄξυνος
571 1258 726 1311 Geopp.
757 1260 819 1301 VI.
849 1260 884 1301 5.
927 1264 966 1300 et
996 1260 1092 1300 Hes.
1120 1271 1152 1301 s.
1193 1259 1377 1300 Σίτανον
1413 1259 1524 1300 docti
1559 1261 1600 1300 in

121 1321 257 1373 ὅξινος
287 1324 350 1365 vel
380 1320 516 1377 ὀξίνης
552 1325 786 1367 mutandum
830 1331 1000 1367 censent
1038 1338 1073 1367 v.
1106 1325 1261 1366 Coracs
1301 1325 1352 1366 ad
1394 1325 1598 1366 Plutarch.

123 1390 165 1430 T.
192 1390 253 1431 VI.
275 1389 368 1432 374.
402 1390 476 1432 sed
505 1391 657 1431 herbae
687 1403 836 1432 nomen
865 1388 1003 1441 ὀξυνίς
1031 1393 1056 1432 i.
1089 1404 1126 1444 q.
1159 1387 1293 1441 ὀξαλίς
1322 1402 1463 1432 rumex
1493 1390 1601 1443 apud

122 1455 383 1508 Neophytum
411 1457 558 1508 legitur
586 1469 622 1499 v.
655 1458 827 1499 Salmas.
868 1458 995 1499 Plinn.
1019 1471 1056 1510 p.
1080 1457 1172 1499 906.
1192 1458 1233 1499 C.
1266 1461 1306 1498 et
1333 1458 1448 1498 urbis
1473 1454 1600 1507 Ὀξύ-

121 1535 210 1562 νεια
241 1523 376 1563 strab.
401 1523 481 1564 VII.
512 1523 605 1564 327.
638 1521 889 1575 γλυκόξυνος
918 1525 980 1565 Du
1011 1524 1189 1575 cangius
1220 1524 1346 1566 affert.
1407 1521 1602 1577 Πάχυνος

121 1585 255 1640 παχύς
283 1587 501 1630 Herodian.
531 1591 555 1631 l.
587 1600 620 1631 c.
649 1589 798 1630 Arcad.
832 1590 921 1632 193.
943 1594 983 1631 et
1009 1590 1161 1631 Anecd.
1190 1590 1352 1631 Bachm.
1384 1590 1408 1630 l.
1443 1602 1490 1645 c.,
1520 1591 1601 1631 ho-

122 1654 267 1706 dieque
298 1655 492 1694 usitatum
525 1658 588 1695 est
617 1652 803 1708 βραδύνη
833 1667 1010 1707 vespera
1040 1656 1195 1707 (italice
1225 1660 1341 1709 sera)
1374 1660 1414 1697 et
1444 1654 1600 1710 ταχύνη

121 1715 148 1772 ἡ
177 1719 333 1769 πρωΐα,
374 1719 576 1760 interdum
615 1732 691 1773 perv
725 1721 812 1761 iota
853 1723 1010 1773 scripta
1052 1734 1089 1761 v.
1124 1721 1279 1762 Coraes
1319 1721 1369 1763 ad
1397 1722 1600 1765 Plutarch.

124 1785 263 1826 Stoch.
297 1785 339 1825 T.
372 1786 436 1826 III.
467 1786 531 1827 33.
572 1786 802 1828 Obscurum
842 1787 941 1828 illud
981 1787 1244 1840 Empedoclis
1274 1785 1448 1842 σχεδύνη
1478 1786 1600 1842 φιλό-

121 1865 204 1904 της,
237 1851 346 1903 quod
376 1851 618 1894 Plutarchus
657 1851 841 1907 σχετικήν
877 1855 1170 1906 interpretatur
1208 1867 1243 1896 v,
1276 1855 1409 1896 Sturz.
1439 1866 1476 1907 p.
1507 1855 1600 1897 230.

122 1917 392 1958 Buttmannus
433 1919 475 1958 in
514 1916 716 1973 σχεσύνην
755 1921 897 1971 vertit3
945 1920 1019 1961 sed
1057 1921 1250 1970 πίσυνος,
1305 1932 1385 1972 quo
1427 1921 1600 1973 exempli

79 2026 89 2038 ι
124 1994 252 2023 causa
281 1984 418 2036 utitur,
450 1983 709 2026 Grammatici
738 1997 821 2026 non
851 1986 1090 2027 retulissent
1118 1987 1224 2026 inter
1244 1984 1418 2039 μονήρη,
1451 1987 1485 2029 si
1501 1986 1600 2028 illud

124 2049 231 2100 apud
278 2053 443 2101 poetam
489 2052 677 2092 omnibus
724 2057 865 2092 notum
906 2056 1028 2105 atque
1068 2056 1285 2092 tractatum
1330 2053 1599 2095 invenissent.

123 2114 257 2163 Quare
287 2114 421 2170 σχεδίη
451 2118 714 2168 praetulerim
742 2119 954 2159 intellectu
983 2118 1253 2159 connectendi
1283 2123 1322 2159 et
1353 2118 1600 2173 continendi,

123 2191 243 2232 quem
280 2181 404 2223 habet
451 2183 753 2225 substantivum
793 2184 942 2238 Σχεόίη
981 2182 1185 2237 συνάφεια
1224 2184 1320 2226 Hes.
1363 2184 1599 2227 Geminatae

121 2246 300 2298 liquidae
341 2249 527 2301 exempla
571 2250 770 2302 praebent
818 2252 987 2303 propria
1022 2251 1222 2291 incertum
1263 2250 1370 2292 unde
1414 2251 1598 2293 derivata,

110 2309 359 2366 ’Ἀργυννος,
385 2311 618 2366 ’Έρκυννα,
658 2316 849 2357 Κίκυννα
891 2317 1028 2358 Schol.
1068 2317 1194 2359 Arist.
1233 2317 1365 2359 Nubb.
1397 2316 1518 2360 134⁵
1557 2321 1598 2359 et

209 2491 247 2534 5)
273 2492 513 2536 Theognostns
540 2494 584 2529 ΙΙ.
614 2495 687 2531 101.
714 2495 781 2530 hoc
807 2496 912 2532 refert
935 2497 1024 2533 inter
1048 2499 1324 2541 proparoxytona
1346 2495 1500 2540 χέλυνα,
1540 2496 1593 2529 εὗ-

123 2548 184 2577 θοι
187 2558 230 2583 ι(,ε
257 2548 377 2591 ἔρυμα,
403 2551 532 2582 Δίκτυν
513 2562 591 2588 vvcc,
617 2553 787 2594 σι’γυιινα,
819 2563 963 2596 quorum
990 2554 1136 2597 plinium
1162 2556 1196 2588 et
1221 2552 1376 2587 ultimum
1402 2562 1470 2586 non
1495 2552 1592 2596 legi-

123 2606 185 2641 tur,
215 2603 349 2637 tertium
375 2608 569 2648 corruptum
587 2607 723 2642 videtur
740 2618 800 2651 pro
818 2607 921 2653 Ἕρκι
922 2620 988 2647 να,
1016 2608 1109 2652 quod
1128 2610 1269 2653 propius
1286 2618 1388 2653 quam
1403 2606 1546 2652 Μόργυι
1546 2620 1593 2640 ι.α

121 2656 158 2688 In
187 2655 326 2691 Aicadii
358 2661 479 2703 regula
513 2661 556 2697 de
581 2663 776 2698 nominibus
810 2665 845 2698 in
870 2675 934 2705 υιιη
960 2675 993 2710 p
1026 2666 1100 2702 194.
1135 2665 1241 2700 multa
1274 2664 1479 2701 exciderunt
1502 2672 1593 2707 quae

123 2721 165 2745 ΘΧ
190 2711 316 2746 HfflOd-
344 2713 386 2749 de
413 2715 528 2751 Dichr.
556 2717 634 2754 287.
662 2718 763 2755 sarile
789 2722 924 2756 restitui
951 2725 1107 2766 possunt
