1731 3021
133 166 196 210 98
606 162 1040 207 DISSERTATIO
1094 164 1140 206 II.

134 272 329 330 ἄγροικος
356 286 392 316 v.
422 274 595 316 Meinek.
622 274 727 315 Hist.
758 273 870 315 Com.
900 272 992 316 331.
1024 279 1064 315 et
1095 274 1286 315 feminina
1319 271 1500 327 αἱμαλιά,
1540 289 1616 329 μα-

135 340 293 396 γδαλιά,
322 337 536 394 τρυμαλιά,
566 339 676 380 ἰαλία
706 344 745 380 el
776 339 894 380 ἰωλία
924 336 951 393 ἡ
982 337 1105 394 φωνή
1137 341 1231 381 Hes.
1262 341 1313 380 ab
1343 338 1386 381 ἰά
1415 342 1503 382 sive
1522 337 1615 395 ἰωή,

134 406 241 450 unde
272 408 393 449 etiam
414 404 577 459 ἰάλεμος
594 405 758 446 ductum
778 405 938 446 videtur
956 411 998 446 ut
1019 418 1042 446 a
1060 406 1175 459 σχίὸη
1195 403 1480 459 σχινδάλαμος,
1511 418 1617 459 quae

139 476 274 517 omnia
304 474 630 514 terminationem
663 472 888 512 asciticiam
910 471 1074 525 habent,
1103 473 1394 524 propriumque
1411 468 1617 526 Ἀκιδαλίη

135 538 248 594 παρὰ
274 537 322 581 τὸ
340 537 456 587 ’Ἀκις
473 536 640 585 ”Ambos
668 538 754 578 EM.
785 538 851 590 48,
882 537 947 578 21.
977 537 1107 578 (Iram.
1139 538 1183 578 ΙΙ.
1217 537 1359 579 127.30
1397 539 1461 579 eui
1498 538 1617 579 affine

138 609 298 650 videtur
325 617 475 647 nomen
506 605 614 645 fluvii
642 604 730 644 Elei
757 599 919 651 Ἀκίδας
949 610 988 644 et
1006 599 1181 644 Ἀκίδων
1221 615 1268 644 ac
1302 604 1427 645 sontis
1455 605 1619 646 Boeotii

133 672 354 717 Ἀκίδουσα
396 672 557 723 (omiss.
597 671 637 710 in
677 670 765 722 Th.)
808 670 910 712 Plut.
951 671 1117 719 Quaest.
1158 669 1222 711 Gr.
1259 681 1292 711 c.
1322 670 1419 711 XLI.
1479 671 1617 711 Tertio

136 746 283 783 neutra
311 735 524 792 πηδάλιον,
542 735 578 762 3⁷
615 732 866 788 τρωγάλιον,
899 748 1085 788 quaeque
1116 736 1347 786 Hesychius
1387 736 1502 776 affert
1534 736 1619 776 Ko-

137 805 306 862 ράλλιου
334 801 491 856 κόριον,
523 799 771 854 Κωράλλιου
798 800 1043 854 παιδάριον,
1083 799 1359 852 Σκυρθάλιον
1395 798 1618 854 μειράκιον,

140 882 362 924 eorumque
394 878 623 920 synonyma
652 866 909 919 κωραλίσκος
939 874 978 908 et
1000 868 1264 919 σκυρθαλίοις.
1323 868 1539 908 Postremo
1560 864 1621 920 ἐρ-

137 942 324 994 γαλεῖον,
364 948 387 976 a
426 947 506 987 quo
547 928 951 986 (Ιίῆθΐῐᾘτροχαλεῖον
990 929 1012 973 ὁ
1042 931 1187 987 τροχός
1216 934 1353 976 Schol.
1384 935 1496 975 Atat.
1526 932 1619 974 529.

139 1009 311 1060 propter
351 1002 596 1055 primitivum
627 998 844 1053 τροχαλός,
883 1006 925 1041 ut
949 996 1182 1053 Ἁρπαλίων
1209 996 1322 1051 παρὰ
1350 996 1397 1040 τὸ
1416 994 1623 1052 ’Ἅρπαλος

138 1073 226 1113 EM.
257 1068 507 1110 Μικκαλίων
535 1090 590 1096 --
618 1067 837 1114 Μίκκαλος
866 1067 1014 1118 I'Orpll.
1046 1066 1091 1107 V.
1122 1066 1226 1107 Plot.
1258 1067 1338 1107 Vll.
1372 1066 1513 1107 104³&
1551 1060 1622 1105 ἀσ-

139 1133 308 1184 παλιεύς
337 1158 391 1164 —
421 1130 602 1179 ἅσπαλος
632 1137 671 1172 et
702 1131 918 1185 ἱππαλίδης
957 1130 1258 1184 quodammodo
1300 1142 1390 1171 eum
1430 1127 1624 1179 ἱππαλέος

142 1202 320 1246 conlerri
351 1188 502 1254 polest.
521 1198 558 1224 3⁰
614 1198 827 1240 Nonnullis
858 1199 1019 1238 illorum
1050 1197 1176 1237 verba
1208 1196 1400 1248 adjuncta
1429 1202 1524 1237 sunt
1553 1193 1622 1248 ἁρ-

138 1271 303 1319 παλίζω,
335 1266 554 1320 φυταλίζω,
587 1263 881 1317 σκινδαλαβίζω
913 1265 1000 1305 sive
1030 1259 1283 1303 σκινδαλεύω
1319 1274 1354 1303 V.
1387 1262 1622 1304 Schneider.

141 1337 192 1379 ad
231 1336 332 1376 Plat.
373 1333 455 1373 (Σίν.
497 1331 539 1371 Τ.
580 1331 606 1371 Ι.
641 1330 729 1371 100.
769 1336 807 1370 et
847 1331 1050 1382 adjectiva
1089 1324 1338 1381 ἁρπάλιμος,
1378 1325 1620 1381 φυτάλιμος,

138 1400 433 1456 praeeuntibus
465 1398 644 1449 propriis
664 1393 870 1448 ’Ἅρπαλος
901 1397 997 1447 (nisi
1026 1397 1283 1447 peregrinum
1304 1396 1386 1446 est)
1418 1391 1622 1443 Φύταλος,

141 1469 289 1522 quibus
321 1466 435 1518 paria
465 1463 666 1516 principia
696 1464 1000 1515 assignabimus
1032 1461 1247 1513 adjectivis
1278 1458 1481 1514 εἰδάλιμος
1499 1460 1623 1512 (εἰδα-

139 1535 200 1582 λίς
230 1530 345 1585 ὄρνις
372 1528 491 1577 ποιός
520 1529 636 1582 Hes.)
668 1526 862 1582 ἰδάλιμος,
894 1525 1169 1579 καρπάλιμος,
1199 1523 1444 1579 κυδάλιμος,
1475 1523 1624 1568 πευκά-

140 1604 276 1654 λιμος,
317 1608 422 1650 quae
462 1600 625 1637 veteres
668 1599 711 1635 ut
749 1596 789 1635 in
829 1594 999 1635 exordio
1032 1593 1112 1634 dixi
1144 1598 1183 1640 ς,
1218 1594 1252 1633 1.
1284 1593 1334 1632 ab
1365 1592 1516 1645 εἴόιμος
1546 1597 1622 1634 eto.

139 1668 341 1718 repetunt.
400 1664 444 1703 In
474 1662 559 1702 EM.
590 1661 683 1714 803,
715 1662 751 1701 3.
774 1658 1004 1713 φυτάλιμος
1035 1654 1168 1710 (παρὰ
1196 1653 1262 1710 τὸ)
1286 1656 1423 1711 φυτόν
1446 1656 1624 1713 φύτιμος

139 1731 209 1774 καὶ
235 1729 478 1784 πλεονασμῷ
509 1725 737 1780 φυτάλιμος
764 1724 832 1765 καὶ
864 1721 1111 1778 (μεταθέσει)
1143 1724 1398 1777 φυταλίμιος,
1434 1726 1474 1764 in
1505 1727 1622 1777 prin-

140 1800 248 1851 cipio
282 1795 513 1849 ponendum
544 1798 606 1834 est
637 1789 867 1846 φυτάλμιος
895 1791 1082 1843 idemque
1112 1791 1152 1831 in
1184 1791 1294 1831 exitu
1332 1795 1374 1830 ut
1411 1791 1453 1831 in
1484 1791 1623 1834 Schol.

140 1865 289 1906 Aesch.
320 1864 461 1914 Agam.
491 1860 584 1902 334.
614 1857 658 1900 ἐκ
686 1858 758 1912 τῆς
787 1855 944 1911 φύτλης
972 1858 1126 1910 γίνεται
1154 1853 1383 1910 φυτάλιμος
1410 1854 1478 1897 καὶ
1507 1871 1623 1910 μετα-

227 2012 288 2055 36)
325 2010 399 2044 Hoc
431 2012 545 2043 tamen
577 2002 706 2049 (lim)
742 2005 843 2050 alpha
875 2005 1078 2049 plerumque
1111 2006 1250 2048 longum
1295 2005 1419 2050 habet,
1462 2007 1621 2043 Acidalia

137 2069 264 2110 breve,
299 2066 493 2109 eademqne
520 2062 673 2095 Κιδαλία
701 2064 894 2096 nominatur
926 2071 945 2095 a
978 2061 1128 2093 κίδαλον
1170 2061 1317 2096 sortasse
1351 2067 1388 2097 ut
1420 2062 1620 2098 Boeckliius

137 2125 333 2167 suspicatus
360 2126 413 2157 est
440 2120 482 2154 ad
511 2118 608 2154 Pind.
639 2117 692 2151 Fr.
718 2117 758 2152 N.
788 2118 862 2161 136,
892 2118 969 2153 634.

227 2180 287 2221 37)
322 2176 417 2214 Πούς
448 2175 486 2208 τὸ
523 2172 702 2215 πηδάλιον
732 2173 849 2207 Sehol.
886 2172 983 2206 Pind.
1012 2172 1109 2206 Nem.
1134 2172 1190 2206 Vl.
1219 2173 1273 2208 94.
1309 2172 1433 2216 quibus
1463 2182 1619 2209 connexa

137 2239 215 2269 sunt
238 2233 357 2275 πῆδόν
381 2236 415 2267 et
439 2230 635 2272 ιῖπήδαλος.

225 2291 284 2333 38)
319 2289 380 2323 llis
408 2285 621 2323 conferenda
645 2281 812 2327 ἀσφαλής
834 2281 1050 2323 Ἀσφαλίων,
1081 2281 1225 2326 σιγηλός
1241 2283 1398 2325 Sigalion
1416 2281 1518 2326 alpha
1535 2292 1617 2317 cor-

136 2351 234 2392 replo
263 2350 299 2380 ut
323 2342 496 2389 πνιγηρός
519 2340 736 2384 Πιίγαλίων.
775 2337 953 2371 Bambalio
981 2336 1128 2373 sorlasse
1157 2349 1176 2373 a
1192 2341 1412 2383 βαμβαίνων
1434 2337 1616 2382 balbutire,

137 2402 229 2447 quod
257 2400 437 2441 Menagius
463 2400 496 2431 in
523 2396 639 2439 Origg.
667 2404 693 2428 s.
721 2393 824 2426 Babil
849 2397 883 2428 el
903 2393 1046 2427 Diezius
1067 2396 1257 2428 Grammae.
1284 2395 1343 2427 der
1358 2404 1489 2426 roman.
1508 2394 1616 2436 Spret-

137 2458 214 2491 chen
243 2457 267 2491 Ι.
293 2456 325 2492 8.
355 2465 431 2489 cum
456 2450 718 2487 romanensibus
742 2449 893 2489 babiller,
918 2448 1071 2481 bambino
1092 2453 1158 2483 ete.
1188 2453 1407 2492 componunt.
1456 2449 1617 2484 Notabile

138 2516 190 2548 est
208 2511 401 2555 unaie‘uw
425 2511 458 2543 in
486 2507 586 2551 Corp.
608 2507 715 2540 Inscr.
742 2514 774 2538 n.
799 2504 899 2540 2905.
919 2503 958 2537 E.
984 2504 1016 2538 4.
1037 2514 1098 2547 pro
1120 2504 1308 2547 Σιμαλίων
1327 2503 1482 2547 Alciphr.
1506 2503 1532 2538 Ῑ.
1559 2504 1614 2540 35.

136 2567 295 2613 (Σιμάλη
333 2568 438 2601 lnsor.
475 2574 507 2597 n.
538 2563 633 2598 1570.
669 2560 722 2604 h.)
748 2562 782 2595 et
804 2558 978 2603 ’ᾖιιαλὲων
1012 2559 1122 2593 Nonn.
1152 2558 1284 2594 XXXII.
1310 2559 1386 2595 234.
1416 2558 1617 2602 (Hucestt'nn‘

137 2624 251 2664 Quint.
281 2621 341 2655 111.
369 2621 445 2656 301.
476 2617 624 2654 sortasse
648 2617 842 2661 Ἤμαθίων
866 2614 1116 2659 scribendum.)

224 2676 283 2718 39]
320 2674 444 2719 ΛότῙος
466 2672 677 2717 Ὀρχαλίδης
700 2670 743 2704 ὃν
767 2669 910 2711 ἀλώπηξ
938 2671 1065 2702 οὔποτε
1091 2671 1201 2703 λείπει
1227 2671 1262 2703 in
1288 2669 1436 2704 Oraculo
1460 2669 1546 2704 Plut.
1573 2669 1615 2705 V.

132 2732 211 2775 Lys.
230 2729 343 2766 XXIX.
362 2729 509 2764 tortasse
536 2728 577 2763 ab
602 2728 712 2771 ὄρχος
736 2729 772 2761 ut
789 2726 933 2760 Theovr.
962 2726 987 2759 l.
1014 2727 1067 2762 48,
1097 2725 1240 2765 ἀλώπηξ
1259 2726 1313 2759 ἀμ’
1334 2726 1467 2769 ὄρχους
1489 2725 1610 2768 crong]
