1747 3005
95 283 137 323 in
165 283 295 335 prima
324 286 440 334 parte
471 281 620 323 deesse
650 282 835 335 exemplu
871 281 1039 322 alterius
1076 283 1314 336 diphthongi
1345 282 1570 338 Ἀγλαυρίς,

91 345 279 398 Ἰσαυρίς,
307 343 553 400 Ἐπιδαυρίς.
612 348 673 388 Ex
703 348 895 399 Hesychii
924 348 1060 388 vorbis
1091 350 1360 403 Μολουρίδας
1387 352 1572 405 βατραχί-

95 413 169 461 dag
199 418 370 465 apparet
401 414 461 453 sio
493 413 690 465 appellari
720 425 908 454 ranarum
938 413 1072 454 larvas
1104 416 1190 456 sive
1218 416 1572 469 foetusineffigia-

95 484 184 533 tos,
228 479 295 530 qui
327 479 493 530 proprie
524 481 686 531 γυρῐνοι
714 484 913 519 vocantur
942 476 1055 531 παρὰ
1091 476 1138 520 τὸ
1167 478 1297 533 γυρόν
1326 478 1373 522 τὸ
1403 496 1572 536 περιφε-

93 542 160 597 ρές
203 545 288 585 ΕΜ.
328 545 558 595 germanice
598 544 930 597 Ii'atclquappen‚
982 544 1253 599 nullm-otton,
1304 547 1355 587 ob
1401 549 1571 590 sormam

94 611 323 662 globosam.
374 609 514 661 Neque
546 621 628 649 non
659 611 743 649 veri
764 610 894 650 simile
917 615 979 650 est
1001 610 1186 652 locustae
1208 613 1387 664 speciem
1409 611 1573 664 postica

95 681 209 727 parte
239 675 454 725 globosam
486 677 541 715 ita
564 675 711 716 dictam
733 674 878 715 esse*3
908 687 994 716 eam
1026 677 1203 718 sortasse
1234 677 1282 718 de
1313 689 1392 730 qua
1422 679 1571 721 Suidas

94 741 272 792 loquitur
302 741 492 792 Μολυρίς
512 740 731 793 μολυρίὸος
758 736 930 793 ἡάκρίς,
963 753 1036 793 pro
1069 754 1149 794 quo
1184 743 1251 794 qui
1279 744 1473 795 μολουρίς
1501 756 1573 785 re-

95 810 270 858 ponunt,
302 817 384 845 non
415 808 681 847 meminerunt
712 808 880 858 primum
911 807 1168 849 rotundulam
1198 810 1338 849 vocari
1368 807 1574 862 κόλλυραν

95 876 135 912 et
164 867 420 922 κολλούριον,
463 878 541 912 tum
576 873 693 912 etiam
725 872 962 913 cicindelam
994 873 1208 925 dupliciter
1239 874 1316 915 dici
1345 872 1574 931 λάμπουρις

97 942 135 978 et
164 938 387 989 λαμπυρίς,
427 938 505 978 hoc
537 950 559 978 a
589 935 801 989 λαμπυρός
832 944 871 978 ut
904 940 953 979 ab
985 935 1164 991 ἁλμυράς
1194 936 1382 993 ἁλμυρίς,
1421 941 1519 983 illud
1549 955 1574 983 a

93 1001 329 1056 λάμπουρος
361 1008 400 1043 ut
432 1015 455 1043 a
484 1001 685 1054 κόλονρος
714 1000 903 1055 κόλουρις
932 1006 1065 1057 vulpis
1097 1016 1325 1056 cognomen
1355 1013 1573 1058 cognatum

96 1080 184 1109 cum
210 1069 427 1121 Μολουρίς
458 1064 480 1121 ἡ
511 1065 663 1121 κολοβὴ
691 1066 814 1122 λόγχη
851 1070 946 1110 Hes,
979 1072 1232 1111 commutatis
1264 1072 1392 1112 literis
1421 1063 1448 1113 a}
1477 1079 1516 1114 et
1536 1064 1574 1127 ᾗ

95 1140 138 1174 ut
167 1132 288 1187 μέλας
317 1131 514 1184 κελαινός,
553 1132 800 1187 μινύρεσθαι
829 1134 897 1176 καὶ
924 1134 1168 1189 κινύρεσθαι
1197 1133 1243 1177 τὸ
1270 1140 1441 1190 θρηνεῖν
1470 1140 1574 1180 Am-

95 1211 202 1241 mon.
232 1197 425 1253 μολούειν
452 1198 653 1250 κολούειν,
685 1202 836 1242 Κολεῖν
865 1199 1000 1242 ἐλθεῖν
1029 1203 1124 1243 Hes.
1154 1202 1193 1243 id
1225 1207 1288 1243 est
1316 1206 1466 1256 μολεῖν,
1497 1219 1574 1245 κο-

92 1264 236 1318 λόβρια
256 1267 339 1306 τῶν
359 1261 514 1317 ἀγρίων
533 1261 622 1306 ὑῶν
642 1263 692 1306 τὰ
709 1264 792 1318 νέα,
825 1267 865 1307 οἱ
888 1265 930 1307 δὲ
948 1265 1146 1320 μολόβρια
1167 1269 1375 1320 Aristoph.
1401 1269 1571 1311 Gramm.

94 1342 158 1383 ap.
188 1332 302 1372 Eust.
336 1332 452 1384 1817,
483 1332 548 1372 20.
584 1329 715 1384 κήρυξ
744 1345 896 1374 murex.
945 1335 1136 1374 Attamen
1165 1334 1392 1386 λαμπουρίς
1419 1335 1573 1376 Eusta-

94 1397 201 1437 thius
233 1396 350 1448 1571,
383 1397 446 1438 26.
488 1409 576 1438 cum
605 1398 832 1451 πυρσουρίς
870 1403 1080 1451 comparat
1120 1404 1309 1451 tanquam
1348 1404 1573 1455 oxytonon,

93 1462 298 1514 quomodo
331 1463 609 1514 compluribus
640 1464 744 1504 locis
776 1465 972 1516 scriptum
1004 1469 1066 1505 est
1097 1470 1138 1504 ut
1171 1465 1412 1517 μελανουρίς
1443 1467 1571 1517 piscis

92 1539 241 1568 nomen
272 1528 391 1569 Anth.
425 1530 485 1570 VI.
516 1530 608 1570 304.
653 1534 693 1570 et
723 1531 944 1580 σαννουρίς
974 1530 1069 1570 Hes.
1103 1536 1442 1583 proparoxytona
1471 1543 1569 1572 vero

92 1591 291 1646 μάλουρις
312 1595 405 1635 Hes.
423 1593 672 1648 γλαύκουρις
694 1597 748 1648 (si
770 1596 915 1636 mendo
939 1598 1069 1648 caret)
1092 1596 1228 1637 Galen.
1243 1596 1343 1647 Eup.
1365 1597 1409 1637 II.
1429 1597 1571 1650 o‚425.

95 1659 137 1700 T.
168 1659 268 1700 XIV.
297 1657 490 1712 μύζουρις
522 1666 559 1702 et
590 1662 794 1713 ἵππουρις,
827 1663 913 1701 sive
944 1662 1023 1701 hoc
1046 1662 1214 1701 caudam
1235 1663 1421 1714 equinam
1441 1663 1571 1714 signi-

93 1725 186 1765 sicat
229 1726 315 1765 sive
358 1727 566 1778 epitheton
598 1731 661 1768 est
701 1727 844 1778 galeae
881 1726 945 1766 'vel
981 1727 1157 1778 plantae.
1175 1728 1216 1751 4⁴
1261 1728 1573 1781 Κυνοςουρίδος

93 1788 246 1843 ἄρκτου
276 1791 422 1842 legitur
453 1791 628 1833 Manetli.
660 1792 704 1833 II.
735 1793 798 1833 24.
830 1793 869 1834 P.
903 1793 1044 1833 Silent.
1070 1793 1195 1844 Soph.
1227 1794 1271 1834 ΙΙ.
1303 1793 1395 1835 498.
1426 1794 1571 1847 bisque

92 1858 147 1898 ita
174 1858 444 1897 Buttmaunus
475 1857 581 1909 apud
601 1859 768 1898 Aratum
801 1858 923 1898 edidit
957 1870 991 1899 v,
1013 1857 1101 1899 181.
1132 1858 1222 1899 225.
1278 1859 1450 1900 Vossius
1473 1872 1571 1901 vero

93 1927 258 1975 gravat,
300 1934 376 1963 nec
407 1925 646 1975 conspirant
676 1924 773 1964 Edd.
804 1925 930 1965 Paris.
964 1929 1000 1964 et
1028 1924 1151 1965 Basil.
1184 1924 1438 1967 Gentilicium
1469 1939 1572 1979 pro-

94 1992 383 2040 paroxytonon
424 1993 486 2029 est
523 1989 555 2028 J.
588 1989 684 2040 Lyd.
716 1989 764 2030 de
793 1990 921 2031 Mens.
953 1990 1014 2031 IV.
1050 1989 1087 2043 2,
1120 1990 1208 2031 125.
1239 1991 1368 2043 (288.)
1401 1998 1571 2034 contra—

93 2055 194 2094 rium
218 2065 281 2105 ap.
302 2055 455 2096 Gallim.
477 2060 519 2095 ut
541 2056 798 2107 Κυνοςουρίς
821 2060 860 2096 et
886 2055 1152 2106 Λυκοςουρίς.
1194 2057 1423 2098 Secundum
1445 2071 1570 2111 prae-

95 2124 256 2173 ceptum
286 2120 365 2161 hoc
396 2125 477 2161 est:
514 2116 771 2174 Ἡρωδιανός
808 2130 910 2175 φησι
946 2118 997 2160 τὰ
1025 2120 1080 2168 εἰς
1109 2112 1176 2174 §E
1201 2123 1301 2174 (scr.
1328 2115 1439 2177 ἷρῗς)
1470 2120 1573 2174 ὀξύ-

189 2264 250 2306 43)
284 2263 424 2308 Utrique
460 2275 641 2300 commune
675 2274 798 2299 nomen
832 2266 969 2300 Μανιίς
1004 2261 1021 2295 ὁ
1056 2261 1095 2295 ἐν
1127 2266 1202 2300 τοῖς
1239 2263 1365 2304 κήποις
1388 2263 1573 2309 βάτραχος

95 2319 155 2351 καὶ
182 2317 279 2355 ιῖδος
306 2318 465 2363 ιέκρίιῖος,
492 2320 581 2356 haec
607 2331 625 2354 a
650 2320 771 2364 speeie
798 2323 832 2353 ut
858 2321 970 2363 ajunt;
999 2328 1079 2352 rana
1108 2320 1252 2355 arborea
1276 2321 1350 2356 sive
1379 2321 1457 2364 hyla
1481 2323 1569 2355 viri-

96 2373 149 2408 dis
176 2377 392 2417 tempestatis
419 2378 601 2419 praesagia
624 2376 740 2411 habet.

184 2441 243 2483 44)
279 2441 465 2484 Ιίοθοῦριμ
499 2441 667 2474 ἀλώπεκα
703 2442 785 2477 lles.
827 2445 971 2476 accentu
1014 2440 1183 2483 ambiguo.
1239 2441 1362 2476 Sciens
1398 2443 1571 2477 transmisi

95 2504 220 2531 nomen
246 2495 338 2530 urbis
364 2495 563 2541 Μούζουρις
592 2507 653 2541 pro
686 2507 753 2540 quo
782 2507 871 2530 nunc
908 2499 941 2530 in
969 2497 1108 2530 Luciun.
1144 2497 1229 2530 llist.
1257 2497 1287 2536 §.
1315 2497 1368 2532 31.
1399 2496 1571 2541 Μυύζιρις

97 2549 225 2585 editum
252 2559 316 2592 est,
340 2551 502 2595 Ὄλουριν
526 2551 542 2593 ἢ
563 2553 732 2595 Ὄλουρον
756 2552 866 2585 Strab.
889 2553 980 2586 Vlll.
1002 2553 1078 2588 350.
1100 2552 1289 2595 ὀλουριίἵιις
1315 2551 1411 2588 εἶδος
1435 2551 1572 2597 κόγχης

95 2605 178 2640 Hes.
206 2609 241 2640 et
267 2606 394 2641 herbae
423 2607 569 2652 ὅνουριν
596 2608 713 2641 Diosc.
743 2607 797 2641 IV.
830 2607 902 2643 116.
931 2608 1022 2650 quod
1049 2608 1239 2651 61¹0·'l·ont';
1264 2607 1422 2642 scribitur
1448 2607 1569 2644 Galen.

95 2662 214 2704 Simpl.
241 2661 357 2704 Temp.
385 2662 475 2697 Vlll.
506 2664 557 2706 15,
582 2663 638 2700 89.
664 2663 700 2697 T.
728 2663 799 2697 ΧΙΙ.
837 2667 871 2698 et
905 2663 1033 2706 duplici
1070 2664 1158 2699 adeo
1199 2666 1343 2699 accentu
1378 2662 1572 2707 ὀνόθουρίν

96 2711 190 2751 Paul.
216 2716 305 2759 Aeg.
332 2717 403 2751 Vll.
429 2718 507 2753 249.
