1731 3021
107 142 199 184 240
565 143 1002 187 DISSERTATIO
1050 146 1112 186 IV.

111 249 250 305 βόντες
278 249 375 301 τούς
404 250 711 308 διαφθαρέντας
739 251 924 306 πύργους
964 256 1048 301 τοῖς
1090 251 1133 294 ἐκ
1171 255 1253 295 τῶν
1281 252 1426 308 τάφων
1455 255 1587 305 λίθοις

119 315 395 374 Τνμβοσύνην
422 315 469 360 τὸ
498 323 627 373 τεῖχος
654 317 868 371 ἐκάλεσαν,
899 321 979 361 hoe
1009 324 1074 362 est
1103 322 1390 374 sepulcretum.

703 463 782 504 (JA
798 464 845 504 P.
902 463 993 505 Vll.

620 558 695 600 De
730 556 1068 614 affectionibus.

223 655 262 699 §.
285 650 320 692 1.
369 652 429 692 De
458 653 682 694 mutatione
712 653 931 706 literarum,
962 664 983 693 e
1006 652 1153 705 quibus
1183 651 1285 692 haec
1307 654 1471 693 constat
1500 655 1587 694 ter-

112 718 303 770 minatio,
340 717 533 769 loquutus
564 730 653 759 sum
683 720 850 771 saepius
885 718 959 759 sed
998 719 1147 759 cursim
1177 721 1216 758 et
1248 717 1442 770 abrupte3
1480 730 1588 761 nuno

111 794 313 835 exponam
335 783 611 836 articulatius,
643 795 690 824 ao
717 785 886 835 primum
916 784 964 824 de
984 784 1119 824 vocali
1141 784 1437 824 terminationis
1458 785 1589 836 prima

112 852 283 900 ejusque
313 848 378 887 vel
409 848 543 899 ellipsi
571 849 635 889 vel
666 849 930 901 pleonasmo,
961 853 1043 890 tum
1082 849 1130 890 de
1168 851 1317 890 ceteris
1359 850 1584 892 elementis.

110 915 170 955 De
201 913 322 965 alpha
351 913 472 963 igitur
501 913 603 954 liaeo
635 918 696 954 est
723 914 1016 954 Teolmioorum
1047 917 1270 956 sententia:
1303 911 1384 956 ἀπὸ
1413 916 1489 955 τοῦ
1518 916 1586 964 ψῶ

109 975 288 1028 ψεὸανός
316 976 383 1018 καὶ
413 975 457 1019 ἐν
485 981 672 1033 συγκοπῇ
701 976 851 1026 ψεδνός
888 974 943 1026 ὡς
981 979 1210 1033 μηκεὸανός
1236 978 1436 1033 μακεόνός
1466 981 1583 1022 Eust.

110 1046 203 1099 207,
233 1044 297 1086 22.
334 1040 416 1084 ἀπὸ
445 1046 520 1085 τοῦ
550 1042 660 1098 κήδω
691 1042 871 1098 κηόανός
899 1043 967 1085 καὶ
996 1044 1139 1093 κεόνός
1170 1048 1286 1100 1421,
1317 1047 1381 1087 22.
1414 1044 1586 1099 ἔστυγον

109 1107 311 1163 στυγανός
357 1108 427 1151 καὶ
462 1108 507 1151 ἐν
544 1113 732 1165 συγκοπῇ
770 1108 943 1163 στυγνός
980 1111 1066 1152 ΕΜ.
1098 1111 1197 1165 731,
1235 1112 1300 1154 26.
1339 1108 1438 1153 οὐδὲ
1473 1110 1520 1153 τὸ
1557 1114 1585 1153 ἆ

109 1174 414 1230 συγκόπτεσθαι
444 1173 580 1228 ξένον,
622 1174 702 1217 ἐπεὶ
743 1174 876 1224 οὕτως
914 1175 989 1229 ἔχει
1025 1172 1071 1216 τὸ
1104 1174 1335 1229 σπάργνον,
1374 1176 1421 1219 τὸ
1451 1176 1584 1230 ἕδνον,

107 1241 155 1285 τὸ
193 1241 339 1284 τέκνον
374 1244 566 1295 Apollon.
599 1244 712 1294 Synt.
744 1244 806 1284 IV.
839 1243 901 1296 12,
932 1242 1053 1283 3341
1112 1243 1253 1295 Neque
1293 1244 1425 1285 solum
1464 1246 1585 1298 alpha

110 1311 283 1364 simplex
320 1309 406 1350 tolli
445 1309 695 1350 contendunt
732 1309 806 1350 sed
842 1310 962 1350 etiam
1002 1311 1263 1360 conjunctum
1299 1306 1586 1363 ἡθεράπαινα

108 1374 212 1417 κατὰ
240 1371 454 1428 συγκοπὴν
482 1373 669 1428 θεράπνη
700 1375 792 1416 Soh.
813 1375 946 1426 Apoll.
976 1375 1002 1415 I.
1035 1375 1153 1416 70¹6.2
1198 1376 1372 1427 Epsilon
1403 1376 1585 1428 adjimgit

111 1443 246 1485 Schol.
276 1443 394 1483 Dion.
425 1440 596 1482 Gramm.
631 1440 747 1482 1137.
785 1437 902 1493 τέχνη
939 1437 1051 1491 παρὰ
1088 1436 1134 1480 τὸ
1173 1438 1355 1493 τευχάνω
1395 1442 1584 1495 συγκοπῇ

107 1508 176 1550 καὶ
205 1504 368 1561 ὑφέσει·
406 1503 457 1547 τὰ
493 1503 571 1560 γὰρ
608 1506 662 1554 εἰς
697 1497 751 1559 ν-ι]
786 1503 964 1559 λήγοντα
1001 1504 1316 1559 προηγουμένου
1353 1504 1584 1560 συμφώνου

107 1577 244 1616 πᾶσαν
282 1570 405 1627 φύσει
441 1570 604 1626 μακρὰν
643 1568 970 1625 ἀποστρέφονται
1005 1570 1128 1624 χωρὶς
1157 1573 1190 1613 εἰ
1217 1568 1271 1625 μὴ
1303 1568 1384 1613 ἀπὸ
1418 1570 1584 1621 πάθους

106 1642 166 1694 εἴη
195 1636 249 1688 ὥς
277 1636 460 1691 πλήμνη,
493 1635 702 1691 στρώμνη,
734 1639 907 1691 ποίμνη,
948 1634 1029 1677 ἀπὸ
1058 1639 1131 1677 τοῦ
1161 1635 1314 1690 πλήμη,
1358 1635 1582 1692 στρωμένη,

105 1703 288 1759 ποιμένη.
331 1705 406 1745 Hie
437 1709 476 1746 et
508 1704 645 1746 Schol.
668 1703 754 1744 Nic.
778 1704 847 1744 Th.
867 1704 931 1745 30.
962 1699 1107 1756 ιάμνός
1135 1703 1185 1744 ab
1216 1700 1360 1757 ιάμένη
1390 1705 1478 1745 Sive
1507 1704 1585 1745 εἰα-

106 1770 206 1827 μένη
235 1772 370 1813 fiotum
401 1771 509 1811 dioit.
559 1769 793 1821 Eademque
825 1770 1012 1810 exaeresi
1043 1771 1164 1811 etiam
1193 1770 1279 1810 iota
1310 1770 1419 1824 tolli,
1458 1784 1584 1811 πυκι-

106 1836 178 1887 νός
208 1834 365 1885 πυκνός
383 1836 470 1877 EM.
498 1835 590 1888 696,
620 1835 657 1875 4.
690 1832 864 1887 πυρινός
892 1832 1051 1888 πύρνος
1080 1836 1167 1877 slve
1196 1832 1359 1888 πύρνον
1389 1837 1481 1878 Soh.
1506 1836 1580 1879 Od.

106 1906 189 1947 XV.
220 1903 312 1945 312.
344 1902 491 1943 Athen.
526 1901 615 1942 114.
648 1901 693 1941 D.
724 1901 792 1941 ubi
824 1906 1047 1952 oxytonum
1078 1905 1153 1943 est.
1203 1901 1284 1943 Sed
1323 1901 1372 1942 de
1409 1900 1583 1956 τευχάνη

105 1969 321 2012 intercedit
342 1967 662 2009 Choeroboscus
694 1967 733 2005 in
755 1967 848 2007 Seli.
870 1968 987 2009 Dion.
1009 1967 1033 2008 l.
1058 1978 1090 2008 0.
1120 1963 1237 2020 τέχνη
1262 1979 1286 2007 a
1306 1967 1432 2008 verbo
1453 1964 1582 2019 τεύχω

105 2041 299 2088 repetens
336 2034 441 2075 siout
473 2034 565 2075 Soli.
596 2033 638 2073 ΙΙ.
669 2032 768 2074 XIV.
799 2032 891 2075 351.
921 2030 1128 2084 θαλπνός,
1166 2030 1357 2085 τερπνός,
1395 2030 1584 2081 στιλπνός

107 2103 197 2144 sine
226 2100 309 2140 ulla
339 2100 509 2151 ambage
549 2099 599 2140 ad
629 2096 777 2139 θάλπω
817 2103 893 2140 eto.
931 2099 1100 2152 reducit,
1140 2109 1348 2150 saepeque
1388 2098 1456 2138 alii
1494 2103 1582 2139 ter-

106 2167 369 2209 minationem
398 2162 486 2205 23—
516 2165 811 2205 vooahulorum
841 2165 1040 2217 stirpibus
1083 2164 1326 2216 agglutinari
1357 2163 1579 2218 declarant,

106 2230 274 2286 στερῤός
301 2228 470 2284 στέρνον
499 2231 585 2271 ΕΜ.
617 2226 752 2278 ἆϊὸνές
778 2227 882 2272 κατὰ
910 2227 1169 2282 πλεονασμὸν
1196 2230 1272 2270 τοῦ
1301 2219 1332 2270 ὗ
1362 2230 1455 2271 Son.
1484 2231 1579 2272 Hes.

197 2421 232 2462 1)
258 2419 365 2454 Addit
389 2418 426 2451 τὸ
456 2417 603 2456 δάκνον,
644 2416 681 2450 zo
704 2417 968 2461 Ἷίριχθονίὸαι.
1016 2418 1080 2452 l'rO
1106 2418 1165 2451 illo
1190 2416 1411 2452 scribendum
1438 2420 1490 2452 est
1516 2415 1578 2449 (512-

105 2489 189 2513 κνω,
217 2475 309 2520 quod
335 2485 377 2511 ex
403 2472 577 2518 δαγκάινω
606 2473 794 2511 [concisum
833 2482 913 2507 esse
939 2473 997 2507 alii
1023 2473 1170 2507 tradunt.
1221 2472 1422 2508 Ceterorum
1459 2472 1579 2507 crebra

107 2536 159 2566 est
185 2532 330 2566 mentio:
358 2529 458 2574 παρὰ
484 2528 521 2562 ro
549 2527 623 2569 ἥὸω
650 2527 787 2568 ἥδάνον
810 2528 871 2561 καὶ
897 2527 1004 2561 ἕδνον
1028 2528 1102 2562 EM.
1130 2529 1206 2571 316,
1233 2529 1288 2563 41.
1318 2527 1418 2573 παρὰ
1452 2527 1491 2560 τὸ
1525 2529 1576 2561 τέ-

105 2599 155 2619 mo
183 2589 332 2619 [ἐκαινον
356 2586 417 2618 καὶ
442 2587 568 2619 τέκνον
596 2585 673 2627 750,
698 2584 752 2619 20.

191 2652 228 2695 2)
265 2652 323 2686 Sto
355 2651 559 2694 Mitylenaei
592 2650 728 2686 Belonii
763 2649 976 2694 temporibus
1010 2647 1221 2693 σφύραιναν
1251 2650 1385 2692 piscem
1410 2647 1579 2693 σφύρναν

105 2707 324 2752 appellabant
348 2716 379 2741 v.
407 2706 459 2742 Du
488 2706 594 2750 Cang.
622 2705 718 2740 Acna
742 2707 816 2741 sive
843 2715 954 2741 acnua
978 2715 1022 2742 ex
1046 2705 1181 2738 ι’έκαιιά
1207 2708 1430 2740 contractum.
