1699 3021
304 177 373 220 DE
403 176 524 219 MUT.
555 173 762 217 TERMIN.
792 173 991 217 CAUSIS.
1039 174 1081 217 C.
1101 174 1128 216 1.
1169 179 1206 223 5.
1228 176 1264 217 4.
1459 176 1511 218 15

48 289 231 344 pluribus
260 286 457 338 exemplis
487 284 690 337 persequi.
745 279 968 335 Σμάραγος
998 283 1134 324 Schol.
1164 283 1206 324 11.
1236 283 1280 324 11.
1311 283 1403 325 463.
1433 283 1511 325 ba-

48 360 237 407 rytonum
271 356 334 393 est
368 363 418 392 ex
445 350 585 402 regula
614 361 650 389 v.
671 350 764 390 Arc.
785 360 821 400 p.
841 348 905 389 47.
936 348 1010 389 sed
1036 345 1236 402 σμαραγή,
1266 349 1361 389 11061
1381 349 1512 399 signi-

47 420 182 461 ficatio
210 418 308 459 nihil
337 417 555 468 discrepet,
586 418 807 465 oxytonum
835 414 876 453 in
907 413 1068 455 Rhetor.
1101 414 1240 455 Graec.
1272 414 1396 455 T.111.
1419 413 1512 455 580.

48 489 89 526 et
125 484 217 526 598.
256 488 331 524 etc.
372 481 622 523 characteris
658 490 785 520 causa
822 483 864 519 ut
904 474 1080 532 ἀλλαγή,
1127 475 1293 532 τιναγή,
1341 476 1511 532 χαραγή.

46 550 285 591 Ε115131.111115
304 560 341 600 p.
361 547 454 600 351,
474 547 510 587 2.
542 550 582 586 et
607 557 645 597 p.
669 545 762 597 880,
781 543 844 586 28.
876 555 946 584 cur
974 543 1136 597 κολώνη
1166 544 1370 585 diversum
1396 555 1419 584 a
1444 557 1513 584 κο-

45 611 178 662 λωνός
199 618 410 654 300611111111
431 611 648 663 acceperit,
679 609 828 661 duplici
857 610 1016 650 ratione
1037 610 1173 662 solvit,
1204 614 1272 649 aut
1298 610 1392 661 quia
1411 620 1514 661 pro-

48 681 178 734 prium
207 679 261 719 sit
290 682 359 718 3111
390 677 441 717 ob
473 677 761 716 characterem.
818 674 919 714 Illud
948 675 1103 715 valeret
1133 674 1283 726 aliquid
1313 676 1349 715 si
1379 675 1514 715 solum

47 749 206 787 extaret
234 743 443 795 proprium
473 737 669 793 Κολώνη,
717 739 791 781 sed
822 740 964 780 eodem
993 741 1114 781 modo
1145 741 1337 782 scribitur
1365 739 1513 792 appel-

47 811 223 851 lativum.
281 809 421 859 Itaque
460 807 597 858 potior
637 809 700 846 est
738 805 866 845 altera
903 806 1031 857 rati03
1079 817 1169 847 nam
1206 816 1310 858 quae
1349 806 1390 845 in
1425 797 1514 860 ‹so—1172

48 880 197 917 exeunt
226 873 558 925 hyperdisyllaba
586 871 790 922 barytona
818 875 911 911 sunt
939 875 1102 922 praeter
1123 871 1330 912 domorum
1348 873 1514 914 nomina

47 936 212 991 Αἱξωνή
244 943 283 978 61
314 938 565 978 affinitatium
594 933 737 988 υἱωνή.
794 937 847 976 At
879 942 920 976 ut
949 934 1104 985 στελεός
1134 942 1173 978 61
1203 934 1338 977 στελεά
1367 949 1513 990 quam-

47 1007 110 1047 vis
136 1004 301 1045 ‘diversa
329 1005 502 1041 accentu
530 1006 723 1041 notentur
753 1001 907 1054 codem,
936 1004 1104 1054 propria
1130 1003 1341 1054 utriusque
1372 1004 1514 1044 termi-

47 1071 158 1111 natio
191 1068 338 1122 poscit.
393 1066 694 1107 Antidiastolae
725 1076 851 1105 031153
879 1062 1040 1119 ἁρπάγη
1067 1067 1282 1108 scribimus
1303 1070 1337 1109 51
1357 1069 1514 1110 11151111-

47 1141 224 1177 mentum
253 1134 455 1174 hamatum
485 1131 704 1184 significat,
734 1127 897 1185 ἁρπαγή
929 1133 963 1172 si
993 1137 1163 1185 raptum,
1194 1136 1236 1172 ut
1265 1131 1448 1187 πλατάγη
1478 1137 1514 1176 si

50 1199 339 1253 crepitaculum
368 1197 483 1239 Diod.
514 1197 576 1238 IV.
609 1197 670 1238 13.
698 1194 881 1250 πλαταγὴ
914 1199 948 1238 51
979 1198 1175 1250 crepitum
1206 1209 1240 1239 v.
1269 1198 1433 1241 Jacobs.
1463 1201 1514 1242 ad

49 1266 168 1308 Anth.
197 1265 239 1306 P.
261 1275 299 1316 p.
320 1263 411 1305 862.
443 1263 659 1314 Goettling.
690 1262 739 1303 de
767 1265 864 1304 Acc.
897 1263 985 1305 159.
1015 1264 1079 1304 vel
1109 1266 1202 1316 quia
1234 1264 1338 1305 hami
1367 1277 1516 1309 nomen

50 1341 305 1387 paronymon
335 1334 397 1370 est
419 1331 512 1369 Arc.
534 1328 623 1369 102.
656 1329 705 1369 ab
726 1326 920 1381 ἅρπαγος,
952 1340 1070 1381 quem
1090 1330 1379 1372 nominativum
1401 1333 1516 1374 affert

49 1398 190 1439 Aelius
218 1395 441 1445 Dionysius
470 1394 656 1436 Eustath.
688 1395 804 1448 1390,
825 1395 889 1436 52.
935 1394 1021 1434 Nec
1050 1405 1143 1435 raro
1174 1395 1380 1438 dubitatur
1409 1398 1515 1440 unde

50 1462 226 1516 quidque
256 1464 387 1501 ortum
417 1460 481 1501 sit.
546 1459 786 1500 Eustathius
823 1460 874 1501 ad
904 1460 1020 1500 Dion.
1051 1459 1142 1501 566.
1179 1459 1416 1515 κοινότερον
1442 1462 1517 1517 μὲν

49 1525 236 1579 ὀξύνεται
262 1522 309 1566 τὸ
337 1522 498 1578 παταγή
527 1520 584 1572 ὥς
610 1522 657 1565 τὸ
686 1521 886 1579 ἀλαλαγή·
936 1521 960 1566 ὁ
996 1522 1039 1565 δὲ
1060 1521 1318 1577 Ἡρωδιανὸς
1345 1527 1515 1583 βαρύνει

47 1592 177 1648 λέγων
206 1589 267 1634 ὅτι
296 1587 374 1633 οὐκ
402 1588 446 1631 ἐκ
472 1591 547 1631 τοῦ
575 1588 770 1632 πατάσσω
790 1594 961 1645 γίνεται·
992 1587 1170 1640 ὠξύνετο
1198 1591 1276 1646 γὰρ
1306 1592 1359 1635 ἂν
1386 1592 1442 1645 ὡς
1467 1594 1515 1638 τὸ

48 1656 229 1712 &ital-ayt}
259 1654 339 1698 ἀλλ’
372 1653 454 1697 ἀπὸ
483 1657 559 1697 τοῦ
587 1654 780 1710 πάταγος,
812 1650 864 1698 οὗ
891 1654 938 1698 τὸ
966 1653 1154 1710 θηλυκόν
1182 1654 1207 1711 ἡ
1236 1658 1406 1716 πατάγη.
1463 1663 1517 1705 Et

52 1725 189 1769 Schol.
217 1723 268 1765 ad
296 1723 333 1764 h.
362 1722 386 1763 l.
415 1719 575 1776 παταγὴ
605 1723 668 1763 δεῖ
693 1719 872 1772 ὀξύνειν·
916 1723 956 1764 οἱ
983 1722 1027 1764 δὲ
1055 1722 1299 1777 βαρύνοντες
1326 1724 1516 1779 παρώνυ-

49 1806 130 1846 μον
156 1787 382 1842 ἐξεὸέχοντο
408 1789 481 1828 τοῦ
507 1785 707 1840 πάταγος,
744 1789 929 1830 similiter
959 1794 1002 1829 ut
1029 1787 1139 1842 πάγη
1169 1802 1423 1843 paronymon
1451 1793 1516 1835 di-

51 1859 156 1899 citur
191 1856 268 1896 τοῦ
303 1850 434 1906 πάγος
469 1854 678 1895 Α10.1Ο4.
720 1857 836 1906 cujus
873 1854 995 1907 longe
1041 1855 1120 1895 alia
1159 1860 1222 1896 651
1261 1857 1515 1908 significatio.

48 1923 134 1965 Has
163 1921 283 1972 igitur
315 1923 355 1960 et
387 1918 619 1971 hujusmodi
645 1921 908 1974 antinomias,
940 1921 1086 1972 quibus
1117 1926 1313 1962 accentus
1342 1924 1516 1964 canoni-

51 1998 124 2029 cus
161 1988 412 2039 immutatur,
458 1989 620 2026 veteres
661 1986 851 2026 Technici
887 1986 975 2027 sine
1006 1985 1128 2026 dubio
1159 1997 1241 2027 non
1271 1990 1516 2039 praetermi-

49 2056 211 2106 serunt,
248 2062 401 2103 easque
431 2051 540 2092 clare
573 2051 695 2092 nobis
727 2055 767 2092 et
794 2051 969 2092 enodate
997 2055 1252 2104 exponerent
1280 2053 1358 2094 nisi
1387 2053 1516 2096 libra—-

51 2120 202 2161 riorum
226 2112 437 2170 Ἐριννύες
464 2114 634 2169 ἔσχεθον
663 2112 805 2170 αὐδήν.

160 2189 199 2232 §.
227 2183 265 2224 4.
325 2183 368 2224 Si
399 2184 522 2234 igitur
549 2183 627 2236 illi,
667 2184 734 2236 qui
773 2185 985 2223 accentum
1024 2193 1113 2223 cum
1149 2183 1447 2235 significatione
1477 2189 1518 2226 et

51 2250 281 2292 consistere
311 2252 352 2290 et
381 2249 628 2290 commoveri
656 2249 884 2301 voluerunt,
915 2248 966 2288 ad
995 2259 1160 2289 causam
1185 2248 1395 2290 dicendam
1415 2261 1519 2291 evo-

52 2318 253 2368 carentur,
282 2318 376 2355 ante
407 2315 543 2366 omnia
571 2314 766 2355 librorum
796 2325 962 2355 suorum
993 2318 1340 2366 conquererentur
1364 2319 1520 2358 sortem

50 2381 240 2433 iniquam,
278 2390 451 2432 quorum
479 2379 690 2432 multiplici
721 2380 984 2432 corruptione
1016 2381 1165 2420 sactum
1196 2391 1291 2421 esse
1321 2385 1364 2421 ut
1394 2392 1520 2434 prae-

53 2447 264 2499 ceptiones
301 2456 402 2487 suae
447 2456 646 2498 nusquam
694 2457 777 2487 non
824 2446 937 2487 hiare
985 2449 1025 2486 et
1071 2446 1264 2488 fatiscere
1307 2446 1521 2489 videantur

53 2611 121 2648 Sed
146 2612 241 2661 χρόα
265 2612 308 2647 ob
334 2611 472 2655 ellipsin
500 2612 633 2655 gravari
659 2611 743 2646 dicit
766 2622 798 2654 p.
827 2611 907 2653 100,
938 2611 989 2646 12.
1039 2611 1081 2646 Et
1113 2612 1189 2655 quis
1221 2612 1370 2655 spondet
1401 2611 1520 2656 φθοιιὶ

54 2676 224 2711 nunquam
246 2667 373 2701 dictum
398 2668 504 2703 esse?
543 2665 640 2707 Χλόη
667 2670 701 2702 et
723 2666 825 2711 pair„
853 2666 976 2709 quibus
1002 2667 1190 2702 masculina
1211 2666 1382 2711 adjacent,
1408 2676 1521 2702 rerum

56 2726 132 2757 sunt
155 2722 323 2758 vocabula
348 2722 500 2767 ideoque
529 2722 727 2765 1131110113..
