1747 3005
275 154 344 196 DE
374 152 500 196 NOM.
531 150 749 202 QUORUM
779 149 928 192 CHAR.
958 149 1058 191 EST
1089 148 1261 192 SIGMA.
1305 150 1346 193 C.
1367 151 1431 194 111.
1501 152 1584 199 431

111 264 192 304 νῦν
220 260 398 314 Κάβασα
430 261 565 303 Sohol.
595 261 638 302 Il.
667 259 768 301 XIII.
791 258 883 300 363.
916 255 1190 310 Σαγάλασσος
1217 256 1369 313 λέγεται
1396 259 1467 303 καὶ
1485 259 1584 304 Σέλ-

109 337 261 382 γησσος
291 328 427 380 Steph.
459 328 509 367 os.
542 325 714 367 Ellendt.
745 323 796 365 ad
825 324 983 365 Arrian.
1015 324 1042 365 I.
1073 324 1137 378 28,
1168 325 1206 366 3.
1265 327 1301 366 A
1332 326 1512 380 thermis,
1542 333 1585 369 ut

110 394 288 447 videtur,
330 394 492 433 ductum
523 392 684 433 Cereris
724 400 950 441 cognomen
985 390 1192 441 Θερμασία
1229 391 1350 432 Paus.
1379 393 1424 433 II.
1452 393 1518 446 34,
1547 394 1584 435 6.

111 465 150 500 et
183 460 244 500 12.
274 460 314 499 in
345 460 458 499 libris
497 457 702 497 nonnullis
738 455 943 507 Θερμησία
973 457 1170 508 scriptum
1201 462 1283 506 est,
1326 458 1585 510 improbante

112 525 343 566 Siebelisio.
402 524 634 574 Lycaoniae
674 533 802 573 pagus
834 523 873 561 in
905 521 1121 562 Strabonis
1152 522 1266 563 libris
1298 520 1586 574 Κορόπασσος,

109 591 150 630 in
189 590 359 630 nummis
401 585 663 639 Κορόπισσος
701 591 872 627 vocatur
908 598 942 627 v.
979 586 1144 628 Eckhel.
1180 588 1319 629 Doctr.
1351 588 1392 629 T.
1424 589 1487 630 III.
1517 589 1584 632 30.

111 656 282 705 (omiss.
321 655 360 695 in
403 655 540 705 Thes.)
582 653 715 705 Alpha
762 653 801 692 in
840 652 1004 704 ypsilon
1056 653 1273 694 transiisse
1323 655 1586 696 consentiunt

112 720 366 761 Grammatioi
398 720 638 771 adjectivum
668 714 910 768 ὄιαπρύσιος
940 717 1043 759 idem
1069 718 1204 759 valere
1226 723 1455 760 statuentes
1476 719 1586 772 quod

110 782 425 836 ὁιαπορεύσιμος
464 785 529 824 vel
567 781 854 834 ὁιαπεράσιμος
886 783 1022 824 801101.
1053 784 1094 824 II.
1126 784 1223 826 VIII.
1254 784 1345 826 227.
1374 784 1457 826 XII.
1487 785 1581 827 439.

110 862 187 891 nee
217 850 337 890 dubia
368 855 431 890 est
463 850 746 890 adverbiorum
776 846 905 899 πέραν
942 853 981 891 et
1010 845 1156 900 πέρυσι
1196 851 1400 900 cognatio.
1457 851 1585 902 Epsi-

111 916 181 955 lon
211 920 250 955 et
281 916 366 954 iota
396 914 499 954 idem
525 915 630 965 juris
663 914 845 954 obtinent
875 915 915 954 in
935 915 1097 955 nomine
1118 912 1402 967 urbis'Epeea
1421 913 1582 968 Ἕμισα.

109 981 270 1022 Nullum
301 979 501 1031 ejusmodi
533 979 806 1020 testimoniam
837 980 1032 1020 habemus
1064 980 1112 1020 de
1142 981 1268 1021 Asiae
1298 981 1466 1022 urbibus
1493 983 1586 1021 Τελ-

109 1044 264 1099 μησσός
309 1041 548 1096 Τελμισσός,
605 1041 838 1096 Τερμησσός
875 1043 1118 1096 Τερμισσός,
1170 1046 1243 1086 sed
1283 1046 1586 1099 praeponderat

113 1117 179 1152 eta
217 1110 325 1163 quod
367 1110 597 1162 Stephanus
636 1111 726 1161 ipse
767 1110 1066 1162 quodammodo
1108 1112 1316 1152 confirmat
1347 1114 1531 1164 quamvis
1562 1125 1586 1154 a

111 1177 289 1216 librariis
331 1186 456 1227 saepe
504 1181 744 1227 corruptus:
792 1173 1027 1230 Σιυδησσός
1067 1178 1227 1229 Καρίας
1267 1173 1322 1225 ὡς
1368 1176 1588 1230 Τελμισσός

113 1242 210 1293 (sic)
250 1266 303 1271 -
337 1236 558 1293 Ἀγορησός
598 1242 758 1294 Καρίας
795 1267 846 1272 -
881 1239 1124 1296 Ἀγορησεύς
1160 1239 1216 1290 ὡς
1259 1241 1476 1295 Τελμισεύς
1518 1241 1587 1285 καὶ

119 1303 335 1359 Τυμνησός
372 1304 635 1359 Τυμνησεύς·
683 1305 856 1348 δύναται
884 1306 953 1348 καὶ
975 1305 1215 1360 Ἀγορήσιος
1253 1304 1308 1354 (ὃς
1338 1307 1586 1362 Λυρνήσιος,

112 1384 192 1425 quo
232 1372 325 1412 loco
365 1372 406 1411 in
436 1372 525 1412 eod.
557 1372 678 1414 Rhed.
711 1379 917 1415 servatum
949 1378 1012 1414 est
1050 1370 1313 1426 Τυμνησσεύς
1351 1375 1480 1426 sigma
1509 1386 1587 1427 ge-

112 1438 262 1478 minato
304 1441 347 1477 ut
386 1441 426 1477 et
467 1443 602 1478 cetera
632 1439 756 1479 scribi
796 1441 987 1481 convenit
1017 1444 1187 1491 propter
1219 1441 1467 1490 oxytonesin
1499 1442 1586 1493 pri-

112 1504 352 1545 mitivorum.
428 1504 507 1544 Pro
537 1500 746 1554 ’Ἀρόιττυς
797 1516 960 1556 quoque
1002 1506 1043 1546 in
1080 1505 1166 1545 EM.
1205 1506 1294 1546 sine
1332 1506 1586 1548 dubitatione

113 1568 370 1610 scribendum
421 1573 484 1608 est
511 1566 733 1622 ’Ἀρὸηττος
771 1571 857 1610 sive
897 1571 1035 1621 potius
1069 1567 1284 1623 Ἀρὸηττός
1323 1571 1424 1612 Plut.
1466 1573 1585 1613 Thes.

114 1646 147 1675 c.
187 1634 250 1675 25.
291 1646 364 1685 pro
412 1631 620 1684 Κόρισσος
663 1636 750 1675 sive
799 1632 1009 1687 Κορεσσός
1055 1638 1237 1678 similiter
1288 1634 1505 1689 Κυρησσός
1551 1650 1587 1680 v,

115 1699 340 1740 Tzsehuek.
383 1698 430 1739 ad
465 1700 597 1740 Strab.
629 1699 675 1741 Χ
709 1701 800 1742 325.
832 1712 905 1752 pro
949 1701 1143 1748 Χαδίσιος
1183 1699 1390 1755 Χαδήσιος
1419 1715 1454 1743 v,
1484 1702 1588 1745 Adn.

113 1765 164 1806 ad
193 1765 385 1816 Apollon.
416 1765 459 1805 II.
494 1765 608 1806 1000.
640 1765 711 1806 sed
744 1767 952 1818 Κρίμησος
990 1768 1322 1819 postponendum
1360 1769 1589 1820 scripturae

115 1842 138 1871 a
168 1830 464 1871 Choerobosco
497 1836 688 1881 receptae
722 1833 932 1883 Κρίμισος.
990 1833 1049 1873 De
1087 1834 1313 1874 rarioribus
1345 1838 1388 1873 ut
1424 1835 1588 1887 Τυλησ-

115 1892 187 1943 σός
216 1901 256 1936 et
293 1892 495 1942 Τυλισσός
525 1896 577 1946 (ν.
609 1896 762 1938 Hoeek.
794 1897 897 1938 Cret.
928 1898 955 1937 I.
986 1897 1077 1939 432.
1108 1898 1172 1940 111.
1203 1899 1312 1951 418.)
1335 1897 1589 1952 Μερμησσός

117 1967 155 2004 et
183 1959 453 2013 Μυρμισσός,
486 1972 587 2012 quas
619 1962 741 2002 urbes
774 1963 1007 2015 Stephanus
1039 1963 1212 2005 diversis
1242 1965 1348 2006 locis
1376 1972 1586 2018 memorat,

114 2028 359 2079 interpretes
388 2032 522 2067 autem
554 2027 718 2068 easdem
749 2032 905 2081 putant,
935 2039 1002 2068 res
1032 2029 1074 2068 in
1099 2029 1231 2071 medio
1252 2030 1488 2083 reliquenda
1509 2037 1585 2075 est.

116 2093 231 2143 Quod
263 2104 360 2134 vero
392 2092 591 2133 interdum
626 2091 831 2144 Παμεισός
869 2093 1062 2134 scribitur
1100 2106 1136 2134 v.
1181 2095 1324 2137 Tzsch.
1363 2097 1415 2139 ad
1454 2098 1587 2139 Strab.

116 2158 216 2200 VIII.
257 2158 322 2200 29.
361 2163 400 2198 et
440 2156 652 2210 Κηφεισός
692 2159 812 2211 Corp.
839 2160 964 2201 Inscr.
994 2170 1031 2200 n.
1061 2159 1151 2200 245.
1189 2170 1273 2200 non
1311 2161 1588 2214 diphthongus

116 2228 179 2265 est
209 2224 283 2264 sed
313 2224 459 2275 longae
489 2223 646 2264 vocalis
676 2224 888 2277 indicium3
928 2225 978 2266 ab
1017 2225 1144 2266 altero
1186 2225 1410 2267 derivatum
1441 2238 1590 2269 nomen

118 2355 340 2407 Καφησίας
369 2354 573 2405 scribitur.
632 2355 813 2397 Aliarum
855 2357 1057 2397 vocalium
1088 2357 1335 2397 mutationes
1366 2358 1441 2399 hae
1472 2363 1586 2400 sunt:

116 2421 442 2472 Mesopotamiae
473 2420 665 2472 oppidum
691 2432 714 2460 a
743 2422 908 2463 Zosimo
940 2419 1170 2475 Κιρκήσιον
1201 2422 1362 2473 (omiss.
1390 2423 1432 2462 in
1452 2423 1590 2476 Thes.)

119 2497 142 2526 a
159 2486 296 2527 latinis
321 2485 558 2526 auctoribus
572 2485 788 2528 Circessus
810 2488 1115 2529 etCereusium¹
1137 2487 1283 2528 dicitur
1303 2500 1339 2528 v.
1365 2489 1590 2531 Tzschuek.

209 2629 244 2672 1)
270 2629 329 2663 Sic
352 2626 593 2665 Ποικιλιισσός
619 2629 653 2663 iu
677 2628 787 2663 Anon.
814 2629 1000 2664 Stadiasm.
1028 2638 1059 2663 n.
1088 2628 1165 2665 314.
1200 2628 1292 2672 apud
1327 2628 1470 2665 Ptolem.
1507 2631 1589 2662 Ποι-

119 2682 316 2721 κιλιὶσσιον,
347 2682 493 2728 Βάρρας
513 2683 743 2727 Βαβράντιον
769 2687 834 2719 ete.
