1747 3005
143 172 211 213 DE
232 170 359 214 NOM.
381 168 600 220 QUORUM
619 167 769 210 CHAR.
788 167 890 210 EST
913 166 1188 210 DENTALIS.
1222 169 1263 211 C.
1287 170 1349 212 IV.
1379 177 1417 220 §.
1443 174 1478 215 7.
1526 174 1619 219 :385

1515 286 1615 293 ——

135 303 224 333 eum
263 301 358 332 esse
399 290 601 331 credimus
641 299 848 342 sponsore
888 286 1153 339 Theognosto
1184 301 1221 342 p.
1256 290 1319 332 75.
1357 290 1408 332 τὰ
1436 293 1492 341 εἰς
1519 310 1618 344 υτος

132 358 208 398 εἴτε
236 353 456 409 βαρύνεται
475 356 549 396 εἴτε
571 351 756 404 ὀξύνεται
779 353 854 393 είτε
872 350 995 404 κύρια
1014 353 1089 393 εἴτε
1108 353 1383 409 προςηγορικὰ
1403 357 1470 398 διὰ
1488 362 1565 401 τοῦ
1584 367 1616 403 ῦ·

131 418 331 475 γράφεται
364 418 549 472 Νέρυτος
578 435 612 460 κ.
643 434 676 459 τ.
704 420 736 458 λ.
777 418 1055 472 Σέσημειωται
1081 415 1127 458 τὸ
1158 416 1355 468 ἄλοιτος
1337 438 1359 463 ο
1378 420 1521 473 ἄδικος
1540 425 1610 467 καὶ

130 485 289 541 μιαρός,
312 488 375 527 cui
393 487 513 538 adJici
536 490 673 539 potest
686 484 867 531 Βιτοιτος
888 495 1035 524 nomen
1048 484 1150 525 Galli
1169 487 1342 538 Appian
1363 489 1495 530 Mithr.
1511 492 1607 534 CXI.

130 554 228 595 Gall.
248 553 330 595 ΧΙΙ.
353 553 512 605 (omiss.
531 553 570 591 in
588 551 676 601 Th.)
700 561 828 602 eaque
849 549 1123 602 diphthongus
1146 555 1271 592 totam
1290 552 1393 594 hane
1415 555 1607 598 familiam

129 619 311 660 obsidet:
345 614 480 665 τίλιτός
510 614 578 657 καὶ
595 611 800 656 ἐπενθέσει
822 615 898 655 τοῦ
923 619 947 654 ὅ
964 610 1161 663 ἀλοιτός
1142 632 1167 670 η
1184 615 1296 668 παρὰ
1310 615 1357 658 τὸ
1378 615 1567 676 &2014st
1544 638 1604 663 εν-

125 687 203 725 θευ
217 684 475 735 πατραλοίας.
502 678 755 722 Καὶάλοῖται
775 694 909 720 κοιναι
920 695 1110 733 αααρτιαι
1124 696 1193 721 και
1204 678 1467 726 αλοιτευευνΙ4
1473 688 1521 727 Μ
1537 688 1602 743 69,

126 750 190 792 48.
213 749 473 790 Cram.1.79
493 744 692 800 ἀλοιτηεις
709 741 1021 787 maiomam
1010 758 1072 798 ip
1098 747 1191 789 Hes.
1222 749 1270 789 de
1298 751 1444 802 quibus
1468 754 1600 795 minus

125 815 348 856 deliberate
379 814 558 866 disputat
586 813 823 853 Karstenius
846 812 895 853 ad
918 812 1083 864 Emped.
1108 825 1144 865 p.
1166 813 1257 855 300.
1280 816 1600 861 Choeroboseus

123 893 221 922 vero
240 893 277 933 p.
302 880 389 921 169.
424 879 660 931 epenthesis
687 878 794 918 illius
826 879 1032 917 immemor
1056 873 1223 931 ἀλείτης,
1254 880 1394 934 inquit,
1423 881 1535 936 παρὰ
1553 883 1600 926 τὸ

123 942 285 999 ἀλοίτης
300 946 430 998 τροπῇ
449 935 577 997 figo-ts
595 943 649 990 εἰς
670 934 714 993 Ξῖ,
738 947 779 982 ut
801 947 840 983 et
859 943 1044 983 Eustath.
1066 943 1156 996 717,
1177 945 1240 985 27.
1270 941 1410 986 ἄλείτω
1436 945 1600 999 (moetos

122 1009 178 1061 ὡς
217 1014 338 1053 λείπω
375 1007 517 1057 λοιπός
557 1011 605 1050 cs.
639 1008 755 1060 1520,
785 1008 849 1048 51.
892 1008 1001 1059 quod
1041 1014 1183 1048 contra
1221 1010 1288 1050 alii
1317 1007 1479 1066 ἀλοίτης
1510 1027 1599 1057 eum

122 1079 280 1119 3001100
313 1074 478 1127 ὅνοιρος
508 1078 806 1126 compararunt.
852 1074 1058 1114 Minervae
1084 1075 1294 1125 epitheton
1324 1074 1475 1127 ἀλοῑτις
1502 1082 1597 1132 Lye.

122 1143 215 1184 936.
259 1143 382 1194 (unus
422 1141 511 1182 eod.
550 1137 716 1189 ἅλοιτις)
757 1138 850 1190 quid
897 1139 1114 1189 significet,
1162 1151 1243 1179 non
1291 1147 1353 1182 est
1402 1146 1592 1188 traditum

121 1213 251 1248 utrum
283 1203 492 1259 ἆλιτηρίαν
530 1209 572 1245 ut
606 1199 823 1255 Ἀφροδίτη
853 1199 1000 1243 ἀνοσία
1029 1204 1174 1244 Athen.
1203 1205 1304 1246 XIII.
1334 1208 1425 1249 580.
1456 1211 1498 1250 Β.
1530 1212 1595 1251 vel

119 1277 162 1314 ut
195 1269 299 1320 Ζεὺς
328 1268 557 1324 ἀλιτήριος,
597 1265 784 1318 ἀλάστωρ
815 1272 854 1308 et
883 1270 1138 1320 παλαμναῖος
1166 1272 1458 1321 parricidarum
1500 1277 1594 1315 vin-

118 1338 214 1391 dex,
246 1350 298 1378 an
327 1333 523 1389 εἰλετρίόα,
556 1333 761 1387 quomodo
789 1329 943 1386 Ἀλῆτις
972 1331 997 1387 ἡ
1021 1332 1264 1388 Περσεφόνη
1295 1334 1358 1376 ὅτι
1385 1335 1484 1386 τοὺς
1513 1354 1597 1379 πυ-

116 1402 217 1455 ροὺς
245 1399 438 1450 ἀλοῦιτες
466 1398 651 1453 πέμματα
680 1395 785 1452 αὕτη
807 1396 1060 1453 προςέφερον
1088 1401 1174 1441 ΕΜ
1197 1412 1287 1442 nam
1308 1402 1408 1444 deae
1431 1405 1542 1446 Daed
1547 1418 1596 1446 a-

115 1469 179 1509 lae
199 1469 320 1509 etiam
342 1468 539 1508 molarum
560 1466 835 1507 inventionem
862 1466 1098 1506 attributam
1127 1478 1222 1507 esse
1253 1480 1335 1508 non
1366 1477 1589 1522 repugnat3

117 1533 289 1585 denique
328 1534 368 1573 in
406 1534 484 1573 hoc
517 1537 603 1572 toto
635 1542 784 1582 ocnere
815 1531 905 1570 liter
909 1543 956 1571 ue
996 1546 1018 1584 η
1049 1546 1081 1572 ει
1112 1538 1148 1572 et
1179 1547 1218 1572 οι
1256 1534 1312 1573 ita
1351 1536 1461 1575 νπὶιίθ
1502 1548 1593 1588 per

114 1599 335 1638 miscentur
368 1604 408 1638 ut
439 1597 646 1638 dubituidi
678 1597 811 1636 nullus
842 1598 894 1636 sit
924 1598 1025 1637 finis.
1072 1598 1191 1638 Velut
1221 1599 1260 1638 iu
1293 1599 1429 1641 Schol.
1451 1601 1492 1640 ΙΙ.
1527 1601 1589 1641 ΙΧ.

116 1664 207 1704 571.
246 1678 295 1702 τα
326 1663 380 1710 εἷς
411 1678 445 1711 ις
474 1677 618 1715 παρωΊ
622 1677 704 1714 υμα
738 1657 902 1714 θηλυκα
939 1663 1213 1714 παρακείμεια
1247 1666 1331 1710 τοῖς
1360 1665 1415 1711 εἰς
1447 1680 1492 1717 ης
1521 1682 1589 1717 αρ-

114 1731 290 1776 σενικοῐς
326 1725 622 1781 βαρυιοιιέιοις
661 1727 982 1779 προπερισπᾶται
1020 1727 1054 1767 εἰ
1091 1725 1214 1780 φύσει
1242 1730 1379 1785 μακρᾷ
1408 1730 1587 1784 παραλη-

115 1808 240 1845 rocco,
261 1795 489 1847 πρωθῆβις,
509 1794 702 1846 πολιῆτις,
731 1787 887 1841 ἀλεῖτις,
907 1794 1112 1845 πλανῆτις,
1132 1796 1355 1847 πρεσβῦτις,
1380 1798 1470 1847 quis
1491 1798 1591 1837 scri—

115 1864 259 1910 pturae
282 1865 418 1899 certus
441 1871 534 1900 esse
558 1860 725 1911 potest?
782 1858 1021 1898 Homericus
1042 1859 1108 1899 ilie
1132 1860 1393 1913 Πολυποίτης
1413 1862 1452 1901 in
1475 1862 1588 1904 libris

114 1925 270 1976 aliquot
300 1925 419 1965 Paus.
451 1923 496 1965 X.
529 1926 593 1972 213,
625 1925 657 1965 1.
697 1920 940 1976 Πολυπήτης
959 1929 1141 1978 vocatur,
1171 1926 1256 1977 Laji
1276 1927 1416 1978 auriga
1437 1939 1459 1967 a
1481 1927 1590 1969 Phe-

114 1989 262 2040 recyde
288 1990 547 2042 Πολυποίτης
577 1990 708 2029 dictus
741 1993 816 2041 est,
848 1988 898 2028 ab
930 1989 1019 2028 aliis
1054 1988 1305 2044 Πολυφήτης
1333 1993 1469 2033 Schol.
1491 1994 1585 2035 Eur.

111 2054 291 2094 Phoenn.
321 2054 385 2094 39.
426 2060 462 2095 et
502 2067 574 2106 pro
612 2051 863 2107 Πολυφήτης
894 2055 935 2094 ΙΙ.
968 2054 1068 2094 ΧΙΙΙ.
1102 2055 1192 2096 791.
1231 2057 1347 2098 codd.
1387 2058 1508 2110 aliqui
1548 2065 1584 2099 et

110 2119 208 2160 Edd.
245 2120 508 2172 Πολυφοίτης
538 2120 745 2171 praebent.
803 2120 1020 2160 Praeterea
1055 2118 1259 2174 Θυμοίτης
1289 2127 1328 2162 et
1363 2125 1582 2177 Θυμαίτης,

116 2183 371 2236 Θυμαιτάδαι
393 2191 432 2226 et
460 2183 710 2237 Θυμοιτάδαι
744 2186 888 2225 crebro
921 2187 1094 2225 confusa
1120 2191 1226 2239 sunt,
1256 2186 1442 2240 idemque
1462 2189 1583 2229 homo

112 2252 150 2289 in
189 2251 311 2291 lusor.
341 2251 458 2292 2770.
499 2255 537 2290 et
568 2250 686 2291 2771.
733 2252 922 2303 Περείτης
961 2255 999 2291 et
1034 2252 1206 2303 Περίτης
1235 2252 1378 2292 dieitur
1408 2266 1454 2293 ac
1487 2266 1584 2305 per—-

111 2325 236 2367 saepe
276 2316 396 2355 etiam
436 2316 600 2367 ypsilon
641 2317 896 2357 intercedere
935 2316 1279 2356 demonstmbitur
1320 2319 1359 2357 in
1399 2322 1582 2371 proxima

112 2384 149 2427 §.
188 2380 353 2420 Praeter
393 2376 542 2428 ἀλοῖτις
594 2382 771 2421 seminini
810 2383 984 2422 nominis
1024 2382 1249 2433 exemplum
1290 2383 1439 2423 nullum
1480 2386 1581 2424 satis

111 2449 264 2485 certum
295 2443 478 2497 affertur3
523 2447 715 2497 Κοροῖτις
744 2443 908 2500 ἀλώπηξ
945 2447 1040 2487 Hes.
1079 2452 1253 2499 χοροῐτις
1291 2461 1325 2488 v.
1356 2448 1406 2488 ad
1436 2450 1580 2490 Buttm.

110 2509 200 2550 431.
235 2514 273 2550 et
304 2510 450 2561 Unger
482 2511 678 2553 Paradox
711 2513 833 2554 Theb.
867 2512 958 2554 459.
980 2509 1157 2560 ’Ἀκοιτις
1186 2513 1336 2553 abhoc
1359 2513 1452 2554 loco
1479 2515 1583 2555 alie-

111 2586 214 2614 num.
276 2575 416 2627 Neque
447 2576 646 2627 adjectiva
676 2579 769 2618 mihi
801 2580 1084 2628 innotuerunt3
1127 2577 1199 2619 sed
1229 2579 1430 2619 Arcadius
1460 2592 1496 2632 p.
1517 2580 1580 2620 26

110 2651 230 2695 quum
272 2641 367 2681 dicit
404 2638 454 2680 τὰ
492 2642 546 2690 εἰς
576 2657 685 2695 οιτης
714 2642 964 2696 ἰσοσύλλαβα
1002 2640 1219 2695 βαρύνεται
1257 2644 1464 2697 Δαμοίτης
1503 2649 1579 2684 eit.

110 2705 444 2755 significationem
476 2707 540 2746 dat
576 2709 701 2748 fuisse
724 2709 921 2760 quaedam
942 2706 1298 2761 περιττοσύλλαβα,
1330 2710 1438 2749 velut
1465 2706 1580 2763 ἠερο-

156 2780 296 2812 Lnbc'ek.
320 2783 500 2822 Pallmlng·
1247 2776 1298 2815 25
