1731 3021
154 183 246 227 1162
627 173 1058 218 DISSERTATIO
1114 173 1161 216 X.

153 295 302 334 νεσθαι
329 286 436 343 πλὴν
463 288 540 329 τοῦ
558 284 746 340 ’Ὡγυρις,
776 282 1018 339 πανήγυρις,
1055 281 1238 337 Θάμυρις
1270 284 1406 327 schol.
1437 284 1488 326 ad
1515 285 1633 327 Dion.

156 372 192 401 v.
224 357 368 400 &024⁵
397 354 502 396 unde
534 354 761 405 colligimus
791 363 880 392 eum
910 351 1139 404 πλημμυρίς
1169 351 1230 391 sic
1259 355 1303 391 ut
1334 351 1470 393 Schol.
1500 351 1635 404 Apoll.

156 426 202 466 II.
235 424 326 464 576.
358 421 481 463 scribi
507 421 711 472 jussisse3
757 419 823 458 alii
853 417 1080 468 gravabant
1119 417 1171 457 ob
1203 417 1480 458 accusativum
1510 414 1637 470 πλήμ-

156 504 280 543 μυριν
310 501 334 529 a
361 486 606 538 Bacchylide
637 486 814 537 positum
845 484 931 524 EM.
961 483 1052 535 (576,
1083 482 1148 523 25.
1182 483 1332 523 ceteris
1353 484 1484 523 acutis
1515 479 1636 535 ἀγκυ·

158 557 234 610 ρίς,
271 550 450 608 ἀργυρίς,
480 553 669 605 γεφυρίς,
700 550 908 600 κολλυρίς,
948 548 1143 599 λαθυρίς,
1177 548 1351 600 ζωπυρίς
1390 554 1468 589 etc.
1530 549 1638 590 Mul-

159 628 200 664 to
244 622 410 673 saepius
449 619 508 659 illi
539 618 587 658 de
621 622 791 657 accentu
823 615 1117 666 adjectivorum
1148 614 1378 667 disserunt,
1410 613 1483 654 sed
1514 613 1637 654 modo

160 698 300 729 eorum
332 696 435 737 quae
466 695 554 724 cum
580 681 847 724 substantivis
879 681 920 720 in
949 671 984 728 ἴς
1014 681 1256 721 exeuntibus
1289 681 1518 733 composita
1547 684 1641 720 sunt

158 767 195 795 v.
225 751 371 794 Parall.
401 748 492 790 239.
524 760 584 800 sq.
616 758 663 788 ac
691 757 741 786 ne
771 745 820 786 de
850 746 912 785 his
944 745 1104 797 quidem
1136 747 1238 785 satis
1269 746 1493 786 enucleate.
1536 745 1639 786 Nam

161 830 232 860 cur
269 813 560 866 εὐπλοκαμῐδες
598 813 678 852 alio
719 816 902 852 notatum
942 813 995 851 sit
1035 815 1207 850 accentu
1238 815 1360 862 atque
1389 807 1639 864 εὐκυήμιδες,

161 885 296 926 dicere
336 881 554 933 negligunt.
623 878 785 919 Certum
826 881 959 916 tamen
1000 876 1131 915 liabeo
1172 875 1212 915 id
1242 887 1325 915 non
1356 887 1404 916 ea
1433 876 1482 916 de
1515 886 1642 916 causa

160 950 244 991 fieri
276 949 370 1000 quia
398 944 496 986 illud
526 945 567 984 in
596 945 716 984 unico
750 954 829 994 quo
862 942 1009 993 legitur
1039 942 1132 981 loco
1164 941 1399 981 seminarum
1431 941 1642 992 epitheton

162 1020 253 1065 θεῖς
305 1014 395 1065 quis
437 1011 542 1051 enim
586 1009 739 1049 dubitet
779 1009 911 1059 Hylan
950 1005 1024 1048 τὸν
1052 1004 1128 1047 τὰν
1165 1006 1397 1059 πλοκαμῑδα
1433 1007 1643 1060 φορεῦντα

162 1083 333 1123 Theocr.
364 1078 464 1119 XIII.
496 1077 533 1117 7.
574 1075 652 1116 dici
693 1075 883 1127 potuisse
923 1070 1232 1125 εὐπλοκαμῖὸαῬ
1275 1073 1348 1113 sed
1378 1074 1471 1125 qnia
1499 1073 1644 1125 κνημίς

162 1154 201 1190 et
231 1147 343 1198 κληίς
372 1146 457 1184 iota
487 1142 636 1182 habent
667 1145 812 1180 natura
842 1139 1019 1191 longum⁷
1048 1138 1248 1190 πλοκαμίς
1275 1150 1374 1179 vero
1405 1139 1446 1178 in
1476 1139 1642 1179 casibus

162 1210 481 1267 quadrisyllabis
521 1208 639 1248 metri
678 1218 804 1247 causa
841 1205 1095 1258 productum.
1155 1204 1267 1253 Quae
1305 1204 1521 1256 productio
1561 1214 1642 1256 quo

164 1278 421 1321 manifestior
443 1278 569 1326 esset,
599 1273 825 1313 maluerunt
847 1272 1119 1324 compositum
1142 1271 1202 1310 sic
1222 1275 1265 1310 ut
1295 1270 1466 1322 simplex
1495 1271 1645 1310 πλοκα·

162 1344 273 1399 μῖόες
311 1341 517 1391 scribere,
564 1339 659 1390 quIa
697 1335 987 1389 εὐπλοκάμιὸες
1018 1337 1203 1377 similiter
1234 1337 1572 1388 pronunciaretur
1601 1339 1645 1375 ut

163 1405 456 1463 βαρυμήνιδες,
501 1400 825 1456 πολυφρόυτιόες
855 1408 931 1443 etc.
995 1402 1083 1442 Hoc
1113 1402 1234 1452 igitur
1264 1402 1303 1441 in
1331 1402 1534 1452 synthetis
1563 1412 1644 1441 nu-

164 1473 399 1518 merandum
429 1475 504 1524 est,
535 1474 578 1510 ut
608 1464 814 1522 εὐκνήμις,
844 1464 1017 1521 εὐκλήις,
1048 1479 1179 1519 neque
1210 1468 1290 1507 alio
1320 1468 1544 1507 referemus
1575 1466 1644 1518 βα-

164 1537 422 1591 θυκνήμιὸος
459 1533 623 1588 ἐρίπνης
661 1534 794 1575 Nonn.
833 1534 897 1574 IX.
930 1533 1020 1574 213.
1048 1529 1178 1585 ‘'Thyv
1223 1529 1517 1585 τανυκυήμιόοῖ
1542 1531 1644 1573 XIII.

166 1609 230 1650 67.
257 1603 419 1645 ’Όσσαν
447 1598 686 1654 ἐρικνήμιδα
714 1600 755 1640 Ρ.
785 1599 925 1640 Sileni.
957 1598 1082 1650 Soph.
1117 1598 1207 1639 171.
1240 1598 1368 1649 (304.)
1397 1609 1481 1638 non
1511 1597 1645 1638 solum

167 1675 262 1727 quia
302 1668 525 1719 Dionysius
566 1678 604 1706 v.
651 1666 741 1706 714.
778 1664 976 1717 κνημῖδας
1017 1663 1230 1715 usurpavit
1268 1674 1342 1715 pro
1380 1660 1565 1716 κνήμους
1605 1667 1645 1703 et

165 1744 247 1793 jam
287 1735 510 1787 antIquitus
554 1742 705 1772 nomen
743 1732 921 1783 topicum
960 1730 1172 1783 ΚνημίςἿιϋ
1200 1733 1409 1781 receptum
1442 1728 1532 1778 fuit,
1572 1725 1646 1768 sed

168 1805 306 1859 potius
349 1805 517 1855 propter
554 1808 810 1848 mensuram3
849 1808 940 1836 nam
973 1796 1022 1836 ab
1061 1793 1264 1849 εὕκυημος
1303 1796 1338 1836 si
1376 1798 1646 1847 propagatum

170 1874 304 1922 esset,
345 1867 409 1908 cui
447 1864 577 1905 simile
615 1860 880 1916 βαθύκνημοι
922 1862 1124 1902 Πλαταιαί
1162 1862 1294 1902 Noun.
1325 1861 1426 1901 XIII.
1457 1860 1520 1901 70.
1558 1859 1646 1899 iota

169 1938 258 1977 sine
289 1934 410 1975 dubio
442 1932 566 1972 breve
594 1929 763 1969 haberet
791 1934 833 1969 ut
865 1940 887 1968 a
916 1925 1131 1981 χρυσωπός
1159 1924 1410 1981 χρυσώπιδες
1437 1922 1543 1966 ἔλλοι
1570 1925 1646 1965 Pa-

168 2002 255 2043 rall.
286 1998 377 2040 269.
408 1994 685 2049 ὅυςγάργαλος
714 1994 982 2047 ὁυςγάργαλις
1012 1994 1070 2040 (οἱ
1093 1990 1394 2046 ὁυςγαργάλεις)
1424 2004 1461 2032 V.
1479 1989 1644 2032 Jacobs.

169 2067 219 2107 ad
249 2066 405 2106 Aelian.
436 2063 528 2105 535.
569 2061 799 2114 τριτομηνίς
835 2061 958 2113 Harp.
992 2061 1107 2101 Phot.
1138 2060 1232 2100 Hes.
1262 2059 1348 2099 EM.
1378 2068 1458 2109 quo
1489 2058 1644 2097 rectius

170 2137 233 2173 cst
271 2126 503 2183 τριτόμηνις
541 2128 694 2168 Auecd.
734 2127 858 2167 Bekk.
891 2126 1000 2167 Suid.
1032 2131 1075 2166 ut
1104 2122 1310 2178 πάμμηνις
1334 2126 1447 2163 Arat.
1480 2119 1645 2175 διχόμη-

168 2212 230 2245 νις
269 2198 438 2246 Dionys.
478 2195 589 2234 Antt.
621 2194 685 2234 XI.
716 2193 780 2235 63.
822 2188 1061 2244 ὀνόγαστρίς
1103 2187 1126 2231 ὁ
1163 2187 1340 2243 μεγάλην
1368 2187 1443 2242 τὴν
1470 2185 1646 2242 γαστέρα

169 2262 273 2317 ἔχων
312 2267 351 2302 et
383 2257 673 2313 ζωνογάστριες
711 2258 750 2298 οἱ
785 2255 856 2306 τὰς
892 2255 1088 2311 γαστέρας
1121 2253 1371 2308 ζωννύμενοι
1406 2255 1502 2296 Hes.
1535 2253 1645 2307 quod

262 2456 322 2497 45)
355 2454 548 2498 Stephanus
582 2463 609 2487 s.
648 2453 825 2495 Κορκτρίς
858 2453 891 2485 et
924 2449 1048 2484 Arcad.
1084 2449 1138 2484 34.
1170 2448 1300 2482 addunt
1326 2448 1497 2490 Ψένυρις,
1525 2455 1544 2479 a
1574 2453 1641 2488 quo

172 2512 307 2547 aberrat
341 2512 507 2553 Τεντυρίς
543 2508 666 2552 Stepb.
692 2507 966 2550 praetermittunt
993 2504 1223 2550 κεβλήπυρις,
1251 2503 1342 2547 quod
1368 2501 1521 2535 nonnulli
1547 2499 1642 2533 divi-

174 2568 300 2601 debant
324 2565 427 2607 κὲβλη
461 2566 580 2608 πυρίς,
614 2564 734 2606 ὄσυρις
758 2563 895 2606 plautae
924 2570 1048 2595 nomen
1076 2560 1194 2593 Diosc.
1223 2559 1314 2603 quod
1341 2563 1454 2593 tamen
1480 2565 1532 2600 ap.
1565 2554 1641 2589 Ga-

172 2622 238 2656 len.
264 2621 376 2663 ὄσιρις
403 2619 582 2660 scribitur,
608 2616 773 2661 Τώμυρις
804 2619 877 2651 sive
904 2615 1061 2659 Τόμυρις
1094 2616 1253 2658 reginae.
1289 2613 1456 2658 Syntheta
1482 2614 1560 2645 sunt
1587 2608 1640 2653 ἐρ-

171 2677 275 2718 &vois
300 2679 334 2709 et
360 2674 622 2718 καγκελοθιᾪίς
643 2672 717 2706 ΕΜ.
743 2673 819 2714 513,
849 2672 900 2706 14.

262 2729 320 2770 46)
347 2729 383 2761 V.
414 2729 603 2763 Tzschuck.
633 2727 673 2761 ad
698 2728 808 2763 Strab.
839 2726 892 2760 IX.
924 2727 1000 2761 530.
1051 2725 1140 2760 Mate
1166 2728 1325 2767 gravatur
1345 2725 1378 2757 iu
1397 2721 1470 2756 EM.
1490 2721 1566 2761 360,
1585 2719 1639 2755 32.
