1699 3021
223 162 291 204 DE
321 162 607 205 NOMINIBUS
636 161 690 204 IN
717 163 747 202 ’ὗ
777 159 1122 203 EXEUNTIBUS.
1155 162 1195 202 C.
1217 163 1278 204 Vi.
1309 168 1346 212 ὃ.
1377 164 1412 206 2.
1472 165 1562 209 235

85 275 148 314 cia
177 282 272 313 esse
303 281 376 323 pro
409 269 591 326 ἁλοσύνῃ
628 276 668 313 et
705 268 964 324 ὑὸατοσύνῃ,
998 273 1084 322 jam
1115 270 1166 311 ad
1194 273 1258 323 Aj.
1291 284 1329 324 p.
1357 274 1450 317 486,
1480 276 1563 318 dixi

82 339 178 380 mihi
207 337 354 379 falsum
383 338 532 390 videri3
563 349 695 390 neque
724 336 959 379 Doederlini
989 336 1215 376 auctoritas
1248 338 1401 389 Synon.
1436 342 1560 385 T.111.

81 404 146 446 85.
177 403 227 444 de
258 405 464 444 sententia
493 415 556 445 me
587 403 749 444 deducit
780 403 999 454 potiusque
1029 403 1235 442 assentiar
1253 404 1404 447 Vossio
1429 420 1561 449 voca-

82 469 179 511 bula
207 470 289 510 ista
319 480 408 509 cum
437 467 544 523 ὕδνη
573 469 612 510 id
643 473 707 510 est
729 465 896 520 ἔγγονος
915 468 1146 519 composita
1168 470 1429 525 existimanti,
1453 474 1562 525 quod

84 547 174 577 cum
203 533 294 584 υἱός
324 539 363 576 et
392 532 489 588 φύω
521 538 739 587 cognatum
769 533 939 574 videtur.
997 534 1203 587 Deinceps
1245 535 1337 577 inde
1375 539 1562 592 exempla

81 603 371 643 increbescunt
401 600 475 642 sed
505 610 761 652 nequaquam
801 599 890 651 pari
929 610 1019 640 cum
1058 600 1328 642 substantivis
1366 603 1562 655 frequen-

85 669 160 709 tia:
192 665 445 714 δεσπόσυνος
474 666 514 706 in
533 666 578 706 H.
600 666 645 706 1-1.
665 666 706 705 in
731 665 819 706 Cer.
851 660 1123 717 εὐφροσύνως
1143 666 1322 718 Theogn,
1353 672 1393 708 et
1424 673 1564 711 cetera

86 734 276 785 superius
308 736 556 774 enumerata.
608 730 696 779 Quo
727 730 821 772 loco
853 732 1111 783 praetermisi
1142 732 1194 773 ob
1218 733 1418 784 quandam
1440 734 1562 776 dubi-

85 800 281 839 tationem
320 794 609 844 ἀπαυλόσυνος
647 797 689 836 iu
725 796 932 837 Leonidae
969 797 1107 848 Epigr.
1143 798 1265 839 Anth.
1295 799 1358 841 VI.
1398 812 1435 842 n.
1465 800 1559 843 221.

85 864 153 904 ubi
173 864 238 905 leo
262 869 451 905 narratur
475 863 676 914 tugurium
699 863 912 914 ingressus
936 862 1116 903 intactos
1140 863 1358 916 reliquisse
1380 866 1562 909 incolas:

194 953 248 959 —-
276 953 331 959 —-
360 925 558 969 αἰνολέων
584 925 865 980 κεκακωμένος
892 923 1031 980 ἀθρόα
1056 930 1155 980 γυῖα

274 987 379 1048 ἦλθε
407 990 700 1047 φιλοκρήμνων
729 987 850 1034 αὖλιν
874 991 913 1041 ἐς
944 991 1181 1046 αἰγινόμων.

195 1061 236 1102 οἳ
264 1057 303 1102 δ’
338 1055 416 1102 οὐκ
443 1055 542 1113 ἀμφ’
574 1058 704 1111 αἰγῶν
731 1055 993 1112 μεμελημένοι
1017 1055 1119 1099 ἀλλὰ
1147 1058 1238 1113 περὶ
1265 1059 1408 1114 σφέων

278 1127 387 1168 εἴατο
417 1126 582 1179 σωτῆρα
613 1119 710 1178 Ζῆν’
743 1120 1051 1176 ἐπικεκλόμενοι.

194 1195 311 1246 χεῖμα
339 1189 383 1233 δὲ
409 1188 494 1245 θὴρ
523 1191 662 1244 μείνας
689 1186 776 1244 θὴρ
803 1187 970 1237 νύκτιος
999 1187 1092 1230 οὔτε
1120 1186 1192 1231 τιν’
1223 1187 1418 1244 ἀνδρῶν7

278 1256 372 1299 οὔτε
400 1258 536 1311 βοτῶν
563 1253 726 1309 βλάψας
754 1251 864 1311 ᾤχετ’
895 1251 1194 1304 ἆπαυλόσυνος.

88 1325 156 1365 Sic
193 1323 412 1365 Jacobsius
453 1335 502 1364 ex
540 1323 650 1363 Plan.
683 1321 807 1362 edidit
852 1333 926 1374 pro
966 1319 1260 1370 ἐπαυλόσυνος.
1322 1325 1417 1365 Mihi
1462 1337 1562 1367 vero

86 1394 270 1431 neutrum
302 1393 533 1430 ceterorum
571 1388 691 1439 hujus
730 1392 854 1428 notae
894 1388 1189 1439 adjectivorum
1229 1389 1360 1431 simile
1395 1391 1568 1446 videtur,

86 1467 219 1509 neque
240 1452 527 1505 ἀποικόσυνος,
549 1450 866 1507 ἀποδῃμόσυνος
885 1455 949 1494 vel
972 1455 1051 1495 tale
1073 1455 1224 1507 aliquid
1248 1456 1414 1507 probari
1438 1468 1568 1509 posse

88 1523 276 1564 arbitror.
308 1522 435 1570 Quam
454 1522 734 1573 suspicionem
756 1519 930 1572 adauget
953 1521 1224 1562 correctionis
1247 1522 1445 1575 facilita53
1475 1534 1568 1564 nam

90 1592 129 1628 et
159 1589 220 1628 sic
250 1587 374 1628 scribi
404 1591 545 1639 potest
575 1578 682 1642 ᾤχετ’
715 1583 898 1634 ἄπαυλος
928 1583 1024 1639 ὅρος
1061 1592 1105 1628 ut
1142 1588 1182 1627 in
1224 1588 1445 1629 Simonidis
1477 1590 1569 1641 epi-

90 1658 312 1704 grammate
343 1652 452 1704 quod
481 1652 548 1692 ille
577 1652 771 1693 imitando
803 1654 1010 1705 expressit
1037 1653 1100 1694 VI.
1129 1653 1221 1693 217.
1251 1648 1456 1705 ὑλονόμος
1483 1650 1570 1707 θὴρ

95 1741 142 1746 —-
175 1712 235 1757 ἀν’
274 1713 399 1770 ὑλῆεν
435 1713 547 1764 ὠκὺς
584 1716 732 1757 ἴθυνεν
770 1714 866 1770 ὄρος
909 1722 970 1771 et,
1021 1719 1056 1758 si
1095 1717 1190 1769 quid
1228 1718 1389 1759 variare
1426 1719 1569 1774 voluit,

94 1778 216 1839 ᾤχεθ’
259 1778 282 1824 ὁ
318 1779 589 1832 πουλύσινος,
637 1782 747 1834 quod
790 1783 840 1824 ab
877 1780 1158 1830 ἐπαυλόσυνος
1193 1783 1399 1825 minimum
1445 1784 1571 1827 distat

95 1850 404 1900 sententiaeque
434 1848 595 1900 pondus
627 1847 737 1889 addit
775 1850 1039 1902 oppositione
1078 1849 1379 1891 contrariorum
1408 1862 1570 1893 nocen-

97 1916 264 1956 tissima
295 1913 433 1956 bestia
463 1916 608 1955 nocuit
636 1915 753 1955 nulli.

205 2007 244 2051 ἓ.
274 2002 310 2043 2.
371 2002 648 2043 Substaniivis
686 2001 919 2056 homericis,
958 2013 1062 2055 quae
1093 2006 1215 2043 antea
1244 2003 1572 2057 commemoravi,

96 2067 302 2109 Hesiodus
342 2067 493 2119 adjecit
524 2064 755 2120 ἆὸροσύνη,
798 2065 1019 2122 ι’ὁμοσύνη,
1049 2065 1287 2121 λῃσμοσύνη
1318 2071 1357 2108 et
1386 2067 1573 2120 φραδμο-

98 2131 225 2186 σύνῃ,
269 2133 398 2174 Solon
435 2131 706 2186 γνωμοσύνῃ,
744 2134 1020 2186 Xenophanes
1063 2139 1101 2175 et
1136 2133 1303 2186 Sappho
1346 2129 1571 2189 ἁβροσύνῃ,

100 2200 305 2251 Theognis
345 2197 589 2252 δικαιοσύνη
632 2204 672 2240 et
709 2196 971 2253 μαργοσύνῃ,
1019 2200 1292 2240 Archilochus
1324 2196 1572 2253 τλημοσύνῃ,

97 2266 303 2318 multaque
346 2266 425 2306 alia
454 2266 659 2318 insequuti
691 2271 840 2317 poetae
871 2261 1205 2318 ἀγαλακτοσύνῃ,
1243 2261 1488 2320 ἀγρειοσύνῃ
1519 2266 1575 2318 (si

97 2343 195 2372 vera
220 2336 283 2372 est
304 2331 526 2383 scriptura)
558 2327 832 2384 ἆὸελφοσύνῃ,
864 2328 1105 2385 τ’(θωοσύνῃ,
1137 2327 1374 2384 ἆϊστοσύνη,
1406 2330 1575 2384 αἰσχροψ

101 2395 227 2450 σύνη,
269 2390 563 2450 ἆκεραιοσύνη,
603 2392 946 2451 ἀλαπαὸνοσύνῃ,
985 2393 1256 2451 ἀλιτροσύνη,
1297 2393 1574 2452 ἀλυκτοσύνη,

191 2563 228 2605 7)
262 2561 445 2597 Jacobsius
478 2572 539 2607 pro
578 2562 649 2608 θὴρ
682 2565 810 2607 μείνας
844 2564 984 2607 corrigit
1019 2561 1207 2608 θιρμῆνας
1239 2564 1323 2598 satis
1351 2562 1578 2607 probabiliter

104 2619 169 2652 nisi
195 2619 314 2651 vitium
340 2618 459 2653 subest
485 2619 648 2662 proximis
675 2619 746 2664 θὴρ
773 2618 914 2656 ικῦκιιος
946 2629 1007 2663 pro
1045 2618 1251 2656 ὠίανύκιιος
1276 2618 1330 2662 [ut
1356 2618 1575 2663 ε’τιινύκιιος)

105 2673 139 2707 id
166 2676 218 2709 est
246 2672 308 2705 διὰ
333 2673 457 2712 νυκτὸς
482 2676 620 2717 μείνας.
664 2675 801 2721 Ἀθρόα
835 2680 921 2721 γυῖα
953 2674 1032 2710 vide
1066 2684 1109 2711 ne
1143 2674 1177 2709 in
1216 2674 1358 2719 ι’ἱῑρομα
1384 2678 1470 2720 γυῖα
1496 2685 1578 2710 inu-

104 2729 244 2764 tandum
270 2729 324 2764 sit.
