1699 3021
249 162 316 203 DE
348 160 636 204 NOMINIBUS
667 160 720 202 IN
747 161 771 202 ῦ
799 159 1144 203 EXEUNTIBUS.
1183 163 1223 204 C.
1248 164 1273 204 I.
1306 168 1343 212 ς.
1363 163 1399 205 4.
1478 164 1564 208 185

93 269 183 312 eod.
214 270 324 311 Harl.
358 271 606 323 adscriptum
634 268 832 324 γράφεται
860 266 1018 322 ἀγαυοί,
1049 282 1131 312 non
1161 277 1374 323 permovet
1401 285 1480 315 nos
1518 278 1563 316 ut

92 336 267 376 nominis
299 337 556 377 usitatissimi
581 337 841 390 penultimam
864 337 1081 388 ancipitem
1103 338 1230 378 fnisse
1247 342 1455 391 putemus3
1487 339 1562 382 sed

92 400 173 442 suit
203 402 383 442 fortasse
414 404 481 454 qui
512 398 686 455 ἀγαυροί
715 403 936 455 scriberet,
976 401 1055 442 hoe
1086 404 1222 454 aptius
1254 404 1448 445 seroculis
1478 405 1560 446 illis

91 467 303 518 epitheton
343 469 593 509 existimans.
658 468 791 509 Nihilo
831 467 1037 508 efficacior
1083 472 1147 508 est
1180 469 1366 509 Leschae
1412 480 1560 511 versus

91 529 270 584 ἄμπελον
299 557 350 561 -
377 535 566 587 χρυσείην
585 531 803 587 φύλλοισιν
831 528 1018 585 ἀγανοῖσι
1038 531 1262 586 κομόωσαν
1280 532 1486 587 βότρυσιν,
1517 536 1560 577 in

91 609 171 651 quo
202 599 418 640 Hermann.
443 599 592 651 Opusc.
617 600 660 641 V.
683 599 771 641 186.
799 596 1118 653 παναργυρέοισι
1145 599 1404 641 scribendum
1430 605 1569 655 putats

92 664 301 705 Seidlerus
323 665 433 705 nulla
453 665 572 705 litera
598 669 753 705 mutata
781 661 887 717 ἄγαν
906 660 999 716 οἷσι,
1030 668 1122 707 suis
1150 666 1281 718 foliis,
1304 667 1382 707 hoc
1404 672 1469 708 est
1487 669 1560 709 viti

91 731 450 782 convenientibus;
482 731 600 771 aliam
633 734 793 782 egomet
824 731 975 771 tentavi
1004 732 1128 772 viam:
1166 731 1358 786 χρυσείην
1385 730 1561 786 φύλλοι-

90 805 168 847 σιν,
195 793 357 837 ἰαυθέσι
386 795 453 836 καὶ
483 793 704 848 κομόωσαυ
732 792 901 848 βότρυσι
915 797 953 821 ‘2⁵
990 797 1055 837 vel
1093 792 1156 850 ἅμ’
1198 794 1344 838 ἄνθεσι
1371 797 1442 839 καὶ
1469 813 1559 852 κομ.

88 862 250 914 βοτρ.26
278 863 463 903 similiter
493 868 536 903 ut
566 863 605 901 in
635 862 795 902 Alcinoi
826 862 956 902 hortis
988 874 1090 903 uvae
1121 863 1239 903 simul
1268 868 1561 919 maturescunt,

89 927 209 969 Simul
239 925 422 980 ὄμφακές
450 927 551 968 εἰσιν
579 925 712 974 ἄνθος
741 923 934 979 ἀφιεῖσαι.
981 927 1221 968 Welckerus
1247 928 1297 969 ad
1318 930 1470 972 Simon.
1497 931 1560 973 Fr.

88 994 169 1034 Vll.
199 1006 235 1035 v.
269 994 357 1035 100.
389 988 603 1045 ἀγαυνοῖσι
635 993 758 1034 scribi
784 993 902 1044 jubet
934 993 994 1043 (ut
1022 990 1173 1043 κρόκος
1201 990 1358 1045 ἀγαυός
1385 996 1426 1036 in
1445 996 1491 1037 H.
1512 996 1560 1038 H.

88 1059 129 1099 in
160 1059 249 1100 Cer.
281 1059 392 1112 426.)
426 1058 500 1099 sed
530 1058 721 1110 liquidam
752 1059 792 1098 in
822 1059 898 1098 hac
931 1059 1214 1099 terminatione
1252 1061 1448 1111 geminari
1476 1072 1561 1102 non

91 1130 276 1175 constat3
307 1136 398 1165 nam
429 1121 609 1177 ἐραννός,
641 1123 750 1176 quod
780 1124 914 1176 affert,
941 1134 1146 1174 nunquam
1175 1121 1321 1176 ἐρανός
1352 1126 1557 1167 scribitur.

89 1187 310 1241 Εὐδιαυός,
343 1190 452 1242 quod
483 1190 609 1230 semel
638 1189 785 1240 legitur
813 1199 890 1229 nec
919 1189 1008 1229 sine
1037 1189 1298 1243 suspicione,
1326 1202 1560 1234 mensuram

87 1256 210 1297 habet
239 1256 536 1308 gentiliciorum
562 1250 782 1306 Ἰστριανός
812 1258 888 1295 ete.
918 1254 1066 1306 quibus
1098 1254 1328 1307 adaquaeta
1357 1262 1455 1308 puto
1476 1272 1560 1309 κρι-

88 1319 201 1373 ανός,
231 1317 479 1374 σκορπιαυός
509 1324 548 1360 et
578 1318 771 1367 δελκανός
801 1320 928 1371 piscis
958 1330 1104 1360 nomen
1137 1332 1160 1360 a
1181 1320 1301 1362 fluvio
1322 1322 1450 1363 Delco
1471 1324 1560 1365 sive

87 1388 269 1429 Delconc
309 1387 471 1428 ductum
514 1387 631 1438 quasi
671 1386 932 1437 gentilicium.
996 1385 1196 1437 AdJiciam
1234 1397 1342 1428 nunc
1378 1392 1560 1431 saturam

87 1465 139 1495 ex
166 1454 292 1494 variis
321 1451 675 1493 terminationibus
705 1452 997 1503 compositam:
1038 1448 1185 1504 αἰανής
1226 1453 1313 1493 sive
1343 1450 1489 1507 αἰηνής
1518 1458 1559 1496 et

86 1516 256 1572 γελανής
286 1518 507 1571 penultima
536 1516 678 1568 longa3
709 1517 835 1569 brevi,
866 1517 945 1556 uisi
975 1516 1114 1571 fallor,
1141 1513 1312 1570 Ὴγανές
1343 1524 1382 1560 et
1411 1519 1559 1573 διηγα-

86 1581 153 1632 νές
180 1581 227 1624 τὸ
255 1580 454 1636 λαμπρόν,
484 1579 684 1635 Διητανὲς
707 1579 992 1635 διατεταμένου
1016 1583 1110 1624 Hes.
1167 1584 1381 1636 Proprium
1405 1583 1559 1639 Ἰορδά-

86 1663 161 1702 νης
188 1649 438 1689 Prodromus
476 1649 619 1689 extulit
655 1653 698 1688 ut
724 1644 954 1698 Ἰάρδανος,
995 1648 1067 1688 scd
1098 1647 1337 1702 Μιτράνης,
1369 1646 1556 1705 Ὀτάνης,

94 1712 308 1768 Τιγράνης,
338 1710 653 1766 Ἀριαβαρζάνης
682 1717 721 1753 et
752 1713 832 1752 alia
859 1713 1075 1753 Persarum
1098 1715 1262 1755 nomina
1286 1715 1450 1767 longam
1480 1717 1559 1758 ha-

88 1782 187 1823 bere
227 1780 488 1832 penultimam
531 1780 684 1832 exiis,
725 1789 829 1830 quae
868 1779 908 1817 in
944 1779 1140 1829 Aeschyli
1178 1780 1317 1821 Persis
1354 1781 1556 1837 leguntur,

86 1847 257 1898 intelligi
287 1846 381 1886 licet
412 1849 451 1885 et
482 1856 531 1885 ex
560 1848 732 1885 accentu
756 1839 950 1883 Ὀστᾶναι
982 1844 1090 1884 Suid.
1123 1845 1200 1885 etsi
1225 1845 1462 1888 Herodotus
1493 1849 1558 1890 al-

89 1914 171 1966 pha
199 1923 282 1952 non
314 1914 453 1951 mutat.
503 1910 611 1950 idem
643 1914 779 1950 statuo
805 1909 852 1949 de
875 1910 1036 1960 graecis
1063 1905 1241 1958 Ἀθάνας
1272 1916 1311 1952 et
1336 1907 1555 1966 Ὀηβάνας,

88 1979 235 2031 quibus
266 1976 413 2018 similia
448 1975 635 2015 videntur
666 1977 697 2015 I
700 1972 860 2027 ἀυάνης
890 1974 1036 2015 Herod.
1077 1980 1116 2015 et
1149 1971 1399 2032 Ἀρεσθάνης
1436 1980 1556 2023 Paus.

87 2044 161 2085 sed
187 2039 408 2094 Ὀρθάυης,
441 2042 477 2081 si
504 2053 601 2081 vera
642 2046 706 2081 est
745 2041 946 2081 correctio
977 2040 1178 2092 Lycophr.
1209 2042 1301 2084 538.
1339 2045 1558 2097 ancipitem

88 2110 257 2160 corripit
288 2113 330 2148 ut
346 2104 525 2155 Ὕπανις
554 2108 696 2147 fluvius
729 2111 767 2147 et
806 2102 1021 2156 πρύτανις,
1063 2106 1172 2157 quod
1213 2107 1252 2147 in
1283 2108 1557 2162 Inscriptione

89 2175 248 2216 aeolica
283 2173 462 2214 Richteri
513 2185 550 2225 p.
595 2173 687 2213 203.
727 2169 923 2223 πρόταυις
961 2172 1153 2211 scribitur
1193 2175 1311 2223 quasi
1349 2187 1439 2217 eum
1476 2175 1556 2231 πρό

85 2237 242 2292 πρόμος
280 2244 319 2280 et
356 2239 517 2291 πρῶτος
553 2239 799 2289 cognatione
831 2237 1076 2289 copulatum.
1124 2235 1274 2286 Ὤανις
1303 2240 1414 2282 Pind.
1437 2243 1558 2296 alpha

85 2311 232 2347 natura
261 2306 424 2356 longum
451 2305 594 2360 habet,
619 2300 801 2357 Ὠάνυης
827 2304 995 2356 Berosi,
1036 2303 1103 2355 qui
1145 2304 1195 2344 ab
1234 2305 1420 2348 Helladio
1449 2306 1559 2363 Ὤκης

176 2427 236 2469 25)
267 2425 410 2466 ’hev-‘155
443 2436 508 2460 non
536 2428 705 2469 reperitur
732 2426 835 2460 hodie
862 2425 924 2460 sed
954 2424 1141 2459 derivatum
1169 2425 1248 2460 hinc
1273 2425 1439 2465 ἷιὶνθινος
1463 2431 1559 2466 color

88 2491 259 2525 purpureo
286 2483 470 2524 proximus.
518 2481 679 2524 Syllabae
706 2484 786 2514 θεσι
814 2485 847 2515 et
873 2492 941 2511 οισι
971 2480 1132 2515 facillime
1160 2486 1420 2518 commutantur.

176 2537 236 2578 26]
270 2536 391 2571 Simile
417 2536 626 2580 hyperbaton
653 2541 706 2572 est
730 2537 794 2569 τὸν
818 2537 1023 2580 ‹tyno-1001,-
1047 2537 1108 2567 καὶ
1131 2538 1314 2579 μογέοντα
1331 2538 1440 2577 λίνοις
1455 2540 1556 2576 Anth.

88 2591 162 2625 Vll.
189 2591 265 2626 294.
291 2591 400 2635 πυρὸς
425 2591 611 2635 ἀσβέσῐοιο
636 2595 697 2626 καὶ
725 2593 890 2635 ἰθυντῆρι
919 2589 1067 2634 σιδήρου
1103 2590 1239 2625 (Joluth.
1280 2593 1334 2628 53.
1384 2595 1422 2629 In
1456 2605 1555 2641 seqq.

87 2645 246 2689 βότρυσι,
274 2645 570 2690 τοίτςἻ-Ιτμιισῑος
597 2647 804 2688 ἐπασκήσας
837 2648 893 2679 (lai
927 2646 1032 2683 δῶκε,
1071 2647 1182 2689 aptius
1219 2650 1273 2682 ost
1308 2648 1372 2690 τὴν
1405 2671 1446 2676 -
1480 2661 1557 2687 nam

89 2701 260 2736 Vulcanus
285 2704 388 2736 totam
411 2702 549 2737 donavit
572 2704 695 2746 vitem,
724 2712 791 2737 non
816 2711 900 2736 uvas
929 2701 1044 2736 modo.
