1731 3021
97 182 189 225 452
579 176 1013 221 DISSERTATIO
1069 177 1117 220 X.

103 291 246 332 ductus
267 291 507 341 conjectura
528 285 753 341 ἓπιμηλίδες
773 287 1032 329 scribendum
1056 290 1222 339 censet3
1253 286 1376 328 arbor
1398 286 1582 328 fructus-

104 368 181 408 que
213 356 306 396 mali
334 355 477 396 similis
508 351 688 407 ἐπιμηλίς
717 354 875 407 dicitur,
904 358 947 394 ut
977 350 1177 407 ἁμαμηλίς
1206 366 1242 394 v.
1275 352 1429 394 Coraes
1449 354 1582 394 Atact.

102 423 166 464 III.
198 434 235 474 p.
266 421 330 463 56.
362 432 422 473 sq.
454 425 493 461 et
524 420 686 461 diverso
719 421 823 460 ssexu
862 415 1120 473 ἁμασυκάὸες
1150 419 1191 459 αἱ
1221 415 1300 460 σὺν
1327 423 1413 466 τοῖς
1441 415 1584 466 σύκοις

102 485 317 541 γενόμεναι
356 484 470 527 ἄπιοι
506 487 602 528 Hes.
642 487 706 527 cui
736 486 977 526 Eustathius
1007 485 1101 538 878,
1131 485 1195 526 23.
1236 480 1449 538 ἁμαδρυάς
1479 495 1584 525 con-

105 555 193 595 fert.
251 553 483 593 Proximum
522 553 585 593 his
626 553 761 592 locum
794 553 943 592 sortita
973 555 1068 592 sunt
1100 550 1303 603 adjectiva
1335 562 1359 591 a
1388 550 1584 592 substan-

106 620 200 661 tivis
229 618 412 659 derivata
444 619 500 667 (ς.
531 618 568 659 3.
599 619 703 669 VII).
750 618 794 658 In
824 617 1014 658 Nicandr.
1043 617 1105 658 Al.
1133 616 1225 658 329.
1266 612 1386 657 ὀποῖο
1416 613 1459 656 δὲ
1487 630 1585 669 μοι-

105 685 199 740 ρίδα
227 684 366 738 λίτρην
396 682 465 724 καὶ
494 681 720 734 σπέραδος,
759 682 869 734 quod
900 683 1036 723 Schol.
1066 679 1365 736 μεμοιραμένην
1394 682 1585 735 explicat,

107 751 196 793 eod.
226 750 355 791 Paris.
381 747 559 802 μοιράδα
590 749 760 801 praebet
790 748 878 799 pari
907 752 1122 799 utrumque
1152 749 1372 801 miraculo,
1409 748 1489 788 nisi
1517 747 1586 788 ille

106 816 314 869 διμοιρίδα
344 816 512 867 scripsit
542 820 584 855 ut
617 813 859 867 τριτημορίς.
917 812 996 852 Pro
1029 811 1141 860 ἱππὶς
1168 810 1290 866 στολή
1320 813 1438 854 Dion.
1469 813 1587 854 CaSS.

106 881 317 924 XXXVIII.
349 880 411 922 14.
445 882 538 931 jure
569 881 802 920 restitutum
834 882 897 919 est
929 875 1063 926 ἱππάς.
1127 880 1181 918 At
1220 882 1365 919 contra
1393 876 1588 931 θριαμβὶς

108 943 230 1000 στολή
263 946 420 986 dicitur.
494 945 637 997 Neque
667 946 796 996 magis
832 944 1071 996 intelligitur
1109 955 1179 984 cur
1208 940 1336 992 κυνὰς
1363 939 1492 997 ἡμέρα
1523 943 1589 984 di-

109 1017 238 1066 catur,
268 1023 348 1064 qua
368 1022 492 1051 canes
519 1012 791 1064 immolantur,
821 1006 936 1064 ἆρνίς
965 1022 1062 1050 vero
1095 1022 1175 1062 qua
1201 1021 1314 1064 oves,
1345 1010 1473 1051 calcei
1495 1021 1589 1051 mu-

107 1079 260 1120 liebres
298 1076 508 1130 νυμφίδες,
539 1083 682 1129 portae
714 1082 847 1117 autem
867 1077 1132 1127 Megarenses
1161 1073 1372 1129 νυμφάδες
1403 1081 1443 1116 et
1471 1076 1588 1116 vicus

107 1143 310 1186 Arcadiae
341 1140 527 1195 Νυμφάς
555 1144 675 1184 Paus.
726 1144 807 1183 Res
839 1142 988 1182 clarior
1019 1143 1125 1182 soret
1156 1143 1190 1182 si
1220 1143 1340 1182 nobis
1373 1141 1423 1182 ad
1450 1140 1590 1181 illiba-

109 1217 174 1253 tas
205 1210 459 1262 antiquitatis
500 1210 643 1262 copias
684 1209 818 1250 aditus
858 1212 1040 1261 pateret,
1081 1208 1154 1249 sed
1185 1208 1350 1249 abolitis
1382 1207 1590 1259 plerisque

111 1288 216 1331 quae
246 1277 303 1316 illi
334 1275 532 1328 dixerunt,
562 1275 742 1326 ignorari
771 1285 947 1314 necesse
979 1278 1043 1314 est
1073 1285 1178 1325 quae
1208 1273 1286 1314 dici
1318 1274 1533 1326 potuerint.
1552 1267 1587 1293 ²⁷

222 1347 260 1391 §.
292 1343 328 1384 7.
386 1341 498 1382 Haec
528 1346 662 1380 autem
693 1340 906 1391 utriusque
937 1340 1232 1379 terminationis
1272 1340 1460 1379 vicinitas
1501 1351 1589 1381 eam

112 1419 276 1462 quoque
324 1406 616 1459 disputationis
665 1410 850 1458 partem,
901 1416 1020 1456 quam
1074 1404 1275 1456 extemplo
1325 1405 1589 1455 ingressurus

113 1486 214 1528 sum,
244 1473 441 1514 lubricam
474 1476 513 1512 et
544 1472 761 1522 ancipitem
792 1470 934 1510 reddit.
975 1470 1135 1510 Etenim
1166 1481 1214 1510 ex
1248 1470 1452 1521 tripartita
1484 1470 1590 1510 divi-

112 1541 231 1582 sione
260 1543 391 1580 restat
421 1548 550 1589 genus
582 1536 759 1576 ultimum
798 1535 1058 1576 substantiva
1097 1546 1121 1575 a
1160 1536 1430 1575 substantivis
1470 1536 1591 1578 ducta

113 1606 383 1658 complexum,
413 1603 524 1643 velut
551 1598 683 1654 μηνάς
713 1601 808 1641 luna
838 1601 931 1641 Eur.
961 1601 1082 1640 Rhes.
1115 1599 1207 1641 534.
1245 1612 1319 1652 pro
1363 1612 1443 1652 quo
1482 1603 1592 1642 scri-

111 1675 208 1724 ptor
239 1670 389 1712 Christi
419 1668 502 1709 Pat.
532 1666 651 1720 μηνίς
681 1666 915 1718 supposuit,
944 1665 1076 1713 πελλίς
1104 1662 1131 1719 ἢ
1158 1662 1305 1714 πελλὰς
1330 1664 1479 1721 λεκάνη
1495 1668 1590 1710 Hes.

114 1747 285 1789 quorum
316 1735 396 1775 hoc
426 1744 632 1785 nunquam
661 1733 877 1784 invenitur,
907 1731 1005 1772 illud
1024 1743 1208 1785 perraro,
1239 1737 1411 1773 accentu
1432 1734 1590 1774 incerto

115 1802 166 1843 ob
199 1801 477 1842 accusativum
508 1797 801 1851 parisyllabum
830 1793 978 1838 πέλλιν.
1036 1798 1146 1838 Inter
1186 1800 1401 1839 venatoria
1433 1799 1593 1840 instru-

112 1871 249 1907 menta
278 1866 379 1906 Poll.
411 1866 455 1905 V.
487 1865 552 1906 33.
586 1861 698 1915 σειρά
735 1878 794 1910 τις
826 1861 877 1916 ἣν
913 1861 982 1904 καὶ
1022 1862 1189 1916 σειράδα
1227 1866 1400 1906 καλοῦσι
1437 1862 1592 1918 πλέγμα

113 1929 158 1972 ἐκ
187 1928 374 1984 σπάρτου
405 1931 489 1971 sere
520 1935 560 1970 ut
589 1930 733 1970 Festus
764 1931 914 1971 serilla
941 1930 1122 1982 [1ιηὶοαίὶ
1153 1933 1223 1984 qui
1245 1943 1296 1972 θα)
1315 1933 1463 1983 sparto
1486 1943 1592 1972 0οη-

113 2000 329 2038 seruntur.
389 1996 469 2037 Sed
508 1996 577 2036 illo
619 1996 713 2035 1000
755 1995 871 2037 codd.
911 1996 1034 2048 σειρίς
1069 1998 1290 2050 praebent,
1329 1995 1438 2048 quod
1467 1997 1589 2047 vulgo

113 2062 262 2114 legitur
304 2062 350 2103 X.
385 2062 474 2103 141.
511 2066 550 2103 et
590 2066 734 2114 quater
781 2073 844 2113 ap.
874 2061 1135 2114 Xenophont.
1191 2062 1236 2103 In
1271 2062 1359 2102 Nic.
1398 2061 1460 2102 Al.
1498 2061 1592 2103 403.

115 2126 391 2169 Schneiderus
430 2126 560 2178 ριζίδα
601 2139 622 2169 0
662 2126 779 2168 codd.
816 2128 973 2179 recepit
1011 2127 1084 2168 sed
1123 2139 1160 2168 v.
1203 2126 1295 2168 531.
1334 2124 1488 2179 ῥιζάδα.
1547 2127 1591 2168 In

115 2193 287 2234 Theocr.
329 2193 391 2234 IV.
430 2193 466 2234 3.
513 2205 587 2246 pro
627 2189 788 2245 ἀμνίδες
827 2192 906 2233 duo
956 2193 1124 2233 minoris
1171 2192 1263 2233 fidei
1308 2192 1402 2233 libri
1439 2192 1592 2233 habent

113 2254 301 2311 ἀμνάδες,
331 2270 411 2310 quo
444 2259 702 2311 posteriores
734 2263 898 2298 utuntur
917 2262 959 2297 ut
980 2258 1251 2299 Bardesemes
1272 2258 1423 2298 Euseb.
1445 2258 1590 2311 Praep.

112 2325 185 2365 Ev.
218 2325 279 2365 VI.
312 2335 345 2364 c.
381 2324 442 2366 10.
475 2324 567 2365 274.
600 2324 642 2365 C.
673 2319 849 2376 ἀμνάὸες
877 2321 947 2363 καὶ
975 2320 1152 2376 μηκάδες
1181 2323 1428 2376 diversoque
1465 2324 1591 2364 intel-

112 2390 219 2430 lectu
250 2387 459 2436 Μναάδας
490 2390 589 2443 (sic)
620 2385 692 2436 τὰς
721 2385 993 2441 ἀμελγομένας
1022 2384 1141 2441 αἶγας
1169 2389 1265 2430 HeS.·
1300 2391 1361 2430 Sic
1383 2394 1517 2430 tamen
1547 2394 1591 2430 ut

114 2455 163 2495 ab
207 2454 350 2495 eodem
389 2449 498 2508 ἄμνή
539 2455 604 2496 vel
635 2451 761 2508 ἀμυός
801 2454 1024 2495 derivatum
1065 2466 1160 2495 esse
1201 2459 1410 2508 appareat.
1478 2454 1592 2496 Indi-

114 2525 251 2560 screta
280 2525 375 2561 sunt
404 2520 543 2573 συκχίς
570 2521 691 2563 Anth.
726 2525 765 2562 et
795 2516 948 2573 συκχάς
977 2520 1078 2562 Poll.
1116 2521 1212 2562 Hes.
1240 2521 1390 2570 θυννίς
1419 2525 1459 2562 et
1488 2523 1592 2562 θυν-

203 2667 262 2710 27)
287 2670 385 2705 Σίνις
410 2671 444 2704 et
469 2667 591 2706 σιγάς,
620 2667 772 2713 σῑρόᾳις
798 2672 832 2704 et
856 2667 1039 2715 στροφάς,
1068 2667 1196 2715 &ovete
1228 2671 1263 2705 et
1287 2667 1427 2713 θουράς
1452 2669 1501 2704 ita
1531 2668 1589 2703 di-

115 2722 237 2756 stincta
261 2727 338 2758 sunt
364 2727 401 2758 ut
425 2723 589 2757 confundi
615 2733 681 2758 non
711 2726 854 2768 possint.
