1731 3021
133 175 218 216 1112
599 165 1026 210 DISSERTATIO
1077 165 1140 206 IX.

133 279 357 336 καρηττός,
389 274 656 330 Λυκαβαττός
684 278 725 316 in
751 277 848 316 Rav.
881 275 1005 315 Arist.
1035 274 1161 314 Rann.
1197 273 1312 315 1056.
1372 274 1509 315 Causa
1538 285 1609 314 au-

138 356 215 390 tem
246 348 365 398 hujiis
397 344 627 385 constantis
658 340 960 382 inconstantiae
989 350 1122 391 neque
1151 340 1192 378 in
1223 339 1520 390 significatione
1540 351 1612 392 po—

137 416 217 456 sita
247 424 342 453 esse
373 414 533 463 potest,
575 419 748 459 namque
777 407 982 447 hominum
1010 405 1206 444 montium
1246 405 1510 457 vicorumque
1540 417 1612 445 no-

136 481 244 520 mina
270 477 412 518 eodem
435 474 556 516 modo
583 473 836 523 scribuntur3
867 483 998 523 neque
1019 471 1059 510 in
1082 469 1316 510 diversitate
1339 472 1473 524 etymi,
1504 471 1614 522 quod

138 545 375 598 plerumque
413 542 524 581 latet
592 539 690 588 Quis
731 538 835 578 enim
871 549 944 589 pro
978 540 1090 576 celto
1123 539 1307 575 assumat
1337 535 1447 588 quod
1478 536 1615 577 Schol.

136 611 237 651 Plu.
269 609 364 649 C1it.
396 620 434 660 p.
465 607 557 648 444.
588 605 760 645 affirmat
802 602 1069 653 lycabettuin
1108 605 1299 641 vocatum
1338 612 1433 641 esse
1472 597 1540 641 διὰ
1567 597 1614 641 τὸ

138 674 280 722 λύκοις
306 669 535 726 πληθύεινθ
564 675 633 711 aut
664 670 734 710 Ori
766 671 1037 708 commentum
1066 668 1107 707 in
1131 667 1216 708 EM.
1236 662 1529 719 Ἁλικαρνασός
1548 662 1615 706 διὰ

138 738 185 782 τὸ
223 737 325 792 πρὸς
362 740 411 792 τῇ
442 734 506 777 ἁλὶ
542 737 614 789 τῆς
655 734 814 784 Καρίας
843 728 1041 787 ᾠκίσθαι,
1081 733 1147 772 vel
1178 732 1286 784 quod
1318 732 1552 784 Stephanus
1584 743 1616 772 S.

147 805 345 859 Τρινακία
375 803 595 854 significat,
635 801 886 850 Lyrnessum
916 793 998 837 ἀπὸ
1025 797 1096 850 τῆς
1126 793 1385 850 ὁμοιότητος,
1431 797 1510 837 hoc
1541 801 1618 850 est,

142 886 166 913 a
196 873 308 922 lyrae
340 867 633 910 similitudine?
683 865 768 905 Nec
809 863 967 903 felicius
1007 868 1069 903 est
1097 862 1303 902 Welclfflri
1331 863 1538 903 inventum
1569 862 1618 903 de

141 937 251 989 Cycl.
282 935 395 986 Epic.
425 934 517 974 244.
562 926 789 984 Βριλησσός
819 940 868 969 ex
898 924 1112 981 ἐριιλισσός
1142 932 1397 968 contractum
1428 939 1547 978 esse,
1579 932 1619 968 et

139 1001 324 1045 Muelleri
361 1001 402 1039 in
440 998 579 1039 Dorib.
609 997 636 1037 I.
670 996 758 1036 104.
790 990 1112 1047 Ἀλικαρνασσός
1150 1005 1199 1034 ex
1238 989 1304 1033 ἁλι
1341 1017 1394 1022 -—
1423 990 1617 1047 κάρηνου.

138 1067 389 1110 Primitivum
427 1064 603 1104 forsitan
641 1055 1024 1113 suerit‘AMxocovoc‚
1064 1071 1144 1111 quo
1184 1060 1347 1099 nomine
1386 1060 1619 1112 Stephanus

141 1147 174 1176 s.
207 1130 359 1177 Χαλκίς
390 1128 621 1170 Chalcidem
652 1126 897 1180 appellatam
930 1137 1024 1166 esse
1056 1125 1209 1177 scribit,
1240 1136 1369 1177 eaque
1397 1136 1482 1166 non
1499 1126 1621 1165 inso-

140 1201 213 1241 lita
243 1202 305 1239 est
333 1196 491 1236 urbium
522 1192 767 1246 appellatio:
792 1188 1011 1243 Ἁλίκυρυα
1039 1191 1297 1231 Acarnaniae
1327 1202 1362 1231 v.
1395 1190 1620 1232 Tzschnck.

142 1265 193 1306 ad
231 1262 364 1304 Strab.
404 1261 449 1301 X.
482 1259 571 1301 114.
603 1254 822 1311 Ἅλίσαρνα
863 1257 1034 1298 Troadis
1076 1256 1215 1308 Steph.
1255 1256 1430 1307 (omissa
1457 1257 1499 1296 in
1531 1256 1619 1308 Th.)

142 1326 344 1381 Κάλαρινα
372 1325 660 1376 Macedoniae,
699 1319 955 1373 Καλάσαρνοι
984 1322 1146 1374 Italiae,
1191 1318 1443 1374 Φαλάσαρνα
1473 1322 1620 1362 Cretae

145 1402 221 1438 etc.
252 1407 288 1435 v.
312 1393 485 1434 Dissert.
509 1390 552 1430 V.
577 1394 615 1437 §.
637 1388 673 1430 6.
703 1388 806 1429 Adn.
827 1388 890 1428 57.
931 1388 999 1429 Sic
1023 1392 1062 1428 et
1082 1387 1233 1426 montis
1257 1397 1405 1427 nomen
1430 1387 1620 1439 Ταφίοισ-

143 1474 213 1509 cog
235 1462 321 1502 sive
341 1457 553 1509 Ταφιάσος
583 1454 747 1505 (Tzsch.
768 1453 817 1494 ad
838 1454 915 1494 Str.
939 1453 985 1493 X.
1008 1453 1091 1505 52.)
1123 1463 1242 1504 quem
1270 1453 1502 1504 Antigonus
1532 1453 1619 1494 Mir.

145 1526 315 1570 CXXIX.
353 1523 516 1575 Ταφίου
545 1517 640 1573 ὄρος
670 1522 804 1571 vocat,
835 1530 858 1558 a
895 1515 1053 1570 Τάφιος
1083 1518 1327 1558 declinatum
1358 1517 1529 1571 videtur,
1569 1513 1620 1558 τὰ

146 1595 279 1646 Νῶρα
315 1590 395 1630 νῦν
431 1589 609 1628 καλεῖται
638 1581 888 1637 Νηροασσός
926 1583 1059 1625 Strab.
1090 1583 1170 1624 Xll.
1208 1582 1300 1624 537.
1340 1594 1421 1635 qua
1459 1584 1620 1625 ratione

145 1660 266 1701 etiam
297 1653 501 1707 Κύρβασα
541 1662 631 1691 cum
662 1646 832 1702 Κύρβη,
879 1649 1089 1701 Περγασαί
1126 1659 1216 1688 eum
1250 1644 1388 1701 Πέργη
1431 1645 1619 1702 (πύργος,

150 1722 362 1776 Πέργαμα)
396 1716 607 1765 conciliari
627 1720 828 1768 possunt·
868 1715 1156 1767 Cephalleniae
1188 1714 1333 1754 civitas
1365 1713 1405 1754 οἱ
1437 1711 1624 1766 Ποόννοι

143 1789 286 1841 Polyb.
320 1788 364 1828 V.
394 1786 431 1826 3.
470 1782 577 1835 apud
616 1781 720 1821 alios
760 1786 856 1833 typo
898 1780 1143 1832 possessivo
1185 1776 1372 1830 Πρώνιοι
1411 1784 1450 1820 et
1483 1782 1622 1831 Προν-

143 1859 266 1905 vator,
298 1866 321 1894 a
352 1851 557 1893 Strabone
585 1844 813 1901 Πρώνησος
843 1846 990 1886 dicitur
1011 1846 1057 1886 X.
1074 1845 1165 1886 455.
1194 1844 1464 1886 Brundusium
1487 1847 1622 1897 Βρεν-

143 1919 287 1975 τήσιον
325 1930 349 1959 a
387 1928 491 1958 voce
527 1914 803 1965 Mesapiorum
840 1909 1010 1970 βχρένὸος
1047 1911 1197 1951 dictum
1227 1915 1419 1964 narrant,
1460 1912 1624 1953 Titare-

146 2000 230 2031 sus·
250 1989 359 2026 certe
392 1994 415 2024 a
443 1984 602 2033 monte,
641 1978 746 2018 unde
783 1977 966 2029 profluit,
1007 1977 1144 2016 Titaro
1176 1987 1325 2016 nomen
1354 1977 1514 2028 accepit
1559 1977 1624 2019 IX.

145 2053 238 2095 441.
267 2044 570 2100 Μυκαλησσός,
602 2049 723 2097 puto,
755 2055 778 2083 a
808 2040 1012 2095 Μυκάλη,
1050 2042 1280 2093 quicunque
1319 2041 1476 2081 demum
1505 2042 1623 2083 locus

146 2120 204 2160 ita
233 2116 464 2170 appellatus
495 2116 580 2163 est3
626 2107 881 2162 Πύργησσαν
912 2108 1146 2159 Stephanus
1176 2111 1299 2146 vocat
1328 2107 1468 2147 Italiae
1501 2109 1625 2160 oppi-

149 2185 242 2225 dum
282 2181 392 2234 quod
430 2179 551 2230 vulgo
590 2177 711 2227 Pyrgi
749 2175 906 2215 dicitur.
975 2173 1158 2223 Denique
1200 2171 1298 2210 nihil
1341 2182 1420 2212 nos
1459 2172 1625 2224 adjuvat

149 2249 415 2290 dialectoruin
447 2244 712 2292 observati03
751 2252 842 2281 nam
874 2237 982 2291 quod
1003 2238 1152 2278 Strabo
1184 2236 1280 2276 dicit
1307 2236 1370 2277 IX.
1396 2237 1488 2278 404.
1519 2240 1624 2278 Μυ-

149 2310 351 2367 καλησσός
388 2334 442 2339 ——-
476 2309 649 2350 καλοῦσι
686 2303 729 2346 δὲ
768 2304 1019 2358 βοιωτιακώς
1047 2298 1348 2354 Μυκαληττόν,
1387 2304 1626 2354 quantillum

148 2382 285 2421 valeit
322 2377 372 2418 ad
403 2372 736 2427 cognoscendum
766 2381 882 2411 usum
921 2369 1185 2410 scribentium
1215 2368 1280 2414 vel
1311 2379 1361 2408 ex
1391 2379 1440 2408 eo
1471 2369 1626 2410 intelli-

149 2449 254 2499 gitur
288 2442 397 2496 qnod
426 2452 529 2493 quae
563 2439 612 2479 ad
641 2437 802 2479 Boeoti
805 2447 854 2475 im
886 2435 1090 2486 pertinent
1120 2434 1241 2486 vulgo
1268 2445 1341 2486 per
1363 2443 1414 2474 σσ
1434 2435 1628 2476 scribun-

151 2519 214 2553 tur
245 2505 475 2562 Κερησσός,
512 2500 751 2557 Περιιησσός
781 2503 867 2543 sive
902 2496 1138 2552 Περμησος,
1187 2497 1415 2553 Τευμησός,
1454 2505 1492 2541 et
1522 2513 1627 2554 quae

153 2578 203 2618 id
233 2577 406 2616 Atticam
429 2584 502 2625 per
525 2585 582 2621 ττ,
613 2564 893 2622 Λυκαβηττός,
915 2562 1194 2618 Συπαληττός.
1226 2590 1277 2595 -
1306 2566 1514 2607 Feminina
1533 2571 1628 2609 sunt

249 2722 286 2765 9]
316 2721 465 2763 Hesych.
493 2720 720 2763 Αυκαβατιάς
742 2713 891 2760 δρυμός,
920 2714 959 2748 ἐν
984 2706 1012 2757 ᾧ
1038 2714 1070 2747 οἱ
1095 2711 1196 2746 λύκοι
1220 2711 1454 2758 διατρίβουσι.
