1699 3021
315 143 383 184 DE
414 143 536 185 MUT.
567 142 774 184 TERMIN.
807 142 1006 185 CAUSIS.
1055 143 1098 186 C.
1119 144 1183 186 111.
1216 149 1255 193 ὃ.
1274 145 1312 187 3.
1490 146 1552 189 63

79 253 181 295 sime
209 263 308 293 vero
339 253 580 304 paronymia
609 256 781 304 apparet
810 252 850 292 in
879 252 930 293 iis
961 263 1066 304 quae
1096 253 1347 305 aliquantum
1375 253 1481 295 inter
1506 266 1554 297 se

78 318 277 371 differunt,
308 319 478 369 primum
496 329 659 371 genere,
689 321 732 358 ut
752 317 910 358 urbium
930 319 1094 358 nomina
1110 315 1180 369 Ἴς,
1211 320 1328 368 Κίος,
1355 320 1552 373 Κλείτωρ,

79 380 268 434 Ξάνθος,
311 384 500 424 feminina
530 387 644 436 sunt,
687 383 898 423 fluviorum
935 383 1273 435 homonymorum
1313 386 1552 428 masculina.

78 449 267 490 Secundo
300 450 583 489 terminatione
613 444 636 488 ὁ
656 444 846 495 ’Ἀλαισος
875 449 1018 489 fluvius
1048 445 1098 488 τὰ
1116 446 1289 489 ’Ἀλαισα
1310 449 1422 503 urbs,
1452 452 1552 491 Κίλ-

75 517 146 562 λος
172 538 227 542 —
256 515 388 555 Κίλλα
416 515 530 555 Eust.
558 513 623 567 34,
654 513 687 554 1.
721 515 870 566 Πεῖρος
897 538 952 544 -
985 515 1130 565 Πείραι’
1158 516 1277 557 Paus.
1308 517 1388 557 VII.
1422 516 1484 571 18,
1517 518 1552 560 1.

87 581 310 620 ructamus
350 592 377 620 a
418 591 499 632 {sito
540 579 736 630 oppidum
786 579 1030 620 Vulturnum
1067 581 1154 621 Vib.
1195 581 1289 632 Seq.
1357 583 1551 624 Similiter

75 645 199 686 urbes
230 657 253 685 a
283 646 503 699 montibus,
533 645 679 697 quibus
710 644 911 697 adjacent,
942 656 1089 685 nomen
1120 647 1293 687 sortitae
1315 646 1551 700 discrepant

75 711 204 751 altero
238 714 350 750 utro:
389 705 660 763 Τυμφρηστός
688 707 735 750 τὸ
765 707 862 762 ὄρος
889 705 1122 761 ἀρσενικῶς,
1155 707 1178 764 ἡ
1208 708 1252 752 δὲ
1279 709 1396 761 πόλις
1421 716 1551 767 θηλυ-

74 777 158 824 κῶς
197 776 289 817 Soti.
326 776 420 827 Lyo.
450 776 542 818 420.
582 777 801 828 Μίμαντος
840 772 863 829 ἡ
899 773 1017 823 πόλις
1053 772 1135 817 ἀπὸ
1169 778 1246 818 τοῦ
1285 774 1411 829 ὄρους
1446 779 1549 831 (Μί-

73 841 168 894 μας)
199 842 285 882 ΕΜ.
314 837 340 893 ἡ
368 842 550 889 Σίπυλος
577 842 689 895 urbs,
717 838 740 883 ὁ
766 842 861 882 Σίπ.
892 853 1011 882 mons
1036 843 1175 894 Steph.
1204 839 1252 883 τὸ
1282 839 1412 896 ἄκρον
1441 842 1550 898 Γάρ-

72 920 225 960 γαρον,
263 902 289 959 ἡ
318 903 361 945 δὲ
389 903 506 953 πόλις
534 909 728 960 θηλυκῶς
759 911 799 949 Γ
796 906 973 961 άργαρος
1004 908 1141 949 Sehol.
1170 908 1211 950 Il.
1241 909 1340 950 XIV.
1374 908 1466 951 291.
1497 911 1548 951 cf.

75 971 300 1013 Tzschuok.
331 971 382 1011 ad
411 971 502 1012 Mel.
533 972 620 1013 Vol.
650 973 713 1013 Ill.
743 973 785 1014 P.
814 974 839 1014 I.
868 973 961 1014 529.
1000 969 1025 1026 ἡ
1057 974 1275 1021 Μαίναλος
1303 969 1350 1014 τὸ
1379 974 1548 1015 Μαίνα-

71 1041 158 1089 λον,
190 1039 240 1079 Os.
270 1037 320 1078 id.
358 1037 408 1078 ad
439 1037 572 1078 Strab.
604 1037 702 1078 VIII.
720 1038 811 1079 321.
841 1035 865 1089 ἡ
895 1036 1120 1086 Φάλανθος
1145 1035 1192 1079 τὸ
1219 1036 1451 1080 Φάλανθον
1470 1044 1547 1082 etc.

73 1106 266 1156 Quaeque
297 1114 320 1142 a
351 1103 433 1143 situ
461 1108 528 1143 aut
559 1114 583 1143 a
612 1104 880 1155 proventibus
913 1104 1044 1145 aliave
1073 1105 1153 1145 soli
1183 1105 1438 1156 proprietate
1469 1117 1548 1157 ap—

72 1171 249 1223 pellatae
287 1172 382 1209 sunt
418 1173 573 1209 mutata
613 1169 804 1221 primitivi
843 1170 1127 1210 terminatione
1161 1167 1370 1217 ’Ἁκανθος
1415 1165 1549 1210 ἀκάν-

69 1240 166 1283 θαις
194 1230 480 1288 πεφραγμένη,
521 1230 623 1274 ὅθεν
658 1230 847 1287 κέκληται
887 1236 1026 1287 Steph.
1054 1232 1183 1288 ’Ἀρνη
1218 1233 1282 1275 ὅτι
1311 1232 1547 1288 πολύαρνος

69 1302 155 1343 ΕΜ.
193 1301 368 1342 Τίτανον
397 1295 465 1339 διὰ
492 1295 539 1339 τὸ
568 1296 796 1351 λευκόγεων
825 1295 929 1340 εἶναι
960 1300 1097 1342 Schol.
1128 1301 1169 1341 Il.
1189 1301 1234 1342 II.
1253 1300 1318 1343 89.
1350 1299 1546 1355 Καλάθη,

70 1364 283 1417 Μάραθος
304 1366 392 1407 sive
410 1363 638 1417 Μαραθός,
673 1363 827 1417 Πύλος,
863 1364 995 1417 Πύξα,
1020 1363 1150 1420 Ῥίπη,
1182 1367 1246 1407 vel
1276 1367 1368 1409 solo
1396 1379 1548 1420 genere

68 1430 94 1488 ἡ
112 1429 302 1485 Ἐρινεός,
331 1428 608 1485 ἡὌλυνθος,
653 1432 719 1472 vel
747 1443 898 1483 genere
929 1437 968 1473 et
999 1437 1173 1473 accentu
1191 1430 1331 1480 Ἴπνος
1361 1430 1415 1486 ἥν
1442 1447 1548 1481 τινες

63 1496 224 1541 Ἰπνέαν
249 1497 388 1549 Steph.
417 1496 483 1537 vel
513 1501 685 1537 accentu
716 1497 913 1539 duntaxat
942 1498 1119 1551 Πρασία,
1152 1498 1201 1539 de
1231 1509 1311 1550 quo
1343 1498 1450 1540 infra
1481 1499 1547 1540 ‹li-

68 1570 205 1616 cetur3
249 1568 288 1604 et
317 1566 412 1604 sunt
442 1573 546 1614 quae
578 1563 772 1604 trifariam
803 1564 1029 1617 discedant,
1060 1567 1245 1617 accentu,
1274 1574 1437 1618 genere,
1469 1564 1546 1607 de-

67 1631 309 1682 clinatione,
347 1625 532 1680 Αἰγιάλη.
591 1629 664 1669 His
703 1634 838 1670 autem
874 1629 1006 1670 modis
1047 1630 1234 1670 omnibus
1266 1629 1491 1670 derivativa
1521 1641 1546 1671 a

67 1696 281 1749 primitivis
311 1705 395 1734 non
421 1694 554 1734 minus
586 1694 695 1735 clare
726 1695 1027 1746 distinguuntur
1047 1706 1166 1746 quam
1187 1695 1544 1737 terminationibus

66 1760 327 1815 paragogiois
360 1754 514 1809 Ἰπνέα,
554 1754 736 1809 Ἰπνοῦς,
785 1760 952 1809 Πυξοῦς
980 1761 1228 1813 Buxentum,
1266 1756 1542 1800 Καλάθουσα.

68 1827 149 1870 Sed
180 1830 243 1867 est
272 1836 402 1876 genus
433 1835 750 1877 paronymorum
777 1825 887 1877 quod
908 1825 1337 1878 aparasohematiston
1366 1825 1543 1878 vocabo,

66 1892 163 1944 quia
199 1890 497 1942 significatione
534 1889 655 1931 modo
696 1901 778 1931 non
818 1892 938 1932 etiam
977 1902 1082 1931 voce
1111 1902 1135 1931 a
1165 1891 1368 1942 primitivo
1401 1889 1541 1945 distat,

67 1959 117 1998 ab
137 1956 204 2010 ἴδη
215 1952 316 2008 Ἴδη,
337 1967 360 1995 a
379 1953 584 2008 δρέπανον
603 1953 834 2009 Δρέπανον,
865 1968 941 1998 neo
961 1956 1094 1997 solum
1113 1956 1163 1998 ab
1184 1955 1445 2009 appellativis
1468 1955 1543 1998 sed

66 2135 246 2179 (nominis,
269 2134 457 2177 trionymis‚
482 2134 682 2177 tetronymis
702 2133 867 2168 Priscian.
890 2135 912 2169 l.
936 2144 966 2168 o.
992 2143 1026 2177 p.
1051 2134 1107 2169 75.
1136 2134 1243 2168 veluti
1268 2133 1380 2178 Λιβύη
1405 2134 1453 2180 γῆ
1475 2147 1538 2168 πο-

63 2189 266 2233 λυώνυμος,
291 2190 482 2227 numae,
505 2187 701 2231 Ἕσχατιά,
727 2188 902 2233 Κορυτγή,
923 2187 1116 2232 Ἐσῑιεριά,
1140 2189 1323 2233 Ὀρτυγία,
1345 2190 1538 2233 Ἀμμωνίς,

64 2245 219 2290 Κυρήνη,
250 2244 423 2287 Ὀᾳιοῧσα
467 2248 534 2280 etc.
570 2244 690 2287 Steph.
729 2246 840 2278 Melos
875 2256 974 2288 qaam
998 2245 1164 2277 Aristides
1195 2245 1341 2287 Byblida
1376 2246 1540 2288 appellat,

64 2301 259 2334 Aristoteles
283 2299 494 2342 Zephyriam
523 2299 749 2331 Callimachus
769 2300 974 2342 Mimallida,
1006 2301 1201 2333 Heraclides
1224 2301 1351 2343 Acyton
1370 2300 1457 2335 Plin.
1482 2301 1537 2336 IV.

61 2356 116 2391 23.
146 2354 272 2398 Σάμος
294 2357 501 2398 Παρθενία,
529 2355 693 2398 ,Δρυυῧστι
721 2358 787 2389 etc.
820 2364 850 2388 V.
879 2355 1032 2389 Pallol'lia
1056 2355 1204 2389 Saluiae.
1231 2366 1263 2399 p.
1290 2355 1325 2391 8.
1354 2354 1538 2399 Frequen-

62 2412 195 2445 tissima
219 2414 272 2445 est
296 2409 468 2452 dionymia
496 2410 713 2445 lieroinarum
741 2408 866 2450 Θυώνη
890 2411 1041 2453 Σεμέλη,
1072 2409 1154 2442 Ἰνώ
1177 2412 1377 2448 Λευκοθέα,
1403 2412 1536 2444 Σθενί-

61 2470 145 2508 βοια
174 2466 312 2499 Ἄντεια
346 2464 463 2498 Schol.
499 2465 538 2499 ll.
574 2465 630 2499 VI.
668 2466 741 2500 160.
779 2464 936 2505 Λαοδίκη
967 2466 1138 2510 Ἠλέκτρα
1173 2465 1228 2499 ΙΧ.
1265 2465 1340 2501 145.
1381 2464 1537 2510 Ἔριώπη

56 2519 254 2564 Ἀλκιμάχη
290 2519 356 2555 XV.
385 2519 461 2556 336.
492 2530 524 2554 v.
550 2520 702 2555 Siebel'is
734 2519 778 2553 ad
806 2520 905 2553 Paus.
933 2521 993 2555 lll.
1026 2521 1063 2563 1,
1088 2521 1121 2556 3.
1158 2520 1222 2553 τὸν
1250 2521 1447 2565 ’Λρχέλαον
1473 2533 1537 2554 κα-

60 2576 170 2609 λοῦσι.
189 2576 249 2608 καὶ
268 2576 438 2619 Ἀργαῖον
463 2575 525 2607 καὶ
549 2578 762 2608 Παυσανίαν
788 2575 951 2619 llarpoer.
980 2585 1008 2610 S.
1028 2575 1204 2619 Ἀργαῖος.
1253 2576 1305 2612 De
1330 2576 1384 2611 his
1415 2577 1536 2613 disse-

58 2632 126 2665 ruit
149 2630 298 2664 Nicanor
322 2629 362 2663 ἐν
385 2634 463 2667 ταῖς
483 2633 768 2673 μετονομασίαις
791 2640 822 2665 v.
849 2630 963 2666 Vales.
991 2639 1025 2673 p.
1050 2630 1127 2667 211.
1149 2634 1184 2667 et
1201 2630 1301 2667 nobis
1320 2632 1536 2676 propOSItum

61 2690 115 2721 est
138 2686 256 2722 dicere
283 2686 317 2719 in
342 2685 487 2721 Dissert.
516 2685 559 2721 de
585 2685 749 2728 epithetis
774 2685 927 2721 deorum.
