1699 3021
297 165 363 206 DE
397 165 576 207 NOMIN.
609 165 660 206 IN
688 156 739 207 αἶ
770 165 1115 207 EXEUNTIBUS.
1164 168 1205 209 C.
1231 169 1255 209 l.
1288 174 1324 217 ς.
1345 170 1381 211 5.
1519 174 1579 217 99

99 271 212 317 θέσει
232 271 300 316 διὰ
319 275 603 327 καλλιφωνίαν
621 272 910 328 φυτάλμιος.4“
966 275 1067 315 Nam
1086 278 1331 330 φυταλίμιος
1352 280 1448 322 illud
1468 282 1577 334 quod

101 341 305 392 Reisigius
337 340 489 382 Comm.
521 341 618 382 Oed.
650 342 692 382 (3.
724 353 761 393 p.
791 340 855 381 49.
887 341 1073 392 exemplo
1116 354 1258 394 parum
1294 350 1392 396 apto
1422 344 1578 389 ἐπωνύ-

100 421 193 460 μιος
223 405 424 459 defendit,
466 418 548 447 non
578 407 708 447 minus
741 406 958 446 barbarum
990 411 1054 447 est
1085 419 1204 459 quam
1242 411 1431 463 μονίμιος
1471 414 1576 455 soret

102 472 166 513 vel
194 471 431 524 κυδαλίμως
461 471 620 512 aliudve
650 472 712 512 his
745 471 887 512 simile.
946 472 1005 512 De
1035 473 1251 515 metathesi
1283 477 1392 528 quod
1425 478 1575 533 dicunt,

99 536 205 578 idem
235 536 312 577 dici
345 542 483 588 potest
514 537 563 578 de
600 534 850 589 ψευδάλμιος
879 537 973 578 Hes.
1014 538 1081 578 ubi
1110 539 1285 582 Vossius
1326 541 1576 597 ψευδάλιμος

100 603 226 645 scribi
255 603 352 656 vult,
383 602 513 653 deque
544 603 744 643 similibus
776 598 966 665 duacffl
987 608 1027 644 et
1053 599 1257 657 ἀκέσιμος,
1289 605 1506 662 γεράσμιος
1535 617 1574 652 et

100 665 348 721 Γεράσιμος,
379 669 457 708 nisi
488 669 625 720 potius
656 675 760 720 quae
790 669 831 709 in
860 679 976 722 σιμος
1006 674 1176 724 exeunt,
1221 684 1244 712 a
1274 676 1410 716 verbis
1443 681 1574 718 ortum

99 734 263 787 liabent,
294 746 398 786 quae
428 735 469 773 in
501 743 618 786 σμιος
637 746 661 775 a
680 735 963 788 substantivis,
995 735 1130 787 qualia
1149 736 1381 781 isoteleutis
1402 738 1574 797 δέσμιος,

97 796 347 853 ἐράσμιος,41
384 797 603 853 πλήσμιος,
643 795 898 853 ἆποδάσμιος
928 805 1004 842 etc.
1035 801 1099 841 vel
1130 812 1179 842 ex
1207 814 1284 844 usu
1315 806 1379 846 vel
1409 818 1459 848 ex
1487 813 1575 848 arte

98 870 359 918 praestructa
388 870 495 907 sunt.
554 865 708 906 Deinde
737 870 780 906 ut
810 867 861 908 ab
892 863 1047 919 ἄχυρον
1075 868 1322 920 interposito
1359 883 1426 923 my
1454 867 1575 926 ἀχυρ-

96 927 169 983 μιά
199 935 239 972 et
269 926 480 983 ἀχύρμιος,
513 935 552 971 et
583 943 607 971 a
635 929 776 971 θάλλω
805 929 1061 985 βιοθάλμιος,
1093 931 1335 987 ζωθάλμιος,
1366 935 1575 979 πολυθάλ-

95 1010 210 1049 μιος,
250 996 311 1038 sic
351 1008 374 1036 a
412 993 597 1049 φύταλος
635 1002 769 1037 ortum
808 997 888 1038 dici
918 1002 1058 1049 potest
1091 997 1327 1050 φυτάλμιος.
1385 1002 1465 1043 Pro
1495 1018 1575 1057 φυ-

90 1059 260 1114 ψτάλιμος
289 1066 424 1102 autem
453 1063 494 1102 in
524 1062 599 1103 Vit.
629 1062 741 1103 Arat.
773 1074 810 1114 p.
840 1063 932 1103 440.
963 1062 1024 1103 ed.
1055 1064 1168 1104 Buhl.
1188 1065 1362 1117 aliisque
1383 1067 1488 1109 locis
1509 1070 1574 1111 vel

94 1124 324 1181 φυτάλμιος
355 1129 481 1169 scribi
512 1132 678 1180 oportet
708 1128 773 1169 vel
802 1125 1037 1182 φιτάλιμος,
1077 1129 1187 1181 quod
1227 1130 1343 1171 codd.
1374 1134 1574 1183 praebent

95 1195 196 1236 Poll.
213 1194 239 1236 1.
262 1195 326 1236 24.
358 1194 524 1235 Cornut.
552 1194 671 1235 XX11.
695 1197 734 1235 et
764 1194 1005 1235 testificatur
1035 1195 1120 1235 EM.
1139 1194 1163 1235 l.
1189 1206 1221 1236 o.
1244 1197 1380 1241 verbis
1402 1203 1572 1250 postre-

95 1262 171 1301 mis
200 1257 397 1308 πολλάκις
425 1256 468 1300 δὲ
496 1257 566 1300 καὶ
601 1259 732 1313 τροπῇ
770 1256 996 1313 φιτάλιμος.
1054 1260 1155 1301 Nam
1192 1261 1290 1302 illud
1329 1274 1354 1302 a
1389 1261 1573 1315 φύταλος

96 1326 320 1367 derivatum
359 1327 598 1367 necessario
640 1326 809 1378 primam
847 1327 1033 1367 similiter
1077 1326 1134 1366 illi
1175 1326 1345 1367 haberet
1383 1328 1570 1383 brevem3

95 1392 204 1444 quod
242 1396 443 1444 repugnat
482 1392 710 1444 analogiae.
768 1392 1002 1444 Eademque
1033 1392 1123 1444 lege
1160 1397 1350 1433 tenentur
1388 1406 1493 1447 quae
1530 1398 1571 1438 in

94 1461 209 1506 αλεος
238 1458 393 1499 deflexa
423 1464 518 1498 sunt
549 1463 629 1499 tam
661 1458 785 1498 ubere
816 1462 1017 1509 proventu
1048 1462 1091 1498 ut
1129 1459 1168 1498 in
1209 1459 1369 1501 classes
1409 1460 1571 1503 descri-

92 1523 225 1566 benda
265 1524 396 1564 sint⁴2
434 1528 793 1575 praemonstrante
832 1523 917 1564 EM.
960 1529 999 1564 et
1039 1524 1165 1565 Suida
1205 1537 1238 1566 s.
1261 1520 1487 1578 Ῥωγαλέος
1516 1553 1569 1557 -

91 1591 221 1632 ταῦτα
250 1585 333 1630 ἀπὸ
362 1590 488 1641 τριῶν
516 1586 771 1642 παράγονται
799 1589 955 1641 μερῶν,
986 1584 1069 1630 ἀπὸ
1109 1586 1314 1643 ὀνόματος
1349 1590 1568 1648 δειμαλέος,

93 1652 174 1697 ἀπὸ
205 1653 387 1708 ῥήματος
416 1651 612 1705 οἰδαλέος,
644 1651 725 1695 ἀπὸ
756 1652 1028 1707 ἐπιῤῥήματος
1046 1653 1281 1708 ῥιμφαλὲος.
1340 1658 1570 1710 Paronyma

94 1733 118 1763 a
161 1721 432 1763 substantivis
471 1721 625 1772 primae
662 1720 950 1761 declinationis
996 1725 1092 1760 sunt
1137 1718 1337 1773 αὐχαλὲος
1382 1724 1567 1777 Xenoph.

92 1788 248 1838 Fragm.
278 1786 360 1827 XX.
391 1786 454 1827 65.
489 1782 742 1838 καμπαλὲος,
781 1784 1037 1834 κνισσαλέος,
1075 1784 1318 1837 λυσσαλέος,
1356 1787 1566 1843 λημαλέος,

90 1849 324 1903 πτοιαλὲος,
355 1848 576 1905 φυζαλέος,
606 1847 828 1906 φρικαλέος
850 1863 887 1892 v.
917 1851 1122 1893 Wernick.
1153 1852 1204 1894 ad
1235 1854 1381 1906 Tryph.
1417 1868 1451 1898 v.
1474 1857 1564 1899 195.

92 1959 482 1967 --—-—-——.-—--————

177 2029 236 2072 40]
275 2030 372 2069 Quae
399 2028 614 2072 praecedunt
637 2028 742 2063 verba
770 2027 817 2059 Οὔ
849 2025 941 2059 κατὰ
982 2025 1042 2058 τὸν
1076 2026 1284 2071 (sorditatur
1310 2031 1375 2062 Δία
1402 2029 1563 2065 ἐνταῦθα

89 2082 108 2125 ἦ
135 2083 363 2128 ἑτυλιιολογία.
412 2084 473 2116 Ἐκ
499 2083 557 2123 115,-
585 2082 718 2127 ([ύιλης
743 2082 786 2115 δέ
809 2086 875 2117 etc.
911 2081 994 2115 nihil
1022 2082 1244 2117 dubitationis
1269 2084 1437 2121 haberent
1461 2089 1489 2121 si
1517 2089 1564 2123 ita

89 2143 185 2175 esset
209 2141 373 2183 scriplum
399 2138 438 2170 οὔ
463 2138 555 2170 κατὰ
586 2137 647 2170 τὸν
676 2137 884 2181 φυτάλμιον
907 2137 1138 2174 Ποσειδῶνα,
1174 2147 1250 2171 nam
1277 2138 1367 2174 hunc
1393 2141 1495 2176 deum
1520 2143 1561 2176 ab

88 2194 182 2237 ἅλμη
208 2196 255 2228 ita
281 2195 557 2237 cognominatum
584 2203 663 2229 esse
691 2193 912 2228 crediderunt
945 2194 1050 2236 aliqui
1086 2195 1326 2235 grammatices
1362 2197 1470 2238 ignari
1496 2207 1561 2232 non

86 2249 153 2284 liae
180 2250 316 2284 demum
343 2253 457 2284 aetate
483 2249 546 2284 scd
570 2249 757 2283 Pausanias
778 2258 929 2293 quoque,
955 2250 983 2282 si
1003 2248 1107 2283 verba
1129 2251 1205 2291 ejus
1224 2251 1307 2284 satis
1324 2251 1559 2295 intelligimus.

85 2304 241 2339 Forsitan
266 2305 350 2338 nihil
379 2305 473 2339 aliud
498 2305 563 2338 nisi
597 2305 730 2338 initium
767 2304 963 2338 mutandum
997 2308 1049 2338 est
1080 2309 1266 2347 negatione
1300 2308 1447 2348 omissa;
1486 2318 1561 2342 nam

85 2361 177 2398 Ζεὺς
215 2360 418 2404 ([υιιὶλμιος
449 2370 515 2393 non
550 2361 650 2396 aliter
685 2361 810 2395 dicitur
847 2370 948 2403 quam
976 2358 1175 2404 ([υιάλμιοι
1209 2364 1370 2404 parentes
1397 2362 1560 2406 idemque

84 2415 213 2459 (Ῑύτιος
242 2420 276 2450 et
299 2415 430 2450 Latona
458 2418 580 2459 ([υτίιι.

173 2483 234 2525 41)
266 2482 352 2516 Hinc
374 2483 548 2526 proprium
569 2482 849 2526 ’Epaopova‘clqgn
887 2482 979 2526 quod
1011 2491 1076 2515 non
1108 2483 1282 2525 proprium
1308 2482 1370 2516 sed
1398 2484 1559 2527 appella-

86 2541 190 2570 tivum
215 2546 296 2572 esse
333 2537 508 2572 contendit
541 2537 712 2580 Bergkius
747 2538 791 2573 de
824 2539 935 2581 Reliq.
971 2537 1069 2571 (lom.
1105 2548 1138 2580 p.
1163 2538 1196 2573 8.
1234 2537 1355 2571 ductus
1391 2540 1557 2583 exemplis

87 2591 311 2627 dissimilibus
336 2602 427 2635 quae
455 2591 500 2626 ad
529 2592 584 2635 Aj.
608 2594 687 2629 880.
716 2595 824 2628 attuli.

174 2658 234 2700 42)
270 2657 462 2700 Barim-us,
496 2667 599 2702 quem
626 2658 783 2694 Osannus
819 2659 860 2694 ad
886 2659 1029 2693 Philem.
1056 2668 1090 2701 p.
1116 2658 1169 2693 41.
1199 2657 1242 2692 de
1268 2662 1412 2693 accentu
1438 2658 1556 2692 borum

85 2715 257 2747 nominum
285 2714 427 2755 egregie
454 2714 650 2756 disputasse
680 2716 743 2756 ait,
770 2719 916 2757 quatuor
940 2713 1040 2747 nudis
1064 2714 1234 2756 exemplis
1260 2713 1440 2748 defunctus
1469 2717 1531 2748 est.

1216 2771 1237 2808 7
1254 2769 1278 2792 ³*
