1731 3021
163 160 256 203 206
645 157 1071 201 DISSERTATIO
1120 156 1185 198 IV.

163 268 341 312 nominis
371 278 456 309 non
483 268 671 309 novimus
702 267 775 310 sed
809 269 1119 321 proportionem
1150 267 1418 319 sequentibus
1449 268 1643 322 Αἰσχῖνος

167 334 425 377 scribendum
456 335 532 374 erit
559 338 603 374 ut
625 336 842 383 Καλλῖνος,
873 333 979 373 unde
1011 333 1234 372 derivatum
1258 331 1505 389 Αἰσχινάδης
1535 337 1642 389 apud

165 400 484 453 Aristophanem
511 400 597 439 iota
630 400 795 451 longum
826 399 948 439 habet
979 403 1021 438 ut
1045 395 1291 450 Χαρινάδης.
1333 399 1475 452 Neque
1506 406 1642 443 tamen

170 466 437 508 dissimulabo
476 466 710 506 Aeschinus
747 466 788 505 in
830 464 1007 505 Terentii
1045 463 1243 515 Adelphis
1293 463 1445 506 habere
1494 466 1646 519 dactyli

171 543 424 584 mensuram⁷
464 535 503 571 et
540 542 615 583 pro
653 531 723 571 illo
765 529 1007 571 Meinekium
1046 530 1087 569 in
1127 529 1238 569 Com.
1272 529 1428 581 Fragm.
1458 531 1521 574 IV.
1549 533 1642 574 542.

173 598 356 640 scribere
373 593 646 649 Αἰσχννάὸης.
692 595 794 637 Illud
830 606 1030 636 excusare
1064 595 1206 635 nescio
1237 595 1316 635 nisi
1346 595 1536 638 licentiae
1564 609 1646 639 no-

169 665 290 717 mine,
320 674 399 715 qua
428 663 597 704 Plautus
627 663 667 702 in
696 661 928 701 nominibus
953 659 1200 701 Graecorum
1231 662 1410 712 propriis
1443 674 1646 717 persaepe

169 741 272 771 usus
311 732 386 769 est
413 728 598 768 Alterum
636 727 822 779 probabo
861 726 896 766 si
935 726 1026 777 quis
1066 726 1293 777 exemplum
1331 727 1452 779 hujus
1491 729 1646 771 formae

172 794 448 847 suggesserit,
483 787 713 844 Ἀμυνάδης
741 791 807 831 vel
837 791 979 831 simile.
1010 792 1106 831 Mihi
1136 791 1296 843 quidem
1333 793 1460 834 verba
1488 795 1529 836 in
1556 809 1646 835 υνω

173 860 366 922 exegi-itia
393 857 590 898 memoria
619 856 841 909 repetenti,
883 856 1035 896 nullum
1071 855 1212 896 incidit
1249 867 1398 898 nomen
1435 862 1645 912 proprium

169 928 213 967 in
241 939 342 972 υνος
369 923 435 964 vel
463 923 619 976 υναδης
657 922 912 962 declinatum.
962 922 1035 962 His
1075 921 1302 973 explanatis
1342 923 1393 964 ad
1434 924 1646 967 Gramma—

172 993 295 1033 ticum
324 1001 388 1031 me
417 990 573 1043 refero,
611 991 727 1040 cujus
766 987 892 1027 verba
929 988 969 1027 in
1008 988 1208 1039 principio
1249 987 1369 1039 hujus
1399 991 1647 1043 paragraphi

173 1057 369 1111 apposui,
399 1066 506 1095 nunc
535 1065 634 1094 vero
664 1053 862 1104 reliquum
892 1064 1123 1094 sermonem
1153 1054 1350 1094 evolvam.

282 1127 320 1171 ὃ.
353 1122 390 1163 3.
448 1120 520 1161 Ille
549 1120 671 1171 igitur
701 1118 872 1159 ethnicis
893 1120 1155 1170 propriisque
1179 1118 1358 1159 adnectit
1377 1120 1547 1171 primum
1569 1120 1646 1162 ad-

167 1189 324 1243 jectiva
352 1187 540 1238 subjecto
573 1184 759 1236 exemplo
791 1185 911 1224 unico
945 1189 984 1224 et
1010 1185 1150 1235 inepto
1181 1183 1349 1237 ῥηγῖνος
1378 1183 1401 1226 ὁ
1423 1183 1564 1237 δειλός,
1596 1185 1645 1228 de

173 1268 253 1308 quo
283 1253 559 1304 Rheginorum
591 1250 815 1302 opprobrio
850 1249 1005 1290 erudite
1037 1249 1231 1291 disseruit
1259 1251 1437 1292 Ebertus
1477 1252 1518 1292 in
1545 1252 1645 1293 Dis-

173 1325 271 1363 sert.
302 1319 425 1362 Sicul.
456 1330 494 1370 p.
527 1315 615 1358 189.
646 1315 719 1356 sed
748 1315 880 1356 minus
910 1320 1022 1356 recte
1054 1315 1231 1357 defendit
1260 1317 1464 1368 vulgatum
1490 1316 1646 1370 ῥιγῖνος

172 1394 364 1440 tanquam
395 1396 420 1426 a
448 1382 575 1436 ριγεῖν
604 1382 845 1434 profectum.
900 1381 1003 1422 Illud
1019 1393 1117 1422 vero
1136 1393 1219 1422 non
1245 1383 1375 1434 magis
1402 1382 1645 1434 adjectivum

173 1458 237 1496 est
267 1463 388 1506 quam
415 1444 637 1499 Αἰξωνεύς,
670 1448 704 1488 si
734 1458 809 1499 pro
843 1447 1136 1488 calumniatore
1167 1447 1336 1502 dicitur,
1366 1448 1431 1489 vel
1457 1444 1645 1502 Ἀβδηρί-

170 1534 254 1573 της,
287 1519 322 1559 si
352 1528 427 1571 pro
458 1515 584 1557 stulto
614 1525 650 1554 v.
681 1513 889 1554 Ruhnken.
921 1512 971 1553 ad
1003 1513 1100 1553 Tim.
1133 1526 1170 1566 p.
1203 1514 1265 1555 15.
1306 1514 1512 1566 Deinceps
1543 1513 1647 1554 sub-

173 1584 371 1626 stantiva:
409 1579 560 1635 ἐχῖνος,
589 1580 819 1631 γελασῖνος,
859 1589 963 1630 quae
1006 1589 1090 1618 non
1128 1578 1311 1630 ejusdem
1344 1583 1439 1619 sunt
1467 1580 1645 1632 generiS,

174 1649 248 1691 sed
269 1647 369 1689 illud
399 1659 450 1688 ex
479 1658 524 1688 se
553 1649 712 1697 natum,
754 1643 864 1695 quod
905 1654 1034 1695 genus
1074 1655 1305 1684 sermonem
1347 1647 1534 1684 nostrum
1563 1655 1647 1685 non

174 1713 375 1765 contingit
404 1712 484 1753 nisi
514 1713 716 1763 quatenus
749 1720 772 1749 a
803 1708 1085 1749 Grammaticis
1113 1710 1336 1749 immixtum
1367 1712 1443 1761 est,
1476 1708 1647 1750 alterum

172 1789 426 1834 paragogum
468 1776 747 1827 exemplorum
790 1785 958 1815 numero
999 1775 1187 1816 maximo.
1244 1775 1307 1816 Ex
1335 1778 1510 1826 utroque
1542 1785 1647 1814 con-

173 1847 269 1889 flata
299 1848 394 1887 sunt
422 1843 588 1884 nomina
618 1840 866 1893 aquatilium,
897 1838 946 1880 de
977 1840 1124 1891 quibus
1162 1840 1220 1880 illi
1262 1840 1479 1892 explanate
1509 1839 1648 1880 disse-

173 1916 289 1954 runt:
327 1906 389 1950 T&
417 1909 472 1956 εἰς
489 1899 589 1955 tif—0}
616 1902 775 1959 μακρὸν
801 1902 945 1957 ἔχοντα
973 1902 1020 1945 τὸ
1051 1898 1067 1946 ἷ
1092 1903 1170 1946 ὅσα
1206 1903 1251 1946 ἐν
1287 1903 1408 1946 ὕδατι
1447 1904 1648 1946 διαιτᾶται

174 1976 541 2029 προπερισπῶνται,
572 1971 724 2026 ἐχῖνος,
763 1974 1004 2023 κορακῖνος,
1043 1970 1233 2024 φοξῖνος,
1275 1974 1488 2023 καρκῖνος·
1527 1969 1649 2023 ἐχρῆν

174 2039 280 2085 κατὰ
316 2039 364 2083 τὸ
407 2040 517 2093 (cod.
553 2037 623 2080 καὶ
651 2035 715 2091 τὸ)
754 2039 922 2090 γυρῖνος
949 2037 1306 2090 προπερισπᾶσθαι
1344 2033 1367 2077 ὁ
1399 2032 1543 2088 μικρὸς
1570 2034 1650 2090 βά-

174 2122 332 2164 τραχος.
376 2103 546 2147 Σπάνια
575 2103 618 2146 ὁὲ
646 2101 696 2145 τὰ
725 2099 923 2152 ὀξύτονα,
961 2099 1093 2155 ἔρινός
1131 2099 1153 2143 ὁ
1193 2099 1344 2154 ἐρινεός
1380 2100 1450 2142 καὶ
1485 2100 1651 2155 χαλινός

174 2173 323 2216 Arcad.
354 2172 419 2226 65,
450 2171 513 2214 14.
554 2171 714 2212 Nomen
753 2171 948 2220 καρκῖνος
977 2180 1000 2208 a
1029 2168 1207 2209 nonullis
1247 2169 1308 2209 sic
1338 2179 1434 2209 esse
1463 2179 1651 2220 pronun-

176 2241 325 2281 ciatum
354 2242 398 2279 ut
425 2234 568 2290 ἐχῖνος,
599 2236 770 2288 plurima
800 2238 895 2275 sunt
924 2234 965 2273 in
993 2233 1108 2274 libris
1138 2234 1295 2274 nostris
1333 2233 1509 2285 vestigia
1540 2234 1650 2274 The-

179 2305 292 2358 ophr.
323 2304 443 2345 Caus.
473 2304 518 2344 II.
553 2303 625 2355 17,
660 2301 695 2343 9.
725 2300 882 2340 Aelian.
914 2299 961 2340 H.
990 2300 1093 2340 Ann.
1123 2299 1150 2340 I.
1180 2298 1243 2340 35.
1278 2298 1416 2340 Galen.
1446 2298 1496 2339 de
1527 2299 1650 2339 Tem-

177 2382 262 2424 per.
290 2370 338 2412 II.
369 2369 406 2423 6,
437 2368 500 2410 72.
534 2369 644 2409 Sext.
675 2378 708 2407 c.
738 2365 892 2407 Astrol.
924 2376 961 2416 p.
992 2364 1083 2405 340.
1123 2368 1163 2404 et
1193 2364 1405 2404 confirmat
1446 2364 1651 2415 flagitiosa

179 2436 396 2488 originatio
428 2429 510 2474 ἀπὸ
551 2434 624 2473 τοῦ
652 2429 699 2473 τὸ
728 2428 835 2484 κάρα
872 2432 998 2469 κινεῖν
1037 2430 1123 2470 ΕΜ.
1164 2430 1271 2471 sicut
1307 2432 1528 2481 κορακῖνος
1568 2425 1649 2469 ἀπὸ

177 2502 252 2542 τοῦ
283 2497 355 2548 τὰς
381 2497 509 2553 κόρας
537 2500 666 2539 κινεῖν
695 2497 787 2538 Ath.
817 2495 898 2536 VII.
929 2494 1020 2537 287.
1049 2495 1093 2535 B.
1148 2494 1229 2536 Sed
1258 2494 1534 2536 Herodianum
1571 2495 1651 2535 hu-

173 2568 243 2618 jus
281 2566 434 2606 erroris
472 2564 712 2617 participem
743 2562 870 2602 fuisse
902 2559 1238 2621 credQnesaS,
1267 2571 1400 2612 neque
1429 2561 1521 2613 ipse
1551 2571 1652 2613 per-

178 2631 299 2672 mittit
327 2644 367 2671 π.
397 2633 511 2671 Μον.
542 2641 580 2682 p.
611 2629 676 2682 20,
705 2628 744 2671 8.
777 2622 899 2668 οὐδὲν
927 2625 982 2673 εἰς
1018 2639 1090 2672 νος
1127 2625 1255 2678 λῆγον
1291 2621 1394 2679 ὑπὲρ
1432 2622 1510 2667 δύο
1548 2627 1651 2666 συλ-

178 2692 306 2749 λαβὰς
330 2697 388 2751 τῷ
410 2687 437 2736 ἶ
455 2689 762 2749 συνεσταλμένοι
790 2687 1131 2745 παραληγόμενον
1158 2687 1432 2744 παροξύνεται
1457 2688 1537 2732 ἀλλ’
1560 2688 1652 2745 ἤτοι
