1731 3021
111 195 208 236 400
572 187 1002 231 DISSERTATIO
1044 188 1142 230 VIII.

118 315 193 356 pro
232 299 492 354 Τρικόρυθος
521 300 716 352 scriptum
749 304 812 340 est
855 299 1033 340 sortasse
1071 297 1120 339 ad
1151 297 1485 350 significationem
1515 306 1595 336 vo-

119 370 220 410 calis
251 369 421 419 longae3
452 377 601 407 nomen
630 367 761 418 ipsum
792 361 1050 417 τρικόρυφου
1078 364 1287 404 declarare
1309 363 1467 403 indetur
1494 373 1595 413 pro·-

119 435 237 476 ducta
269 434 428 485 syllaba
458 434 587 486 prima
617 438 657 473 ut
695 431 928 484 Τρινακρία.
987 429 1072 470 Nec
1102 430 1421 481 praetermittam
1463 438 1596 479 syno-

116 514 237 554 nyma
266 502 346 555 μῦς
377 505 413 540 et
442 499 636 552 σμίνθος,
678 510 751 551 pro
793 509 873 549 quo
915 502 953 538 ct
994 497 1142 548 σμίθος
1179 495 1378 547 reperitur
1418 498 1457 535 et
1485 491 1596 545 quod

118 570 211 610 hinc
250 568 474 609 derivatum
516 569 682 616 putatur
721 560 907 616 ,Σμιθεύς
937 564 977 602 in
1008 563 1122 602 libriS
1162 561 1416 612 nummisque
1455 571 1490 600 v,
1520 558 1594 599 Ja-

121 635 235 675 cobs.
267 632 317 675 ad
346 632 503 673 Aelian.
536 643 573 683 p.
603 630 694 671 400.
740 628 962 669 accedente
1000 633 1117 680 trope
1156 627 1314 667 vocalis
1354 636 1458 677 quae
1498 635 1598 664 sae-

119 703 211 753 pius
252 699 430 740 cernitur
467 697 507 736 in
547 695 706 746 syllaba
745 694 989 736 secundaria
1028 690 1257 740 Κόκυνθος
1295 697 1333 733 et
1371 690 1595 732 Cocinthus

118 779 154 808 v.
187 768 277 807 Intt.
310 764 357 804 ad
397 762 539 813 Polyb.
578 762 624 802 II.
666 760 727 801 14.
767 757 973 811 Λέβινθος
1011 764 1049 800 et
1090 757 1328 808 Lebynthus
1370 755 1595 797 Tzschuck.

119 831 169 872 ad
200 831 291 871 Mel.
324 829 369 870 ll.
401 829 437 881 7,
470 827 531 868 11.
557 822 816 879 Ἀράκυυθος
846 831 883 865 et
908 822 1154 876 Ἀράκινθος
1183 823 1329 864 Bernll.
1354 822 1404 863 ad
1424 823 1594 873 Dionys.

119 909 154 938 v.
189 892 521 942 431.’Ἀψυνθος
550 916 603 921 —-
632 889 702 931 καὶ
739 886 807 930 διὰ
845 891 921 931 τοῦ
950 899 967 930 ἰ
1008 890 1147 942 Steph.
1189 886 1401 942 Ζήρινθος
1437 892 1477 929 et
1518 885 1598 940 Ζή-

120 964 278 1016 ρυνθος
306 960 551 1000 Bachmann.
582 957 632 998 ad
661 958 756 1008 Lyc.
788 958 851 998 77.
909 956 1056 996 Verum
1088 955 1137 995 de
1168 955 1247 995 hoc
1276 955 1391 995 satis.
1425 953 1597 994 Permu-

121 1028 289 1068 tationis
330 1036 541 1067 consonae
590 1023 910 1064 characteristae
963 1022 1190 1073 exemplum
1234 1026 1297 1063 est
1343 1020 1440 1061 illud
1488 1019 1597 1071 quod

119 1093 422 1144 Philostorgius
454 1091 567 1131 affert
596 1089 641 1130 H.
672 1088 782 1128 Eccl.
816 1088 914 1128 VIII.
949 1088 1010 1140 11,
1041 1088 1132 1129 514.
1165 1089 1206 1129 C.
1244 1086 1486 1128 Ναὸίανδον
1521 1082 1598 1138 τὴν

122 1159 356 1208 Ναζίανζον
383 1152 632 1208 ἐξονομάζει,
672 1165 751 1206 quo
794 1154 961 1194 evitavit
1000 1153 1255 1194 collisionem
1294 1154 1501 1194 literarum
1539 1153 1595 1202 νζ.

120 1224 239 1265 Aliud
270 1223 441 1276 praebet
471 1232 551 1261 vox
591 1221 799 1261 Laconica
839 1215 993 1272 ἀγασός
1031 1220 1055 1259 i.
1093 1231 1129 1271 q.
1171 1216 1331 1273 ἀγαθός
1368 1224 1407 1260 et
1446 1218 1597 1259 herbae

119 1302 267 1331 nomen
308 1286 512 1341 ἅυνηττον
549 1284 593 1326 ἐν
629 1289 715 1333 τοῖς
756 1282 834 1326 δύο
861 1289 888 1326 ὗ
916 1284 985 1326 καὶ
1016 1282 1093 1325 δύο
1118 1278 1144 1325 Tr
1173 1286 1326 1326 Anecd.
1349 1285 1472 1326 Bekk.
1498 1284 1594 1325 403.

120 1356 230 1409 quod
260 1356 299 1395 in
332 1354 496 1405 optimis
530 1351 803 1402 Theophrasti
832 1351 947 1391 libris
980 1348 1175 1403 ἄννησον,
1211 1351 1317 1404 apud
1356 1352 1461 1391 alios
1492 1347 1596 1404 ἄνη-

119 1425 203 1462 θον
233 1420 468 1462 scribitur.S
526 1418 785 1458 Cucurbitam
826 1414 1077 1457 κολόκυντον
1115 1417 1193 1456 dici
1224 1418 1310 1457 SiVe
1340 1414 1597 1470 κολοκύντην

122 1493 161 1530 et
191 1484 459 1539 κολοκύνθην
487 1485 592 1524 inter
625 1495 766 1523 omncs
799 1487 975 1536 constat,
1006 1482 1079 1523 sed
1099 1483 1288 1534 analogia
1305 1494 1387 1523 non
1412 1482 1595 1535 apparet.

121 1555 279 1596 Nomen
317 1553 429 1593 urhis
472 1547 679 1602 Λυχνιδός
715 1554 754 1589 et
794 1545 997 1601 Λυχνιτός
1045 1550 1238 1599 scriptum
1284 1559 1410 1599 supra
1459 1547 1595 1597 attuli3

121 1621 217 1660 item
255 1615 424 1670 καιάτής
465 1623 502 1657 ct
539 1611 694 1667 κεάὸης.
754 1614 871 1662 Quod
910 1625 1007 1654 vero
1046 1615 1086 1653 in
1116 1614 1201 1654 EM.
1232 1614 1324 1663 524,
1356 1613 1420 1654 37.
1451 1613 1597 1653 ᾶίοἰῐυῐ·

122 1685 327 1737 Κοδρίτης
355 1680 435 1723 ἀπὸ
464 1682 539 1721 τοῦ
570 1677 737 1731 Κόὸρος
757 1680 909 1732 γίνεται
939 1677 1068 1732 ὥςπερ
1097 1675 1209 1731 παρὰ
1232 1675 1277 1718 τὸ
1300 1675 1467 1729 Κρόνος
1489 1680 1597 1729 Κρο-

120 1751 243 1804 νίτης,
274 1750 377 1790 idem
409 1747 569 1800 quidem
600 1746 799 1797 significat
829 1745 938 1797 quod
972 1745 1176 1798 Κρονίδης
1205 1745 1278 1786 sed
1309 1744 1513 1784 aberratio
1534 1749 1598 1785 est

123 1830 145 1858 a
187 1822 284 1868 typo
324 1814 607 1868 patronymico
652 1812 702 1852 ad
732 1812 1000 1864 gentilicium,
1047 1811 1267 1863 eademque
1306 1811 1470 1850 licentia
1499 1811 1597 1850 Ari—

121 1883 348 1935 stophanes
381 1880 541 1921 Carcini
570 1879 690 1919 filium
722 1877 976 1930 Καρκινίτην
1005 1878 1231 1930 usurpavit,
1262 1877 1500 1928 Propertius
1530 1875 1595 1915 III.

126 1949 189 2001 13,
221 1948 282 1989 10.
313 1947 431 1988 Icarii
461 1946 580 1986 filiam
610 1944 825 1995 Iem‘iotin7
858 1944 1062 1994 vulgoque
1095 1943 1248 1984 Oceani
1279 1942 1435 1994 prolem
1458 1941 1597 1982 Ocea-

125 2014 284 2055 m'te'das
315 2017 492 2063 vocant3
533 2011 739 2051 contraria
769 2021 867 2049 vero
909 2009 1093 2059 enallage
1133 2008 1460 2049 terminationum
1496 2018 1597 2046 usus

123 2080 382 2130 Praxagoras
411 2077 659 2131 μαργαρίόαι
689 2075 788 2115 (lint
819 2087 891 2127 pro
923 2077 1168 2127 μαργαρῖται
1205 2075 1339 2113 ionice
1377 2078 1417 2112 ut
1460 2072 1597 2112 Schol.

126 2145 257 2186 Photii
286 2146 361 2195 aiu
401 2145 551 2196 quippe
590 2156 612 2183 a
648 2139 861 2194 μάργαρον
899 2143 986 2181 sive
1024 2138 1233 2193 μάργαρος
1269 2139 1446 2190 legitime
1486 2137 1598 2178 deri-

123 2216 241 2251 vatur
273 2210 523 2262 μαργαρίτης
557 2215 600 2248 ut
643 2204 797 2259 ἀετίτης
837 2211 874 2245 et
924 2211 1060 2246 cetera
1104 2205 1335 2256 lapillorum
1384 2203 1597 2244 vocabula.

126 2277 194 2316 Sic
225 2280 336 2315 certe
367 2275 654 2325 grammaticos
685 2284 858 2324 graecos
891 2272 1089 2311 statuisse
1129 2275 1313 2322 oportet3
1355 2273 1395 2309 at
1433 2280 1599 2320 germa-

123 2342 304 2381 nicarum
343 2340 608 2380 dialectorum
649 2339 936 2377 aestimatores
977 2348 1124 2376 nomen
1162 2336 1382 2386 margarita
1410 2346 1493 2375 non
1524 2334 1600 2375 de·-

125 2407 297 2446 rivatum
329 2404 401 2445 scd
432 2405 704 2456 compositum
736 2414 830 2442 esse
862 2402 1048 2442 dictitant
1078 2402 1293 2453 ipsumque
1323 2400 1598 2452 germanicum

125 2472 381 2521 ‘lustri-yria!
420 2469 459 2510 id
501 2473 563 2509 cst
600 2470 723 2509 maris
758 2468 964 2520 pulverem
994 2480 1029 2508 v,
1060 2468 1307 2507 Massmann.
1339 2465 1479 2506 Libell.
1509 2466 1599 2505 Au-

215 2629 252 2669 S)
279 2627 396 2661 SChOl.
427 2626 571 2661 TheOCl'.
598 2625 671 2659 Vll.
700 2626 752 2660 63.
780 2625 921 2665 ἄνηθον
947 2623 985 2656 τὸ
1009 2622 1217 2667 μάλαθρον,
1245 2623 1372 2656 ἄνισον
1396 2621 1433 2654 δὲ
1460 2621 1498 2653 τὸ
1517 2620 1596 2665 yiv-

129 2682 299 2725 κάνισον,
336 2682 398 2717 sed
429 2692 489 2725 pro
525 2682 675 2713 ἄνιίσον
698 2679 824 2715 Athen.
850 2679 904 2714 IX.
933 2680 1010 2715 371.
1037 2679 1076 2713 D.
1113 2689 1202 2712 nunc
1238 2678 1396 2718 ἄννησον
1419 2680 1596 2720 receptum

128 2743 191 2775 cst.
220 2738 269 2773 CI.
301 2737 466 2773 Fritzsch.
494 2736 536 2771 ad
567 2735 774 2779 Thesmoph.
802 2745 832 2769 v.
873 2735 950 2770 486.
