1699 3021
121 169 190 212 DE
220 167 347 211 NOM.
377 165 598 217 QUORUM
627 163 885 207 CHARACT.
914 163 1016 206 EST
1046 164 1138 205 Μῦ.
1170 164 1212 206 C.
1235 166 1281 207 II.
1305 169 1344 214 §.
1364 165 1403 208 2.
1460 165 1538 209 171

66 283 111 321 ut
137 280 181 319 in
208 274 460 330 κακοίμβη.12
503 276 718 317 Postremo
740 277 953 325 utramque
983 274 1206 326 permutari
1227 273 1434 327 videmus;
1465 286 1542 317 ea-

67 345 157 386 dem
188 344 292 384 enim
322 344 410 384 avis
440 337 612 393 κικυμός
643 340 789 380 dicitur
819 340 906 380 sive
935 340 1096 392 κικυμίς
1127 344 1166 380 et
1205 340 1329 380 latine
1370 341 1540 394 omunia,

67 414 108 452 et
135 421 234 450 vero
267 409 388 449 etiam
423 407 613 460 κίκυβος,
652 402 892 458 κικκάβη,13
929 415 1201 457 graecumque
1237 407 1350 446 vasis
1391 417 1541 447 nomen

65 472 251 528 κακκάβη
279 474 449 515 Romani
478 475 688 513 verterunt
717 472 758 511 in
788 481 979 523 oucuma3
1014 471 1153 511 cardui
1181 482 1310 522 genus
1338 469 1543 524 σκόλυμος

68 540 214 582 dicitur
243 546 282 581 et
312 536 513 591 σκόλυβος
541 538 636 578 Hes.
677 540 716 577 et
753 535 860 588 apud
897 537 1152 588 posteriores
1191 532 1476 590 ἀσκόλυμβρος
1506 550 1541 579 v.

66 606 312 648 Beckmann.
341 606 444 646 Hist.
482 606 653 646 Inventt.
687 602 729 643 T.
767 602 813 643 ΙΙ.
843 601 934 643 209.
966 603 1220 643 consociatis
1259 602 1457 643 ambabus
1488 602 1543 642 li-

70 673 170 712 teris
221 672 438 724 additaque
489 672 634 712 canina
682 671 726 708 ut
775 678 799 707 a
834 663 971 720 θύμος
1008 668 1232 709 derivatum
1274 672 1338 709 est
1375 666 1545 721 θύμβρα

69 738 380 789 significationis
413 737 645 778 discrimine
676 734 835 785 exiguo.
895 732 976 774 Sed
1016 745 1232 786 pergamus
1272 733 1322 774 ad
1359 745 1408 775 oa
1437 745 1542 786 quae

68 808 238 844 restant.
304 803 574 854 Pervagatum
624 804 688 841 est
727 798 1018 850 adjectivorum
1056 811 1184 851 genus
1229 800 1339 840 exitu
1379 799 1542 853 duplici,

66 865 264 920 ἐπόψιμος
301 874 340 909 et
377 865 570 917 ἐπόψιος,
615 861 798 917 ἇλὲξιμος
838 868 878 905 et
928 864 1035 917 apud
1086 865 1254 906 eundem
1293 866 1540 907 Nicandrum

69 929 236 983 ἀλέξιος,
269 934 415 985 quibus
447 933 482 973 si
513 933 629 972 deest
660 942 858 983 consona,
890 942 972 971 non
1004 930 1200 984 detracta,
1232 932 1267 972 si
1297 931 1427 985 adest,
1456 942 1541 972 non

67 998 332 1050 superaddita
361 999 627 1038 existimatur.
684 997 867 1047 Propriis
899 996 1060 1048 quidem
1101 1001 1139 1037 et
1178 998 1438 1048 propriorum
1476 997 1542 1038 vi-

69 1065 191 1105 cariis
224 1065 460 1104 familiarior
492 1067 555 1103 est
586 1062 815 1102 terminati0
859 1072 960 1112 pura
991 1072 1094 1113 quae
1134 1061 1300 1102 di0itur:
1339 1059 1540 1122 Αἰὸἑσιος,

62 1125 255 1180 Ἀλέξιος,
295 1126 483 1183 Αἱρέσιος
513 1154 561 1159 —-
592 1125 771 1177 Λύσιος,
804 1123 1006 1179 Emporos,
1033 1122 1266 1177 Ἐκβάσιος,
1310 1138 1443 1179 neque
1475 1133 1542 1169 ta-

68 1207 159 1236 men
191 1195 268 1235 hoo
299 1200 540 1247 perpetuum
572 1205 667 1234 esse
704 1191 883 1233 ostendit
915 1191 1142 1231 Gelasimus
1182 1194 1354 1243 parasiti
1394 1204 1544 1234 nomen

67 1260 108 1299 in
138 1260 278 1300 Sticho
310 1260 442 1300 Plauti
473 1264 511 1300 ct
543 1259 742 1300 Gelasius.
800 1259 849 1299 Et
889 1256 939 1296 ab
979 1256 1069 1296 aliis
1113 1258 1312 1298 orationis
1354 1259 1540 1310 partibus

67 1324 228 1377 αἵσιμος
267 1325 424 1375 αἴσιος,
462 1322 629 1378 οὔλιμος
667 1321 825 1374 οὔλιος,
861 1318 1057 1375 κλόπιμος
1099 1319 1286 1374 κλόπιος,
1333 1321 1542 1378 κρύφιμος

67 1388 266 1444 κρύφιος,
297 1388 447 1444 ὅψιμος
476 1388 619 1441 ὄψιος,
651 1387 803 1443 ὥριμος
827 1386 970 1440 ὥριος,
1012 1399 1184 1440 quorum
1224 1400 1272 1429 ea
1309 1401 1414 1442 quae
1457 1402 1542 1431 non

68 1468 169 1510 pure
200 1459 465 1498 terminantur
494 1457 653 1497 rariora
681 1460 775 1497 sunt
806 1454 932 1507 puri5‚
962 1466 1039 1495 neo
1069 1454 1286 1506 probatum
1318 1460 1382 1496 est
1423 1452 1542 1510 πρώ-

69 1537 159 1576 ιμος
187 1535 222 1563 v.
254 1522 304 1563 ad
336 1524 483 1574 Phryn.
514 1535 551 1575 p.
581 1522 646 1564 52.
678 1521 922 1572 dubiiimque
953 1516 1114 1571 ζύγιμος
1151 1520 1253 1571 βοῦς
1291 1531 1365 1572 pro
1408 1518 1543 1574 ζύγιος

69 1589 161 1630 ΑῑΙι.
191 1589 290 1630 VIII.
320 1588 411 1630 331.
441 1589 483 1629 B.
517 1592 557 1629 et
586 1585 788 1641 ὄμβριμον
829 1583 942 1638 ὕδωρ
980 1585 1112 1626 Nonn.
1150 1586 1177 1627 I.
1218 1586 1278 1628 18.
1318 1587 1387 1627 ubi
1425 1598 1543 1628 com-

72 1655 208 1706 plures
252 1654 367 1694 codd.
407 1650 579 1705 ὄμβριον
616 1654 834 1706 praebent,
884 1662 1018 1702 neque
1067 1650 1361 1693 dubitationem
1405 1653 1543 1694 eximit

70 1716 310 1773 ὀμβριμαῖος
338 1719 486 1760 Herod.
516 1719 645 1770 Epim.
676 1730 712 1770 p.
747 1717 836 1758 100.
868 1727 1042 1767 namque
1072 1716 1304 1766 hujusmodi
1334 1729 1544 1770 paragoga

69 1786 196 1826 multa
226 1790 321 1826 sunt
349 1787 567 1837 πηγιμαῖος
595 1796 632 1836 p.
667 1782 730 1823 08.
758 1783 967 1834 τυλιμαῖος
995 1782 1036 1821 in
1068 1781 1202 1822 Gloss.
1224 1782 1409 1824 Graecol.
1434 1779 1545 1836 ἀγρι-

71 1854 203 1905 μαῖος,
233 1852 489 1902 λαθριμαῑος,
520 1851 789 1903 προικιμαῖος,
820 1851 1119 1900 μισθωσιμαῖος
1150 1851 1189 1887 et
1220 1848 1298 1888 alia
1319 1848 1369 1889 ad
1396 1848 1542 1900 Phryn.

72 1918 164 1959 558.
196 1921 374 1969 enotata,
390 1916 423 1940 Η
455 1916 528 1956 scd
557 1927 641 1956 non
673 1915 807 1955 onmia
837 1919 959 1966 caput
991 1925 1039 1953 cx
1071 1924 1146 1952 sua
1176 1913 1365 1965 analogia
1393 1914 1545 1954 habent

73 1994 204 2034 eoque
235 1982 421 2022 differunt
453 1982 502 2021 ab
535 1982 625 2021 aliis
657 1981 950 2032 adJectivorum
971 1970 1103 2031 inp—09
1135 1969 1292 2031 etffl
1313 1980 1544 2020 exeuntium

73 2049 295 2102 paragogis
326 2048 436 2087 velut
457 2045 706 2101 ἐρυμνώὺης,
726 2043 968 2099 γονιμώὸης,
999 2042 1245 2097 μαχιμώὸης,
1267 2041 1544 2097 φρονιμώδης,

74 2126 177 2166 quac
210 2113 344 2152 omnia
374 2115 527 2154 invexit
558 2114 736 2153 deterior
767 2116 904 2165 aetas,
946 2112 1077 2162 iisque
1111 2121 1214 2162 quae
1245 2111 1376 2150 minus
1407 2110 1544 2151 multis

75 2178 271 2231 exemplis
319 2179 539 2231 insignitae
591 2183 685 2220 sunt
734 2173 970 2230 οὐὸαμινός,
1013 2172 1261 2229 μηὸαμινός,
1309 2172 1544 2228 ἐτυμώνιος,

74 2241 303 2299 φαιδιμόεις
333 2249 373 2284 et
404 2256 427 2284 a
458 2248 603 2284 neutro
637 2240 862 2297 ἀνθεμόεις.
920 2244 965 2284 In
994 2242 1239 2283 contrariam
1270 2245 1427 2294 partem
1467 2241 1545 2282 ab-

166 2387 222 2430 12]
257 2386 337 2421 Utra
361 2388 405 2421 sit
428 2388 538 2430 inagis
571 2387 771 2431 principalis
809 2395 960 2421 consona
995 2385 1062 2419 hoc
1094 2384 1269 2418 difficillus
1305 2383 1420 2426 dictu,
1455 2382 1548 2427 quod

76 2452 182 2478 voces
208 2452 274 2475 non
304 2442 542 2485 reduplicatae
567 2441 699 2486 κυβήνη
730 2445 764 2477 et
789 2441 955 2486 mimum
980 2445 1158 2483 utrumque
1185 2440 1361 2474 alternant.

169 2497 226 2539 13)
264 2496 456 2540 Hesychius
485 2499 637 2542 Ὄρυμος
668 2496 807 2541 βωμός,
843 2497 876 2529 οἱ
911 2496 947 2528 δὲ
983 2496 1158 2540 ὄριχιιβως,
1194 2497 1248 2528 cui
1275 2495 1468 2538 appositum
1495 2496 1548 2528 est

73 2550 192 2595 Ὄρτός
217 2551 339 2595 βωμός
373 2556 406 2586 et
424 2553 587 2597 ’Όρογκοι
617 2553 685 2585 τῶν
709 2553 803 2597 ὀρῶν
839 2551 878 2584 τὰ
906 2550 1047 2595 ὀγκώδη
1076 2550 1097 2583 ἱὶ
1122 2552 1179 2582 καὶ
1210 2549 1392 2593 &pol-‘stom-
1421 2549 1547 2582 καλοῦ-

77 2618 152 2646 σιν.
172 2616 314 2649 quorum
341 2607 471 2650 syllaba
496 2609 603 2651 prima
629 2607 745 2653 ὀρθόν
769 2607 932 2651 quiddam
961 2611 995 2641 et.
1014 2610 1167 2641 erectum
1184 2605 1380 2648 significare
1400 2605 1547 2640 videtur.

167 2662 224 2702 14)
261 2664 509 2706 Πυγονιμαῖος
534 2663 650 2698 Schol.
678 2664 716 2698 11.
744 2664 804 2698 III.
833 2663 864 2699 6.
893 2666 1009 2696 contra
1034 2672 1136 2706 quain
1161 2662 1323 2704 analogia
1347 2661 1411 2697 sert
1435 2660 1550 2695 fictum

79 2717 120 2753 ad
147 2717 386 2761 explicandum
410 2720 610 2762 Πυγμαῖος.
