1747 3005
140 137 208 179 DE
235 137 359 180 NOM.
380 136 598 187 QUORUM
620 138 769 180 cuAR.
792 139 892 181 EST
914 137 1201 182 GUTTURAL.
1236 140 1278 181 C.
1303 141 1364 183 iv.
1393 145 1430 191 δ.
1455 142 1488 184 1.
1527 141 1618 184 343

137 257 175 288 n.
204 245 324 288 2554.
362 244 614 300 Τυνδάριχος
653 248 753 290 Poll.
793 249 855 290 VI.
898 247 993 291 752³
1031 253 1071 290 et
1109 253 1248 291 cetera
1286 262 1390 302 quae
1431 250 1615 304 Gregorii

138 313 386 364 interpretes
427 317 467 353 et
503 314 735 355 Boeckhius
774 315 815 355 in
853 315 974 367 Corp.
1005 314 1130 356 Inscr.
1162 316 1188 357 Ι.
1220 328 1258 368 p.
1288 316 1379 358 725.
1422 317 1613 358 contule-

135 382 239 419 runt.
276 379 450 430 Hisque
481 380 674 431 copulata
714 383 806 420 sunt
847 380 1036 421 feminina
1066 380 1232 434 Μητίχη
1268 393 1305 421 v.
1337 382 1449 422 Bast.
1481 382 1610 434 Epist.

136 455 173 496 p.
204 443 326 486 158⁴
356 444 527 497 Σιμίχη,
558 445 750 498 Δεινίχη,
791 445 997 497 Casperia
1026 446 1199 487 Zoticlte
1228 447 1268 486 in
1300 446 1458 488 Gruteri
1490 448 1608 488 Thes.

134 508 228 562 660,
258 509 294 550 7.
328 513 403 550 etc.
464 509 544 550 Sed
582 511 805 564 Μελιστίχη
833 511 958 552 Arist.
987 511 1098 551 Eccl.
1130 511 1194 552 46.
1236 512 1416 553 mulieris
1446 512 1608 553 Atticae

133 584 281 614 nomen
313 579 353 615 et
383 575 586 629 Βιλιστίχη
614 577 792 628 Argivae
822 575 886 615 vel
916 576 1219 630 Macedonicae,
1263 577 1371 629 quod
1403 589 1492 618 cuin
1526 576 1608 618 Φί-

130 640 255 687 λιστις
285 643 324 680 et
360 640 550 688 Φίλιστος
579 642 781 694 convenit,
811 641 1047 682 masculinis
1080 648 1212 694 caret3
1245 639 1394 695 Ἑκάτη
1432 646 1604 696 Ψαμμη-

130 704 218 758 τίχη
247 701 315 745 διὰ
343 702 390 746 τὸ
421 702 662 758 Ψαμμήτοις
689 707 886 758 τιμᾶσθαι
915 706 1038 759 Harp.
1068 708 1176 759 quod
1207 709 1242 749 si
1272 719 1411 749 verum
1442 712 1506 749 est
1537 708 1605 760 (de

130 781 211 822 quo
243 770 429 823 equidem
460 771 619 823 dubito)
660 783 743 812 non
781 772 898 812 aliter
936 774 1197 824 pronunciari
1227 773 1347 815 debet
1375 785 1493 825 quam
1524 777 1605 814 Σι-

128 835 224 889 μίχη
263 841 300 877 et
339 840 477 878 cetera
514 848 684 888 graeca3
725 837 798 878 sed
824 833 1026 891 Ἐρυσίχη,
1056 839 1249 892 Μοιρίχη,
1282 836 1444 892 ,Σάριχοι
1473 850 1604 892 neque

129 913 180 942 ex
211 905 346 952 etymo
383 902 558 952 judicari
598 908 775 954 possunt
804 913 936 954 neque
967 904 1212 944 testimoniis
1242 909 1479 957 poetarum3
1523 917 1604 946 no-

127 967 247 1007 minis
277 967 405 1018 ignoti
438 967 636 1018 Tyrichae
666 967 767 1008 duas
798 970 959 1020 priores
990 969 1172 1019 syllabas
1205 971 1401 1022 corripuit
1420 972 1602 1012 Avienus

127 1033 168 1073 in
199 1032 281 1074 Ora
310 1033 438 1072 marit.
463 1032 555 1073 498.
585 1043 668 1072 non
698 1034 954 1074 certissimus
984 1034 1051 1073 ille
1082 1034 1303 1085 prosodiae
1335 1041 1488 1076 auctor.
1534 1037 1603 1077 Sic

127 1098 249 1138 etiam
268 1097 389 1149 vulgo
410 1094 674 1150 Ψαμμήτιχος
686 1099 826 1139 efferre
848 1099 1028 1140 solemus
1046 1110 1264 1151 sponsore,
1286 1101 1395 1152 quod
1416 1101 1600 1153 equidem

126 1163 386 1215 meminerim,
408 1163 532 1215 nullo,
552 1163 625 1203 sed
647 1164 849 1204 contraria
869 1164 1028 1204 ratione
1054 1159 1273 1219 Ἀλάριχος,
1303 1166 1505 1219 Alaricus,
1536 1166 1601 1207 id-

125 1239 204 1280 que
235 1233 457 1280 praeeunte
488 1228 724 1281 Claudiano,
757 1233 797 1269 et
826 1229 876 1269 ad
906 1229 1010 1269 lianc
1039 1240 1220 1270 normam
1252 1235 1416 1272 caetera
1431 1227 1599 1282 Ἰλδέρι-

123 1307 206 1345 χος,
231 1287 501 1346 Ἀθαλάριχος
529 1293 678 1334 Zosim.
711 1294 773 1335 IV.
803 1294 867 1335 34.
900 1291 1106 1346 Γεζέριχος
1135 1295 1252 1335 Proc.
1286 1296 1410 1338 Vand.
1440 1298 1468 1338 Ι.
1501 1297 1540 1350 8,
1560 1297 1597 1338 9.

120 1354 333 1412 Ἰνδέριχος
371 1359 512 1399 Const.
543 1359 722 1398 Manass.
771 1359 919 1401 Chron.
951 1359 1068 1401 1332.
1106 1371 1182 1400 nec
1213 1372 1418 1402 moramur
1448 1363 1598 1415 Corip-

124 1436 217 1477 pum
255 1425 321 1477 qui
359 1423 571 1465 Gaizz're'ch
610 1423 760 1475 dactyli
796 1424 890 1465 loco
930 1426 1070 1477 posuit
1109 1429 1148 1466 et
1183 1425 1437 1480 Guntarich,
1489 1427 1599 1479 quod

123 1501 213 1531 cum
232 1491 465 1542 germanico
486 1489 688 1530 vocabulo
712 1490 827 1530 reich
848 1491 1120 1542 compositum
1140 1491 1324 1533 habetur.
1383 1491 1464 1533 Sed
1491 1494 1598 1533 Θεο-

124 1552 293 1607 δώριχος
331 1557 418 1596 sive
459 1551 698 1607 Θευδέριχος
737 1554 918 1596 Graecos
966 1567 1050 1595 non
1100 1556 1218 1597 aliter
1258 1557 1457 1598 extulisse
1495 1562 1595 1610 puto

125 1632 244 1672 quam
274 1621 517 1672 graecanica
551 1617 783 1672 Θυώνιχος,
821 1617 1035 1672 Οἰώνιχος,
1074 1618 1313 1674 Λεόντιχος,
1349 1618 1597 1675 Ἀγροίκιχος

124 1690 164 1726 et
195 1689 332 1727 cetera
361 1697 384 1725 a
413 1686 666 1738 simplicibus
696 1686 979 1737 conjunctisve
1009 1685 1192 1727 derivata
1211 1687 1355 1739 hisque
1380 1688 1527 1729 similia
1554 1689 1596 1729 in

124 1742 216 1799 ἷῖὦξ
241 1756 453 1803 oxytonon
474 1752 674 1792 exeuntia.
704 1750 766 1791 Ad
783 1751 1118 1802 significationem
1137 1752 1246 1804 quod
1267 1753 1425 1805 attinet,
1450 1748 1596 1805 Ὀλύμ-

121 1831 238 1870 πιχος
265 1817 364 1857 nihil
394 1816 523 1857 differt
553 1817 603 1857 ab
639 1812 875 1869 Ολυμπικός
905 1820 944 1856 et
968 1813 1213 1871 Ὀλύμπιος,
1243 1818 1430 1871 idemque
1459 1819 1594 1860 valent

123 1879 341 1930 Μυστικός
379 1882 505 1923 Inscr.
538 1881 628 1924 189.
671 1886 710 1922 et
740 1881 995 1935 Μυστιχίδης
1024 1894 1062 1923 n.
1096 1883 1186 1926 151.

233 1975 272 2018 ἓ.
302 1969 339 2011 2.
396 1968 513 2010 Nunc
543 1969 592 2010 de
622 1969 785 2022 liquidis
816 1969 1026 2022 agendum,
1056 1982 1160 2023 quae
1190 1972 1434 2023 gutturalem
1461 1972 1591 2013 admi-

124 2035 362 2076 niculantur.
420 2035 494 2076 Hic
524 2037 693 2087 primum
723 2036 763 2074 in
793 2035 898 2075 viam
927 2035 1096 2076 incurrit
1122 2035 1313 2089 νεοχμός,
1356 2040 1472 2089 cujus
1503 2039 1591 2089 pri-

123 2101 302 2141 mitivum
332 2099 426 2151 fingi
454 2101 606 2142 nullum
635 2103 776 2154 potest
804 2101 883 2142 nisi
903 2099 1042 2153 νεοχός
1071 2102 1202 2142 simile
1231 2102 1311 2144 illis
1334 2114 1440 2155 quae
1460 2103 1501 2145 C.
1524 2104 1587 2144 Ill.

211 2286 248 2329 3)
274 2286 492 2321 Praetermisi
517 2288 622 2322 multa
644 2297 732 2332 quae
759 2288 913 2324 derivata
938 2296 1018 2323 esse
1051 2297 1118 2322 non
1153 2292 1304 2332 constat,
1332 2288 1588 2333 ῑΙΐαμμήτιχος,

123 2351 183 2385 pro
203 2351 271 2385 quo
290 2341 458 2376 interdum
480 2343 722 2386 Ψαμμήτικος
740 2344 794 2386 (nt
810 2343 1013 2379 Πέλλικοςί.
1026 2343 1073 2386 c.)
1093 2344 1256 2386 seriptum
1275 2348 1329 2379 est
1346 2355 1377 2378 v.
1396 2345 1587 2379 Tzscliuck.

122 2397 164 2431 ad
191 2396 299 2430 strab.
325 2396 416 2431 XIII.
442 2387 519 2433 538.
545 2397 793 2443 Δεκάμνιχος,
828 2402 928 2443 cujus
963 2399 1057 2433 nulla
1087 2398 1225 2434 brevior
1261 2399 1368 2434 t'oriua
1402 2403 1495 2436 extat
1524 2401 1589 2434 nisi

121 2454 156 2486 in
181 2451 350 2486 similibus
377 2453 519 2494 Λίμνος,
541 2452 773 2498 Ἕκάῑολιιιός.

211 2518 249 2559 4)
287 2519 383 2558 Quae
417 2516 586 2560 Bergkius
620 2522 758 2564 scripsit
790 2521 823 2554 in
850 2520 979 2555 Coinm.
1016 2519 1060 2555 de
1093 2519 1187 2554 Com.
1215 2519 1349 2565 Reliqq.
1381 2531 1414 2565 p.
1446 2521 1498 2557 12.
1523 2522 1592 2554 veri

123 2573 328 2606 simillimum
355 2577 403 2604 est
428 2583 543 2605 nomen
566 2577 760 2619 Μητίοχος,
786 2586 870 2619 quae
894 2581 942 2609 est
969 2576 1136 2619 primaria
1162 2576 1288 2618 forma,
1315 2577 1349 2608 in
1372 2577 1505 2619 vulgum·
1519 2587 1592 2609 ser-

122 2637 218 2661 mone
246 2628 293 2659 im
317 2627 423 2669 fuisse
447 2629 699 2670 pronuntiatum
721 2635 757 2664 ut
781 2632 880 2665 litera
905 2633 925 2664 ὅ
950 2631 1127 2664 elideretur
1153 2633 1249 2674 quasi
1273 2641 1389 2664 nomeu
1412 2636 1497 2665 esset
1515 2634 1588 2672 Μη-

125 2681 232 2727 τίχος,
260 2682 394 2725 probari
424 2688 543 2726 posset
570 2685 598 2719 si
621 2685 725 2729 hujus
751 2688 929 2724 exaeresis
956 2687 1150 2730 exemplum
1176 2687 1355 2723 attulisset.
