1731 3021
110 173 204 216 1140
594 170 1026 215 DISSERTATIO
1079 171 1125 213 X.

115 281 324 333 componit
354 279 465 330 ἰλλάς
494 286 534 323 et
562 279 763 335 λαμπάς.3
822 281 1014 322 Vocalem
1055 280 1192 322 verbis
1230 280 1476 321 insinuatam
1504 290 1586 321 no-

115 347 223 387 mina
254 348 462 388 remittunt
489 344 617 401 λιβάς,
649 344 799 401 φυγάς,
831 347 1153 399 productamque
1185 346 1409 398 corripiunt
1448 342 1587 399 νιφάς,

115 409 278 465 τριβάς,
322 409 498 466 φθινάς,
529 413 635 454 unde
667 414 804 464 colligi
835 417 974 464 potest
1005 409 1122 459 σινοίς
1147 422 1332 464 quoque,
1372 410 1482 464 quod
1522 422 1587 463 ap.

116 478 292 529 Hesych.
331 479 499 532 legitur,
536 483 575 519 et
603 476 741 529 ψινάς,
773 491 852 532 quo
887 478 1194 531 Theophrastus
1226 477 1374 529 utitur,
1413 477 1593 528 priorem

118 543 271 584 habere
299 544 478 597 brevem,
508 555 642 596 neque
672 548 784 585 recte
815 542 992 597 φθεινάς
1023 543 1147 585 scribi
1166 542 1360 594 Hippocr.
1383 540 1433 581 de
1454 540 1593 582 Gland.

120 620 158 661 p.
189 609 281 650 500.
314 610 355 652 T.
385 610 413 650 Ι.
472 609 580 650 Idem
610 610 651 650 fit
682 611 880 651 consonis
912 609 1109 650 asciticiis
1139 604 1279 657 κοπάς,
1310 603 1460 656 τυπάς,
1491 605 1596 659 δρυ-

120 671 204 727 φάς
232 672 470 727 κατάξυσμα
498 675 593 716 Hes.
623 676 702 716 nisi
732 679 916 727 praestat
946 675 1025 714 hoc
1063 674 1128 714 vel
1165 673 1215 714 ad
1253 669 1400 724 δρύφω
1441 671 1596 712 referre

122 740 186 781 vel
219 741 268 781 ad
298 752 459 782 nomen.
515 741 658 793 Neque
688 741 821 783 solum
852 740 1037 791 syllabae
1073 738 1311 791 principalis
1346 738 1599 777 incrementa

122 812 289 847 cessant
319 806 393 847 sed
424 807 544 846 etiam
575 808 611 848 si
641 806 734 859 quid
757 806 1014 846 extrinsecus
1036 805 1215 844 accrevit
1235 799 1347 855 ἰσχάς
1367 801 1600 854 (ἰσχναίνω)

124 873 273 925 carica,
301 868 433 924 πηγάς
464 869 680 924 (πήγνυμι)
712 867 878 923 πληγάς,
909 864 1040 921 μιγάς,
1072 864 1273 921 ἁμαρτάς,
1318 878 1398 920 quo
1430 867 1600 908 mirabi-

122 937 200 978 lius
233 941 295 979 est
325 933 514 990 γεραιράς
543 938 704 977 unicum
735 935 832 976 illud
863 938 1046 975 retentae
1085 944 1319 986 paragogae
1358 933 1599 987 exemplum,

124 1003 212 1044 sive
251 1004 312 1044 sic
341 1002 534 1043 scribitur
564 1003 651 1043 sive
681 998 864 1055 γεραράς.
925 1000 1038 1048 Quae
1081 1011 1179 1039 vero
1212 999 1373 1051 epsilon
1402 998 1443 1038 in
1471 999 1600 1051 stirpe

124 1068 276 1110 habent
307 1068 396 1120 (ΙΙΙ)
427 1069 593 1109 nomina
629 1079 713 1108 non
744 1079 794 1108 ex
824 1077 870 1107 se
903 1066 1078 1105 formant
1118 1063 1192 1105 sed
1223 1075 1273 1104 ex
1305 1064 1489 1116 perfecto
1528 1074 1601 1105 se-

126 1134 282 1175 cundo:
314 1129 452 1187 γονάς,
483 1130 620 1186 λογάς,
651 1131 793 1185 νομάς,
823 1129 967 1182 ποκάς,
1000 1127 1167 1182 σπορᾶς,
1199 1125 1373 1181 στοιχάς,
1404 1125 1600 1182 στροφάς,

126 1197 272 1252 φοράς,
304 1196 476 1252 φορβάς.
534 1200 570 1240 Α
601 1198 869 1240 circumflexis
901 1198 988 1250 (IV)
1019 1193 1179 1250 βληχάς,
1210 1191 1353 1248 mag,
1384 1192 1519 1244 διψάς,
1548 1197 1604 1235 λι-

126 1263 240 1319 χμάς,
269 1262 438 1316 πενθάς,
468 1261 606 1318 σοβάς,
637 1262 795 1317 φοιτάς,
833 1274 1005 1317 quorum
1035 1262 1229 1316 pleraque
1261 1261 1497 1312 paronymis
1528 1260 1605 1301 ad-

126 1332 329 1372 numerari
359 1329 581 1383 possunts*
636 1330 747 1371 Haec
779 1335 913 1371 autem
945 1328 1080 1370 omnia
1110 1337 1236 1378 saepe
1263 1330 1301 1365 et
1321 1326 1605 1377 praepositio-

128 1398 248 1438 nibus
280 1397 474 1448 adjunota
502 1396 784 1449 reperiuntur,
813 1391 1004 1448 (ἐμβολάς,
1036 1387 1226 1444 ἐκβολάς,
1257 1388 1504 1444 καταβολάς,
1535 1406 1605 1431 κα-

128 1460 259 1511 τειλάς
289 1464 376 1505 sive
405 1457 622 1511 κατουλάς,
641 1462 656 1486 5
684 1458 837 1514 ἐξοχάς,
869 1457 1089 1511 συνορμοές,
1120 1452 1338 1509 ἄποφυάς,
1370 1454 1603 1510 συμφυγάς,

131 1524 378 1580 συνδρομάς,
410 1530 450 1567 et
480 1526 571 1567 aliis
604 1527 801 1567 orationis
830 1525 1015 1577 partibus
1047 1518 1329 1574 οὐρεοφοιτάς,
1351 1519 1604 1575 πολυμηκάς,

132 1589 457 1647 πολυστροφοὲς,6
487 1603 659 1645 quorum
690 1592 770 1633 alia
800 1589 1032 1642 composita
1063 1591 1170 1638 sunt,
1201 1587 1281 1628 alia
1311 1585 1607 1640 decomposita.

221 1715 258 1757 3)
284 1714 418 1749 Eodem
442 1714 619 1757 pertinere
644 1711 807 1746 videntur
831 1709 1020 1743 masculina
1044 1708 1222 1752 βαλλάδες
1245 1709 1281 1742 id
1318 1710 1371 1743 est
1400 1707 1611 1752 παραχύται

134 1780 166 1805 v.
204 1770 350 1804 Salmas.
388 1768 432 1803 ad
462 1768 603 1812 Vopisc.
641 1766 755 1801 Carin.
792 1776 821 1800 c.
851 1765 1039 1801 xx1.865.
1079 1768 1113 1800 et
1146 1763 1314 1808 κειράδες
1339 1764 1372 1795 (ἱ
1393 1765 1612 1808 κεκαρμένοι

136 1828 173 1859 ut
203 1827 360 1859 veterum
393 1822 548 1857 nonnulli
585 1824 797 1865 acceperunt
827 1831 858 1855 v.
885 1821 1108 1855 Sclileusner.
1148 1821 1183 1852 in
1208 1819 1308 1854 Thes.
1335 1819 1373 1853 V.
1399 1818 1436 1853 T.
1465 1828 1492 1853 s.
1519 1819 1552 1853 h.
1578 1829 1610 1853 v.

136 1880 208 1916 Sed
233 1878 300 1913 hoc
324 1879 470 1914 sortasse
496 1877 673 1925 κουράδες
695 1877 928 1919 scribendum,
954 1876 1040 1910 illud
1077 1875 1323 1919 Byzantiacum
1357 1877 1410 1910 est
1443 1878 1480 1909 ut
1515 1874 1610 1920 ἐρευ-

138 1934 246 1972 used&
272 1935 495 1978 inquisitores
520 1937 555 1969 et
578 1934 716 1968 similia.

228 1990 265 2032 4)
300 1989 393 2023 Nulli
427 1990 549 2023 horum
583 1989 686 2033 plane
721 1987 834 2022 simile
868 1989 920 2021 est
953 1984 1090 2031 κρεμὰς
1114 1987 1250 2030 πέτρα,
1283 1984 1375 2029 quod
1409 1984 1525 2019 Critici
1551 1995 1612 2029 pro

140 2044 277 2091 ἔρημός
301 2045 431 2080 Aesch.
458 2043 578 2088 Suppl.
610 2043 686 2078 798.
714 2044 937 2085 scripserunt.

232 2100 268 2142 5]
294 2099 481 2137 Κατειλάς,
509 2099 601 2143 quod
626 2098 820 2133 Ellendtius
850 2099 883 2130 in
906 2097 989 2132 Lex.
1025 2096 1130 2140 Soph.
1160 2095 1186 2129 Ι.
1214 2097 1290 2132 940.
1318 2095 1458 2128 dubium
1483 2093 1615 2137 habuit,

144 2155 321 2191 confirmat
347 2156 458 2191 codex
482 2154 647 2197 Hesychii
674 2163 693 2187 a
717 2153 856 2187 Musuro
881 2153 1107 2195 interpolatus
1132 2152 1280 2194 ipsaque
1305 2151 1415 2185 series
1440 2149 1616 2184 literarum

145 2215 180 2247 et
204 2211 308 2246 alsine
333 2208 526 2257 περιειλάς,
553 2210 678 2252 quibus
708 2209 865 2243 omnibus
884 2208 1100 2249 convolutum,
1119 2207 1264 2248 spissum
1282 2204 1505 2247 significatur,
1524 2205 1617 2241 unde

144 2266 252 2302 Εἰλῑὶς
276 2265 391 2308 πυκνή
417 2263 582 2305 σκυτεινή
607 2264 689 2299 Hes.
717 2268 763 2307 et,
788 2267 882 2306 pum,
909 2260 1015 2299 οὐλάς
1042 2259 1059 2302 ἢ
1088 2259 1184 2304 πήρα
1210 2260 1325 2294 nobile
1351 2259 1436 2293 illud
1463 2259 1617 2303 Cynico-

146 2332 219 2356 rum
246 2324 425 2364 gestamen
449 2319 552 2354 Anth.
578 2320 651 2354 VII.
679 2328 711 2352 ΙΙ.
737 2319 814 2355 413.
843 2316 950 2353 οὐλάς
974 2327 1009 2348 τε
1034 2313 1196 2355 σκήπωνι
1221 2316 1446 2360 συνέμπορος
1468 2318 1505 2349 ut
1521 2314 1618 2349 Mar..

148 2378 237 2411 tialis
273 2377 358 2410 dixit
390 2376 445 2411 IV.
472 2376 527 2410 53.
565 2386 638 2408 cum
662 2374 778 2406 baculo
802 2381 947 2416 peraque
970 2380 1093 2411 senex-3
1125 2370 1188 2406 sed
1220 2373 1352 2406 temere
1378 2373 1542 2404 mutatum
1568 2372 1622 2406 est

147 2433 181 2465 in
207 2430 330 2468 (Ji-hig.

237 2486 273 2529 6)
299 2484 493 2528 Hesychius
519 2483 770 2529 Θυμαμόργας
795 2480 812 2523 ἦ
843 2480 947 2517 νόσος
969 2480 1172 2525 Ἐρετριεῖς,
1199 2480 1292 2524 quod
1318 2481 1348 2514 si
1377 2479 1418 2514 ab
1447 2479 1622 2525 ἀμέργειν

151 2543 379 2585 compositum
406 2544 476 2584 est,
514 2544 608 2575 certe
642 2541 719 2574 acui
748 2537 863 2574 debet.
913 2536 1010 2570 Idem
1041 2537 1076 2569 in
1111 2537 1202 2571 serie
1238 2534 1400 2572 Πλοάδες
1427 2535 1497 2567 τῶν
1521 2533 1620 2579 ἕπερ·

149 2598 319 2639 χομένων
347 2597 445 2633 τινές,
474 2595 567 2639 quod
600 2594 745 2629 sortasse
780 2593 905 2636 aliquis
936 2592 1021 2624 dixit
1046 2601 1107 2633 pro
1133 2590 1349 2627 ἐπιπλόαδες
1371 2593 1408 2624 ut
1434 2588 1623 2633 Πλόμενον

153 2653 272 2692 ([(ινέν
302 2661 364 2694 pro
402 2648 656 2691 ἐπιπλόμενον.
702 2646 966 2691 Ἔπιπλόμεναι
990 2645 1106 2681 Schol.
1132 2646 1248 2690 Apoll.
1276 2646 1337 2681 ΙΙΙ.
1364 2646 1418 2681 25.
1448 2645 1621 2688 interpre-

151 2710 238 2742 tatur
266 2706 496 2740 ἐπελθοῦσαι.
