1731 3021
155 165 220 210 80
639 165 1075 209 DISSERTATIO
1120 165 1148 207 Ι.

156 277 352 332 ensicula,
382 277 529 329 unguis
560 276 728 329 ungula)
761 276 871 317 addit
895 279 1128 328 praeterea
1157 275 1262 317 llaec
1292 276 1390 318 beta
1420 277 1485 317 liic
1506 276 1632 318 beta-

156 363 275 401 cens,
319 349 425 391 haec
454 344 598 384 malva
628 343 693 384 liic
722 344 989 394 malvaceus,
1029 342 1137 383 haud
1175 342 1293 383 aliter
1322 354 1442 395 quam
1471 347 1633 384 musta-

155 420 254 450 ceus
286 412 325 451 et
350 414 616 463 mustaceum,
646 410 841 450 vinaceus
873 414 912 449 et
941 410 1112 449 vinacea
1143 413 1182 449 et
1201 409 1412 449 vinaceum
1432 409 1520 450 scil.
1543 409 1632 450 aci-

155 486 232 516 nus
263 475 328 516 vel
359 477 477 516 acina
506 476 571 516 vel
601 476 771 515 acinum.
831 475 934 515 Nam
963 470 1193 515 terminatio
1225 475 1318 526 ipsa
1342 474 1546 526 adjectiva
1568 480 1632 516 est

156 553 409 596 avenaceus,
449 542 748 594 ampullaceus,
780 540 1027 594 bulbaceus,
1070 541 1347 593 cacabaceus,
1388 541 1632 595 ferulaceus‚

156 609 369 662 soliaceus,
397 608 640 660 herbaceus,
659 606 925 660 hederaceus,
947 606 1184 659 lappaccus,
1208 606 1484 661 lymphaoeus‚
1502 618 1633 648 mem-

155 676 399 728 branaceus,
432 674 638 726 oleaceus,
670 683 918 726 porraceus,
949 678 1156 726 rutaceus,
1188 672 1468 726 surculaceus,
1495 673 1633 713 viola-

157 758 254 788 ceus
287 751 363 786 etc.
398 756 445 785 ac
476 744 712 796 plerumque
735 742 896 794 quidem
927 743 1229 784 similitudinem
1247 748 1290 783 ut
1310 753 1462 794 graeca
1483 744 1525 783 in
1539 734 1634 792 ‘offe

156 822 195 858 et
214 831 334 870 ηρος,
374 811 650 868 φρυγανικός,
688 809 917 867 λαχανηρός
956 818 1032 855 etc.
1070 814 1144 855 sed
1176 826 1302 867 saepe
1340 814 1459 854 etiam
1496 817 1632 855 mate—

154 884 255 924 riam
269 882 305 908 30
336 882 518 923 declarat
549 881 734 933 adeoque
765 880 859 921 laxa
898 884 961 920 est
989 883 1033 919 ut
1061 879 1293 920 hordeacea
1322 881 1411 933 pira
1441 879 1500 933 (et
1529 879 1632 921 hor-

156 948 306 990 dearea
344 948 491 1001 pruna)
532 948 612 988 nisi
648 947 801 988 Plinius
839 946 1008 987 doceret
1053 957 1077 986 a
1115 951 1300 998 tempore
1330 943 1632 987 maturescendi

154 1015 365 1056 nominata
403 1025 520 1068 esse,
558 1025 677 1054 nemo
719 1013 854 1054 dicere
894 1017 1040 1066 posset
1079 1012 1184 1053 unde
1215 1016 1364 1054 vocata
1393 1012 1488 1053 sint.
1550 1012 1632 1054 Sed

156 1081 297 1123 eadem
329 1080 508 1121 conditio
525 1084 588 1120 est
619 1080 970 1120 substantivorum
1003 1090 1106 1132 quae
1135 1080 1176 1120 in
1200 1079 1407 1120 imitativis
1428 1080 1632 1120 numerari

156 1151 347 1200 possunt,
379 1143 577 1199 σφήκειον
606 1143 733 1199 σφηκὶ
755 1147 1042 1198 προςαλίγκιον
1059 1145 1147 1186 Nic.
1173 1145 1242 1186 Th.
1264 1145 1354 1186 738.
1379 1141 1632 1198 μυρμήκειον

155 1210 178 1254 ὃ
209 1210 259 1269 δὴ
288 1210 494 1266 μύρμηξιν
522 1210 646 1253 ἔϊκτειι
675 1214 727 1254 ih.
762 1213 851 1254 747.
883 1215 1103 1264 σμυρνεῖον
1131 1211 1230 1264 (Sic)
1274 1207 1337 1251 ὅτι
1373 1207 1541 1264 ἐμφερὲς
1579 1212 1630 1266 τῇ

155 1277 316 1334 σμύρνῃ
358 1280 495 1321 Schol.
528 1293 564 1320 v.
595 1280 687 1322 848.
726 1276 869 1331 ἑχίειον
906 1274 1184 1332 ἀφομοιοῦται
1222 1273 1326 1331 πρὸς
1362 1274 1437 1318 τὸν
1465 1275 1549 1331 ἔχιν
1576 1278 1629 1319 ib.

154 1346 218 1388 65.
250 1347 502 1398 aliorumque
532 1346 712 1398 cujusvis
742 1345 905 1397 generis
937 1350 975 1385 et
1007 1345 1318 1397 terminationis,
1353 1355 1524 1396 quorum
1554 1355 1631 1385 ex-

155 1412 288 1466 empla
327 1423 460 1464 pauca
497 1423 701 1465 apponam
741 1423 791 1452 ex
822 1411 1083 1463 comparibus
1109 1414 1274 1463 juncta:
1314 1411 1524 1451 πελεκᾶντι
1560 1407 1631 1451 καὶ

154 1480 347 1534 πελεκίνῳ
375 1479 501 1519 Arist.
530 1480 630 1519 Avv,
661 1478 753 1520 883.
786 1474 879 1532 πύῳ
910 1475 978 1517 καὶ
1005 1477 1183 1531 πναρίτῃ
1214 1478 1336 1530 Vesp.
1358 1477 1501 1518 71040
1538 1474 1630 1525 ἔτας

153 1542 223 1586 καὶ
259 1541 445 1595 ἑταίρους
479 1544 523 1585 Il.
562 1544 643 1585 VH.
673 1543 765 1585 295.
803 1543 974 1596 δωρεαῖς
1009 1541 1078 1583 καὶ
1115 1540 1265 1595 δώροις
1301 1543 1493 1586 Philostr.
1531 1545 1627 1585 Vitt.

155 1611 281 1663 Soph.
313 1611 359 1651 II.
392 1610 454 1663 10,
484 1608 577 1651 589.
617 1612 857 1661 παρακεῖται
892 1611 1019 1664 νῆσος
1048 1606 1257 1662 Κέρκιννα
1293 1607 1364 1650 καὶ
1390 1607 1491 1664 ἄλλη
1520 1607 1631 1651 ἐλάτ-

152 1691 237 1718 των
248 1678 505 1728 Κερκιννῖτις
524 1675 658 1717 Strab.
679 1676 797 1716 XVII.
818 1675 911 1717 834.
930 1676 1035 1717 Lero
1060 1682 1098 1717 et
1115 1678 1262 1718 Lerina
1282 1677 1382 1717 Plin.
1405 1677 1628 1720 v.Wessel.

154 1742 205 1784 ad
234 1743 370 1784 Itiner.
401 1741 492 1783 504.
530 1741 693 1781 Uckert.
726 1740 872 1793 Geogr.
905 1743 946 1783 T.
978 1743 1024 1783 ΙΙ.
1054 1744 1096 1784 Ρ.
1121 1745 1166 1784 ΙΙ.
1197 1744 1290 1785 462.
1331 1739 1405 1790 τὰς
1430 1740 1629 1797 καρκινά-

154 1809 229 1857 δας
261 1805 332 1849 καὶ
367 1803 466 1855 τοὺς
494 1806 716 1859 καρκίνους
741 1808 899 1850 Aelian.
929 1809 975 1850 H.
1004 1810 1080 1850 An.
1112 1810 1175 1850 Vl.
1207 1810 1271 1852 28.
1312 1809 1351 1850 οἱ
1376 1810 1531 1862 κοχλίαι
1559 1808 1630 1851 καὶ

154 1875 194 1916 οἱ
221 1872 362 1928 κόχλοι
390 1875 562 1915 Aristot.
592 1873 638 1914 H.
669 1875 744 1914 An.
774 1874 837 1915 IV.
868 1875 907 1928 4,
938 1875 972 1917 1.
1012 1874 1055 1915 αἱ
1082 1875 1266 1924 τευθίδες
1302 1874 1371 1917 καὶ
1407 1876 1447 1917 οἱ
1473 1877 1628 1927 τεῦθοι,

153 1941 216 1983 IV.
243 1940 278 1995 1,
300 1942 337 1982 5.
379 1937 563 1993 αἰγυπιοὶ
600 1936 726 1991 γῦπες
760 1954 801 1980 τε
838 1940 925 1981 Nic.
959 1941 1027 1982 Th.
1058 1942 1151 1983 406.
1191 1942 1253 1982 cui
1294 1943 1425 1984 simile
1464 1943 1630 1996 plantae

151 2018 302 2048 nomen
340 2002 362 2047 ὁ
400 2003 473 2059 μὲν
508 2002 670 2059 νάρθηξ
710 2005 887 2058 γίγνεται
922 2002 1068 2059 μέγας,
1116 2004 1142 2061 ἡ
1181 2006 1225 2048 δὲ
1262 2009 1469 2062 ναρθηκία
1505 2006 1631 2063 μικρά

155 2072 357 2125 Theophr.
384 2073 487 2113 Hist.
518 2072 580 2113 VI.
606 2072 642 2126 2,
665 2072 701 2113 7.
759 2073 907 2113 Verum
939 2072 987 2113 de
1020 2075 1127 2114 omni
1156 2074 1297 2115 harum
1328 2086 1629 2128 paragogarum

152 2138 192 2179 vi
223 2143 262 2180 et
292 2138 452 2179 ratione
481 2138 714 2190 singulatim
745 2137 927 2179 dicturus
958 2151 1069 2191 sum,
1111 2151 1217 2180 nuno
1250 2142 1442 2192 quoniam
1473 2153 1630 2183 summa
1691 2174 1694 2176 .

153 2205 212 2245 rei
243 2204 435 2257 exposita
465 2209 541 2258 est,
571 2204 775 2257 perorabo
807 2205 932 2246 brevi.
992 2205 1336 2254 Quemadmodum
1354 2207 1629 2260 Empedocles

154 2269 390 2311 fabricando
422 2270 570 2312 mundo
603 2270 703 2312 duas
732 2271 931 2322 praefecit
960 2276 1142 2325 naturas,
1173 2271 1444 2314 Concordiam
1470 2277 1510 2314 et
1528 2273 1631 2314 Dis-

242 2481 301 2523 39)
337 2481 581 2515 Ramshornius
608 2482 641 2515 in
666 2482 793 2525 Synon.
822 2482 856 2516 T.
884 2483 910 2517 Ι.
938 2493 971 2526 p.
999 2482 1098 2516 LXll.
1136 2483 1210 2517 sola
1239 2484 1441 2527 complexus
1470 2486 1523 2518 est
1550 2493 1629 2517 ma-

153 2535 287 2570 terialia
323 2536 386 2570 sed
420 2546 539 2579 parum
575 2541 734 2573 accurate
772 2547 961 2582 eorumque
990 2548 1078 2581 quae
1106 2538 1146 2572 ab
1173 2539 1400 2573 ammantibus
1426 2539 1528 2573 ducta
1553 2543 1631 2574 sunt

153 2589 403 2634 (pavonaceus‚
432 2592 677 2634 Geryonaceus
703 2593 788 2637 etc.)
815 2603 920 2627 unum
946 2593 1043 2628 ass'crt
1065 2595 1285 2637 yallimiceus.

240 2667 299 2710 40)
336 2666 497 2702 Comicus
526 2670 559 2703 in
584 2670 701 2704 Schol.
738 2671 780 2705 ad
813 2671 846 2704 h.
875 2672 897 2705 1.
928 2671 1021 2704 πῦον
1056 2669 1270 2714 δαινύμενοι
1301 2669 1628 2715 κᾶμπιμπλιζαειόι

152 2721 317 2767 πυριάτῃ.
365 2722 520 2758 Eubulus
547 2725 651 2760 Mein.
680 2725 716 2761 T.
743 2726 799 2761 111.
826 2727 903 2763 241.
930 2725 1018 2763 πῦος
1042 2724 1206 2771 πυρῑάϊη-
