1731 3021
138 160 215 203 114
613 160 1045 204 DISSERTATIO
1093 159 1140 202 ΙΙ.

138 272 382 322 κορυπτίλος
410 267 493 313 ἀπὸ
522 273 599 314 τοῦ
627 268 822 325 κορύπτω
855 271 948 313 Sch.
981 271 1153 312 Theocr.
1184 271 1228 313 V.
1252 270 1340 313 142.
1372 275 1412 312 et
1443 272 1625 315 sortasse

139 333 302 386 ὀπτίλος
339 338 389 379 ab
432 339 596 379 exoleto
639 335 815 390 ὄπτομαι
844 338 984 389 potius
1016 348 1136 388 quam
1168 337 1218 377 ab
1249 338 1402 378 usitato
1434 333 1625 379 ὀπτίλλο-

138 419 221 457 μαι.
281 404 436 446 Deinde
475 405 678 457 adjectiva
717 415 822 456 quae
859 404 989 455 sigma
1027 403 1150 442 futuri
1180 409 1425 454 receperunt
1455 401 1628 453 δεισιλός

143 470 241 523 (Sic)
273 467 404 518 δειλός
432 471 528 512 Hes.
559 468 724 519 ξύσιλον
753 467 952 522 Σώφρων
980 467 1054 508 τὸν
1074 465 1248 520 γέροντα
1267 464 1349 509 εἶπε
1365 469 1452 511 ΕΜ.
1475 470 1567 523 737,
1587 470 1625 512 3.

143 537 380 579 scabiosum
411 537 669 590 significans,
708 532 884 587 δαψιλής
914 535 1086 587 dapsilis
1118 538 1157 575 et
1189 531 1383 586 ὄαψιλός,
1423 535 1533 588 quod
1561 536 1626 577 his

142 603 222 644 hoe
252 607 426 644 accentu
455 603 496 642 in
527 602 715 642 omnibus
752 601 992 647 Aristotelis
1023 600 1138 641 libris
1169 601 1373 651 signatum
1405 605 1491 654 est,
1528 600 1629 641 lati-

143 679 320 721 numque
351 668 550 721 dapsilus‚
580 668 616 708 si
646 678 727 707 uno
756 666 888 707 Plauti
913 666 1100 718 exemplo
1123 666 1226 706 satis
1247 670 1525 707 sustentatum
1546 677 1628 718 pu-

146 739 300 787 tamus,
347 746 372 774 a
418 733 547 774 δαίσω
586 733 652 773 vel
690 744 714 772 a
752 731 841 779 δαίς
880 731 1003 784 daps,
1054 735 1245 782 tanquam
1284 742 1543 782 paronymon
1585 735 1630 773 ut

144 795 328 853 ὀργίλος;
378 811 402 840 a
441 799 613 840 desueto
654 798 831 838 themate
877 794 1043 849 μύτιλος
1079 801 1473 851 proparoxyt0n0n‚
1519 796 1630 850 quod

144 865 376 916 Hesychius
415 865 479 905 bis
517 864 643 904 refert
682 875 714 904 s.
747 862 959 909 Μίτυλλος
997 866 1037 902 et
1075 858 1276 909 Μυτιλός.
1333 863 1445 904 Haee
1476 863 1630 904 subse-

145 932 282 983 quitur
313 931 665 972 substantivorum
696 939 911 981 numerus‚
950 928 1098 980 quibus
1130 928 1320 968 animalia
1350 929 1631 980 significantur

68 992 74 996 ⁵
145 993 330 1044 κόντιλος
359 995 457 1050 (sio)
488 993 602 1049 ὄρνις
630 993 699 1035 καὶ
728 991 824 1047 ὄφις
851 993 938 1035 ΕΜ.
968 990 1163 1047 κόρθιλος
1191 991 1305 1046 ὄρνις
1334 990 1385 1034 ὅν
1418 1008 1523 1042 τινες
1550 994 1630 1046 βα-

146 1059 303 1103 σιλικόν
334 1063 605 1115 (βασιλίσκον)
636 1061 731 1102 Hes.
763 1056 937 1113 ὀρχίλος,
967 1059 1170 1112 πομπίλος
1199 1055 1222 1099 ὃ
1251 1058 1320 1100 καὶ
1339 1061 1531 1108 ποντίλος
1551 1074 1631 1100 κα·-

145 1125 345 1182 λούμενος
382 1129 508 1169 Arist.
537 1127 584 1168 H.
613 1127 717 1167 Ann.
748 1126 810 1168 IV.
842 1126 877 1168 1.
915 1128 1138 1179 σχοινίλος,
1176 1126 1380 1178 τροχίλος,
1420 1125 1630 1179 φρυγίλος.

148 1194 329 1244 Quorum
359 1196 551 1247 primum,
591 1193 626 1233 si
654 1195 889 1244 serpentem
920 1193 1142 1246 signifieat,
1174 1204 1198 1233 a
1228 1193 1340 1233 conti
1370 1191 1632 1233 similitudine

148 1261 399 1314 appellatum
421 1259 592 1312 videtur,
623 1257 859 1311 secundum,
890 1258 925 1299 si
946 1258 1142 1311 regulum,
1172 1270 1196 1298 a
1215 1255 1341 1311 κόρυς
1363 1262 1406 1298 ut
1431 1255 1610 1311 κόρυδος
1619 1273 1630 1306 ;

149 1328 429 1381 proximorum
467 1326 573 1366 ratio
614 1325 655 1364 in
698 1328 866 1376 ape1¹t03
918 1327 1171 1375 postremum
1205 1325 1432 1365 Salmasius
1462 1324 1503 1364 in
1531 1323 1632 1365 Plin.

149 1406 188 1447 p.
217 1393 309 1435 315.
349 1404 439 1433 eum
478 1391 604 1431 latino
644 1389 822 1441 fringilla
859 1388 1070 1429 contendit
1108 1391 1201 1430 soni
1230 1391 1523 1431 imitamentum
1551 1401 1634 1442 pu—

150 1462 254 1500 tans
318 1459 412 1499 Alia
449 1456 648 1509 quaedam
689 1454 924 1507 suppeditat
963 1455 1221 1497 He10dianus
1256 1470 1296 1497 π.
1337 1458 1450 1496 Μον.
1488 1467 1526 1509 p.
1567 1455 1633 1497 21.

149 1524 218 1565 ubi
149 1521 390 1587 ——udt'kog
425 1523 641 1573 analogiae
672 1521 983 1561 convenientius
1015 1520 1111 1561 dicit
1142 1534 1262 1574 quam
1292 1524 1442 1573 κοῖλος,
1475 1522 1570 1574 quia
1590 1521 1633 1562 in

115 1640 123 1648 .
149 1593 260 1638 οιλος
288 1589 440 1629 nullum
476 1592 595 1628 exeat
615 1587 872 1641 vocabulum,
902 1588 1076 1640 plurima
1098 1599 1195 1628 veio
1221 1589 1261 1628 in
1282 1591 1367 1636 ιλος
1386 1612 1439 1616 -
1457 1587 1633 1640 μεμίμη-

148 1670 223 1708 ται
242 1652 321 1709 γὰρ
349 1652 396 1695 τὸ
426 1650 632 1706 αἰγιαλός,
662 1649 848 1705 μυτιλός,
877 1650 1064 1703 πυτιλός,
1097 1650 1307 1704 νυκτιλός,
1349 1665 1520 1706 quorum
1552 1652 1631 1694 duo

150 1718 280 1774 prima
310 1719 516 1772 quomodo
549 1717 768 1760 scribenda
798 1720 879 1759 sint
910 1724 1082 1771 apparet
1115 1730 1165 1759 ex
1194 1720 1288 1760 Are.
1313 1720 1377 1762 55.
1399 1716 1450 1760 τὰ
1469 1717 1538 1759 διὰ
1556 1719 1633 1759 τοῦ

150 1790 236 1835 ιλος
265 1781 457 1837 ἀρσενικὰ
483 1782 777 1836 παροξύνεται·
807 1784 840 1825 εἰ
869 1781 912 1825 δέ
941 1799 979 1825 τι
1006 1781 1375 1836 προπαροξὺτονον
1403 1786 1464 1839 εἴη
1492 1782 1520 1839 ἢ
1548 1781 1633 1825 πά-

149 1857 215 1894 θει
246 1852 368 1905 (adde
396 1848 554 1904 γέγονε)
586 1847 614 1903 ἢ
641 1846 747 1903 γένει
777 1850 900 1901 (adde
929 1848 1128 1905 διαφέρει)
1169 1853 1380 1902 ναυτίλος,
1437 1851 1632 1903 Τρωίλος,

154 1920 322 1969 Ζωίλος,
358 1918 581 1965 Πενθίλος·
611 1913 658 1957 τὸ
688 1913 731 1957 δε
762 1917 917 1970 αἴγιλος
945 1914 1165 1970 θηλυκὸν4
1194 1916 1262 1958 καὶ
1289 1912 1336 1958 τὸ
1366 1914 1504 1965 κόϊλος
1532 1912 1635 1957 κατὰ

150 1983 299 2033 πάθος.
363 1981 451 2024 Καὶ
494 1979 542 2023 τὸ
574 1980 742 2036 μύτιλος
777 1980 1143 2036 προπαροξύνεται.
1212 1984 1390 2024 Tertium
1426 1983 1634 2025 Herodia-

151 2061 322 2093 neorum
360 2049 503 2091 nescio
546 2053 680 2090 utrum
727 2048 780 2090 sit
820 2049 1111 2101 appellativum
1155 2048 1266 2101 quod
1305 2049 1427 2101 vulgo
1466 2050 1634 2097 πίτυλος

152 2117 347 2159 scribitur
386 2115 460 2157 sed
499 2126 626 2168 saepe
668 2116 788 2156 etiam
830 2117 1015 2166 trajectis
1052 2115 1289 2168 vocalibus,
1331 2126 1382 2155 an
1420 2116 1631 2168 proprium

155 2182 360 2229 Πυστίλος
390 2181 514 2222 Thue.
544 2182 607 2222 Vl.
637 2181 675 2223 4.
694 2182 710 2206 ⁵
738 2181 920 2221 ultimum
948 2181 1142 2233 Nyctilus
1173 2180 1363 2232 Calpurn.
1392 2181 1455 2222 VI.
1488 2181 1522 2223 1.
1552 2181 1633 2221 Mi-

150 2249 257 2290 ranti
295 2252 430 2288 autem
467 2258 539 2288 eur
570 2246 918 2298 Technograplius
955 2246 1188 2298 hujusmodi
1219 2247 1416 2299 exemplis
1454 2247 1513 2286 uti
1541 2257 1633 2286 ma-

150 2314 271 2355 luerit
302 2324 421 2366 quam
450 2314 562 2354 notis
594 2317 634 2354 et
663 2312 913 2366 illustribus,
945 2313 1080 2364 qualia
1109 2312 1287 2365 undique
1318 2312 1498 2365 affluunt,
1529 2311 1632 2352 haee

240 2544 278 2586 4)
318 2544 377 2578 Sic
402 2546 506 2579 etiam
532 2543 714 2588 ἢᾚμιλος
738 2543 832 2579 urbis
859 2553 985 2579 nomen
1008 2544 1110 2580 Paus.
1138 2544 1229 2580 VIII.
1261 2544 1312 2587 13,
1340 2545 1372 2579 4.
1404 2540 1632 2586 θῐΤριέγιλος

150 2598 270 2642 Steph.
300 2608 443 2643 quorum
469 2604 584 2635 tamen
610 2601 727 2644 ignota
752 2603 805 2635 est
830 2602 1013 2644 quantitas.

239 2666 277 2707 5)
311 2664 488 2702 Πάστιλος
509 2666 607 2700 Pliot.
636 2666 723 2700 Bibl.
749 2665 833 2699 LIX.
858 2666 914 2701 26.
942 2667 976 2699 in
1001 2666 1079 2701 cod.
1108 2666 1300 2704 παστῖλος,
1333 2665 1415 2702 alibi
1440 2662 1632 2699 πιὶστιλλος

151 2730 182 2754 ν.
209 2719 261 2754 Du
290 2718 396 2763 Caiig.
423 2720 565 2756 latinum
587 2723 641 2757 est
664 2721 821 2765 pastillus
848 2730 868 2756 a
893 2724 1003 2764 pasta.
