1731 3021
155 149 250 193 208
625 147 1067 192 DISSERTATIO
1107 148 1169 190 IV.

155 261 293 313 στίνη,
334 260 482 312 quibus
522 260 653 301 simile
688 255 912 306 Ἀκεστῖνος
944 257 1089 299 medici
1127 269 1278 298 nomen
1315 257 1366 298 ab
1404 257 1628 299 Heliodoro

154 327 300 368 fictum.
349 326 557 367 Hactenus
590 325 638 367 de
670 327 886 378 scriptura.
926 324 1064 377 Origo,
1096 324 1232 376 quoad
1262 329 1388 378 patet,
1422 324 1630 376 plerisque

156 405 180 433 a
210 393 501 434 substantivis:
542 394 761 444 κεφαλῖνος
791 392 841 432 ab
873 403 946 444 eo,
986 392 1053 443 qui
1091 388 1270 445 κέφαλος
1305 394 1499 442 vocatur,
1537 400 1631 429 mo-

155 464 292 500 mento
324 458 500 511 quodam
531 458 748 499 distinctus
778 458 869 498 Ath.
901 458 981 498 Vll.
1012 456 1104 498 306.
1137 457 1181 498 F..
1212 461 1255 497 ut
1283 455 1451 509 μυξῖνος
1471 455 1630 496 differre

154 526 314 567 videtur
346 525 397 566 ab
430 536 478 565 eo
512 525 580 576 qui
606 521 734 576 μύξος
763 525 850 565 sive
879 521 1021 577 μύξων
1040 526 1224 575 vocatur,
1254 526 1446 575 σαργῖνος
1466 532 1629 573 asargo

156 592 238 633 VII.
259 591 350 633 321.
373 591 414 632 C.
445 590 698 642 Photiusque
720 590 876 630 dubitat
891 590 1049 631 idemne
1072 590 1125 630 sit
1144 591 1351 641 κεστρῖνος
1372 592 1412 629 et
1429 583 1630 640 κεστρεύς,

156 668 329 710 quorum
370 657 615 708 primitivum
647 660 710 696 est
748 652 906 708 κέστρα.
973 657 1213 708 Κορακῖνος
1241 652 1455 707 ἐπώνυμος
1484 654 1632 694 αἴθοπι

155 723 272 777 χροίῃ
305 722 408 774 opp.
438 721 527 762 Hal.
556 721 583 762 I.
617 721 706 762 133.
733 726 772 762 et
803 722 853 762 ab
890 722 1135 774 Epicharmo
1180 719 1409 774 κοριοειδής
1444 724 1630 773 vocatur,

157 788 269 842 quod
297 787 403 828 idem
435 791 499 827 est
530 798 578 827 ac
610 785 887 840 κορακοειδής.
946 788 1148 840 Cyprinus
1170 800 1193 829 a
1213 788 1354 828 colore
1374 788 1481 828 aeris
1501 786 1632 838 cyprii

158 855 304 906 dictus,
333 855 536 905 σεσερῖνος
566 853 747 893 fortasse
786 854 837 893 ab
876 853 1015 894 herba.
1071 854 1165 894 Alia
1200 855 1251 895 ab
1291 854 1504 905 adjectivis
1533 851 1632 904 ἐρυ-

156 923 279 967 θῖνος
306 919 399 960 Ath.
429 919 492 961 VI.
521 918 612 960 271.
642 919 690 959 A.
721 924 760 959 et
800 918 917 959 codd.
961 919 1171 961 Jamblich.
1209 920 1340 962 Protr.
1378 920 1498 961 XXX.
1537 918 1630 961 316.

156 988 226 1028 ubi
254 985 527 1037 Kiesslingius
563 981 786 1037 ἐρυθρῖνον
821 985 988 1037 scripsit
1027 990 1191 1038 praeter
1229 997 1420 1037 causam3
1460 997 1552 1026 nam
1592 990 1632 1026 et

157 1054 282 1094 latine
321 1052 532 1104 erytliinus
570 1051 822 1102 nominatur3
861 1051 1081 1092 Marcellus
1117 1064 1153 1091 v.
1189 1052 1250 1093 13.
1289 1049 1472 1104 ἐρυθρόν
1508 1056 1632 1092 vocat

158 1119 361 1171 adjectivo
402 1129 503 1158 usus
546 1117 803 1157 substantive
848 1117 953 1157 sicut
998 1116 1209 1169 Oppianus
1256 1117 1468 1168 scepinum
1513 1128 1633 1169 quem

158 1196 285 1226 versu
317 1184 454 1224 dicere
483 1195 569 1223 non
601 1186 683 1234 est,
725 1179 931 1222 σκέπανον
960 1182 1059 1222 dixit
1088 1186 1244 1222 mutato
1278 1187 1413 1223 tamen
1443 1182 1633 1235 adjectivi

159 1256 349 1301 accentu3
382 1261 405 1290 a
434 1245 563 1302 φοξός
591 1260 626 1290 V.
659 1248 720 1289 12.
750 1247 941 1301 φοξῖνος,
982 1248 1045 1288 cui
1076 1248 1207 1288 Simile
1236 1250 1456 1300 γλαυκῖνος
1484 1249 1525 1289 in
1555 1261 1632 1290 usu

158 1318 288 1358 fuisse
319 1315 522 1367 colligitur
554 1326 605 1355 ex
635 1314 880 1355 deminutivo
910 1314 1198 1366 γλαυκινίδιον.
1244 1315 1282 1354 Α
1309 1311 1465 1367 τυφλός
1492 1317 1634 1368 τυφλῖ-

140 1397 231 1436 ννος
260 1380 381 1435 ἰχθὺς
408 1379 476 1422 καὶ
506 1378 641 1434 ὄφεως
665 1376 771 1428 εἶδος
793 1380 888 1421 Hes.
920 1391 1039 1432 quam
1065 1380 1199 1420 Latini
1231 1381 1443 1421 caeciliam
1471 1385 1633 1422 vocant.

158 1450 304 1501 Ignota
341 1452 436 1489 sunt
471 1451 541 1487 aut
577 1447 730 1498 ignotis
768 1446 955 1498 proxima
993 1446 1179 1497 βαλῖνος,
1225 1449 1412 1499 γαρῦνος,
1460 1445 1634 1499 φυξῖνος

159 1515 270 1569 quod
299 1513 531 1555 Dindorfius
560 1513 653 1555 Ath.
683 1512 748 1554 IX.
778 1512 871 1554 403.
901 1523 976 1565 pro
1007 1512 1207 1553 mendoso
1238 1512 1453 1565 φυξίκινος
1482 1512 1634 1566 posuit,

161 1582 229 1623 alii
270 1580 440 1634 φοξῖνος
474 1579 653 1632 malunt,
699 1589 776 1619 nec
815 1578 1009 1618 abhorret
1044 1578 1213 1631 μυξῖνος
1250 1590 1274 1619 a
1313 1575 1421 1631 μύξα
1458 1578 1632 1619 ductum.

158 1649 335 1690 Piscium
364 1646 549 1698 inquilini
575 1649 671 1685 sunt
697 1647 878 1696 γυρῖνοι,
919 1644 1029 1695 quod
1068 1656 1216 1685 nomen
1257 1649 1420 1685 veteres
1457 1656 1481 1684 a
1508 1641 1635 1696 γυρός

158 1713 425 1755 arcessunt15
455 1715 495 1752 et
523 1710 733 1763 καρκίνοι,
772 1711 889 1761 cujus
921 1713 1087 1760 etymon
1118 1709 1278 1751 tradere
1307 1709 1467 1751 videtur
1495 1710 1634 1762 Hesy-

158 1779 273 1820 chius
303 1773 468 1829 Κάρχαι
495 1780 684 1829 καρκῖνοι
712 1779 873 1816 retento
913 1778 1087 1815 accentu
1126 1776 1304 1830 vulgari,
1344 1777 1412 1829 qui
1453 1780 1634 1829 quanto-

160 1856 258 1897 pere
286 1842 503 1884 invaluerit
533 1847 706 1896 apparet
737 1854 787 1882 ex
814 1841 1089 1882 haesitatione
1121 1842 1258 1883 Schol.
1279 1842 1404 1883 Arist.
1425 1842 1518 1883 Pac.
1542 1841 1631 1884 179.

157 1910 353 1964 καρκίνος
381 1906 425 1949 ἐν
451 1910 510 1966 τῷ
541 1905 781 1963 ἀντιγράφῳ
810 1904 1101 1958 παροξύνεται·
1144 1907 1242 1955 ἴσως
1279 1900 1355 1948 οὖν
1383 1905 1634 1948 συνέστειλεν

159 1973 262 2018 αὐτὸ
292 1972 549 2028 ὡς’Ἀρατος.
599 1975 736 2015 Tertio
774 1974 867 2014 loco
900 1972 1127 2013 succedunt
1164 1974 1394 2025 plantarum
1429 1973 1632 2014 vocabula

156 2042 385 2084 masculina
412 2043 619 2089 πελεκῐνος
649 2037 712 2080 ὅτι
741 2036 882 2092 ὅμοιος
910 2040 961 2093 τῇ
990 2036 1081 2087 ὄψει
1108 2038 1166 2094 τῷ
1194 2035 1348 2078 πελέκει
1370 2038 1571 2090 Theophr.
1593 2044 1633 2080 et

159 2109 410 2160 σταφυλῖνος
439 2107 489 2148 ab
520 2119 569 2148 eo
602 2105 712 2159 quod
738 2105 854 2146 radix
884 2105 1066 2146 colorem
1094 2115 1198 2144 uvae
1227 2104 1467 2155 nigricantis
1495 2104 1632 2158 habet,

160 2174 403 2225 tertiumque
438 2183 590 2225 genere
629 2176 668 2213 et
698 2175 871 2212 accentu
900 2170 1040 2222 dispar
1068 2165 1094 2223 ἡ
1123 2166 1372 2221 κυκλαμινος
1400 2165 1447 2210 τὸ
1475 2168 1633 2210 κυκλα-

156 2253 278 2292 μινον
308 2250 332 2279 a
359 2239 556 2291 κυκλαμίς
586 2237 761 2290 ductum,
791 2239 908 2287 cujus
939 2246 1208 2286 synonymum
1238 2236 1366 2276 fertur
1391 2233 1634 2288 περικλύμε-

158 2319 236 2345 νον
265 2305 363 2345 HeS.
397 2305 511 2355 origo
545 2315 624 2344 nos
656 2303 767 2353 sugit.
825 2303 973 2342 Verum
1013 2300 1154 2342 eadem
1186 2300 1416 2342 terminatio
1447 2299 1499 2340 ad
1528 2300 1630 2341 alias

160 2382 323 2423 quoque
348 2380 482 2410 rerum
505 2369 667 2421 species
691 2367 890 2408 translata
909 2370 983 2408 est.
1022 2367 1206 2419 Namque
1235 2367 1486 2419 ewqovfltvog
1506 2377 1631 2418 prae-—

160 2441 344 2489 terquam
370 2436 548 2488 plantae,
573 2434 694 2474 etiam
720 2433 867 2474 insecti
889 2442 1039 2472 nomen
1061 2432 1134 2472 fuit
1151 2444 1187 2472 v.
1210 2431 1444 2473 Schneider.
1464 2431 1514 2472 ad
1531 2432 1630 2472 Ari-

161 2506 257 2543 stot
275 2502 321 2543 H.
340 2502 445 2542 Ann.
470 2501 511 2542 T.
530 2500 595 2541 III.
620 2499 712 2542 665.
735 2497 845 2552 quod
872 2508 944 2539 cur
968 2497 1179 2539 Bekkerus
1197 2497 1376 2539 V111.23.
1395 2508 1433 2550 p.
1454 2494 1546 2551 604,
1567 2496 1629 2540 18.

250 2651 308 2693 15]
343 2649 579 2694 Correptionis
605 2649 801 2693 exemplum
834 2647 979 2692 praebet
1005 2647 1108 2682 Anth.
1133 2647 1191 2682 XI.
1217 2647 1293 2683 336.
1335 2646 1482 2680 ἔπλευσε
1516 2649 1624 2689 Kapr-

160 2716 220 2742 νος
243 2713 263 2739 a
289 2705 398 2738 Carus
422 2705 625 2741 derivatum.
674 2705 832 2741 Attamen
855 2704 999 2747 primam
1023 2704 1184 2747 producit
1206 2702 1436 2739 Nemesianus
1462 2702 1544 2746 Cyn.
1571 2704 1625 2739 70.
