1731 3021
154 169 216 213 68
637 165 1074 210 DISSERTATIO
1122 167 1150 208 1.

154 280 246 322 Mus
277 278 342 321 vel
370 279 454 320 Leo
486 278 718 332 appellatus
749 281 832 331 est,
864 289 914 318 ex
945 277 1081 329 aliqua
1112 274 1375 318 similitudine
1404 275 1462 316 ita
1491 275 1641 328 appel—

155 345 281 386 latum
313 356 420 387 esse.
481 345 563 386 Sed
602 345 705 385 haec
743 344 784 384 in
814 343 1047 383 hominibus
1079 346 1166 382 tota
1198 341 1405 394 extabuit,
1444 341 1486 381 in
1515 341 1639 382 loco-

156 423 244 452 rum
292 412 525 452 nominibus
567 411 812 451 obscuratur
850 421 923 462 per
961 408 1125 461 gradus
1198 408 1358 448 Etenim
1398 407 1433 448 si
1474 411 1637 448 torrens
1684 455 1688 459 .

155 477 338 529 Aehajae
368 478 434 518 vel
462 476 671 529 Argolidis
704 477 809 516 sama
839 479 963 515 notus
995 474 1219 527 praecipue
1252 469 1472 526 Χάραδρος
1501 473 1638 515 nomi-

158 548 290 597 natur,
322 543 357 585 si
378 543 610 584 Laconicae
634 543 748 594 regi0
777 542 974 594 palustris
1006 541 1160 593 Λίμναι
1179 541 1267 580 sive
1288 541 1452 593 Λῖμναι,
1483 540 1519 580 si
1546 540 1640 581 loca

159 610 268 650 Pelei
300 620 529 649 cavernosa
553 603 702 658 Ἰπνοί,
744 619 871 648 eausa
901 606 1194 648 nominationis
1224 616 1307 646 non
1338 605 1448 646 clare
1479 605 1639 658 quidem

159 676 233 717 sed
270 676 488 716 interlucet
529 678 674 714 tamen.
741 674 783 714 Si
823 684 921 712 vero
954 673 1096 713 alveus
1128 683 1236 723 aqua
1266 671 1451 713 desectus
1483 676 1523 712 et
1554 672 1639 712 cir—

160 753 249 782 cum
280 742 373 782 loca
403 751 552 781 nomen
582 736 802 791 Χάραδρος
830 739 1020 792 retinent,
1055 738 1089 779 si
1118 738 1369 778 Athenarum
1400 737 1638 779 suburbium

162 808 335 860 Λίμναι,
376 808 410 847 si
441 807 582 857 locus,
633 804 700 844 ubi
740 803 944 855 quondam
986 803 1268 844 arundinetum
1300 803 1394 857 suit,
1433 800 1638 856 Κάλαμοι,

160 874 226 912 ubi
258 868 531 925 1›alus,‘E1tog
561 874 600 910 et
631 869 817 910 similiter
850 869 1010 923 Castra,
1043 870 1276 922 Tabernae,
1315 869 1484 924 Forum,
1514 870 1642 911 Vela-

160 939 288 991 brum,
324 939 359 979 si
394 937 549 976 titulum
581 935 805 986 antiquitus
837 940 1050 987 acceptum
1072 936 1312 975 continuant
1332 935 1492 976 ratione
1513 937 1642 977 amis-

161 1016 221 1057 sa,
254 1008 335 1044 tum
361 1003 474 1056 quod
500 1002 585 1054 [ιιέί
606 1004 719 1051 alite,
747 1002 861 1052 perit
886 1005 925 1040 et
949 1012 997 1041 ex
1017 1002 1193 1041 naturali
1224 1003 1260 1041 m
1289 1002 1645 1052 im1)ositicium.²⁰

159 1070 268 1110 Idem
305 1070 415 1110 valet
454 1067 503 1108 de
542 1067 747 1107 hominum
788 1066 1033 1107 nominibus.
1098 1068 1134 1107 A
1173 1067 1377 1119 primitivo
1417 1063 1531 1115 ἅλιος
1559 1079 1642 1109 uno

162 1135 281 1187 quasi
312 1134 439 1186 gradu
471 1133 596 1174 distat
614 1130 753 1179 ’Ἅλιος
771 1132 950 1183 Neptuni
972 1144 1201 1183 cognomen
1223 1132 1343 1172 Anlll.
1365 1133 1476 1174 Plan.
1497 1144 1534 1175 n.
1550 1133 1643 1176 214.

162 1201 271 1253 quod
303 1202 337 1241 si
369 1211 443 1251 pro
474 1200 642 1251 proprio
675 1199 853 1250 ponitur,
893 1199 1196 1249 pronominatio
1230 1203 1314 1249 est3
1347 1197 1508 1239 duobus
1531 1195 1645 1240 Ἅλιά

161 1266 351 1307 Nereidis
390 1276 540 1305 nomen
579 1265 788 1317 proprium
827 1260 939 1316 παρὰ
975 1260 1052 1316 τὴν
1090 1261 1169 1304 ἅλα
1209 1264 1302 1304 Seli.
1338 1264 1381 1305 Il.
1412 1265 1548 1306 XVIII.
1578 1266 1643 1308 40.

163 1333 212 1373 cf.
243 1332 383 1372 Lelirs.
413 1330 462 1371 de
493 1331 618 1371 Arist.
652 1330 744 1371 274.
786 1330 916 1369 tribus
944 1326 1082 1377 ’Ἅλιος
1112 1330 1446 1381 andronymicum
1477 1330 1643 1372 cuilibet

163 1402 314 1450 aptum.
363 1397 471 1437 Idem
498 1397 619 1437 etiam
652 1395 700 1436 dc
732 1395 1016 1437 substantivis,
1073 1393 1231 1446 Αἰετός,
1257 1393 1396 1448 Ἱέραξ,
1430 1393 1647 1450 Κέραυνος

163 1474 303 1515 regum
336 1474 539 1514 eponyma
570 1463 695 1515 suere,
724 1459 868 1510 Ἵππος
897 1462 1168 1513 Hermogenis
1200 1463 1384 1503 cursoris
1415 1463 1535 1505 Paus.
1564 1464 1645 1506 VII.

165 1529 227 1571 15.
266 1529 542 1581 parasitorum
585 1524 794 1580 Κάραβος,
832 1524 1036 1580 Κόρυδος.
1095 1528 1207 1569 Haec
1246 1529 1505 1580 appellativis
1544 1542 1649 1582 pro-

162 1595 293 1647 xima,
340 1594 503 1645 longius
552 1605 651 1634 vero
702 1594 907 1646 disjuncta
949 1598 1043 1634 sunt
1086 1595 1255 1646 propria
1288 1591 1453 1646 Ἵππος,
1504 1591 1646 1649 Ἱέραξ,

165 1663 319 1712 Χοῖρος
356 1659 504 1700 Ilerod.
543 1660 625 1701 VII.
660 1660 748 1701 170.
790 1664 829 1700 et
868 1661 909 1699 in
936 1661 1062 1701 Inser.
1103 1659 1253 1701 Thasia
1293 1660 1413 1713 Corp.
1444 1661 1569 1703 Inscr.
1608 1674 1647 1705 n.

165 1725 285 1767 2161.
316 1736 421 1777 quae
453 1737 574 1777 quum
606 1727 873 1778 proferimus,
922 1726 1033 1765 nulla
1070 1726 1223 1778 primae
1251 1727 1528 1778 impositionis
1558 1740 1651 1770 me-

164 1792 295 1831 moria
324 1791 446 1832 subit.

280 1884 317 1928 §.
349 1879 385 1920 5.
448 1879 669 1920 Illustrium
713 1880 989 1932 parasitorum
1020 1890 1224 1932 eponyma
1255 1882 1477 1922 connexuit
1505 1881 1649 1924 Alexis

164 1945 321 1997 Fragm.
353 1958 390 1997 p.
420 1945 513 1986 461.
543 1945 631 1986 Vol.
662 1946 726 1987 ΙΙΙ.

389 2033 556 2086 πρῶτον
583 2030 658 2085 μὲν
688 2025 742 2087 ἦν
770 2042 833 2074 σοι
866 2030 1138 2087 Καλλιμέδων
1167 2031 1189 2074 ὁ
1219 2031 1428 2087 Κάραβος,

388 2095 523 2139 ἔπειτα
557 2096 763 2153 Κόρυδος,
796 2100 989 2154 Κωβίων,
1022 2101 1262 2155 Κυρηβίων,

393 2159 416 2203 ὁ
445 2163 687 2219 Σκόμβρος,
727 2161 750 2220 ἡ
780 2166 1061 2220 Σεμίδαλις,21

169 2262 340 2302 quorum
372 2254 569 2294 nonnulla
597 2255 757 2306 integra
778 2255 1028 2307 appellativa
1051 2258 1158 2308 sunt,
1191 2254 1271 2295 alia
1291 2254 1341 2295 ab
1362 2255 1425 2297 his
1448 2254 1650 2307 derivata3

256 2439 316 2481 20]
355 2440 499 2474 Carnem
523 2452 545 2473 α
570 2442 716 2485 corneis,
749 2453 834 2486 quae
867 2442 1037 2475 abscissae
1068 2444 1138 2475 loco
1162 2443 1364 2486 reliquerunt
1387 2453 1504 2475 women
1527 2446 1563 2474 ut
1588 2442 1653 2474 Es-

169 2494 309 2525 culelum
334 2499 364 2526 e!
399 2497 548 2539 Fayuiul
578 2497 671 2531 Varr.
705 2497 742 2531 L.
764 2497 801 2531 L.
830 2498 867 2532 V.
894 2498 948 2533 42.
976 2498 1260 2542 ΙΙαρακολου-Ἰὲῖ
1291 2502 1365 2533 Τοῖς
1391 2496 1530 2540 ἕῖῦμωέ
1565 2495 1650 2540 ⁷¹96·

169 2559 274 2591 τερον
298 2548 508 2593 λεγομένοις
540 2551 610 2584 ἀπὸ
645 2553 708 2585 τοῦ
732 2552 1000 2597 συμβεβηκότος
1032 2552 1185 2589 Τοπικῶς
1216 2551 1281 2585 νῦν
1315 2551 1365 2595 μὴ
1395 2552 1569 2596 λέγεσθαι
1596 2564 1650 2584 ἴο-

170 2603 281 2639 πικῶς
305 2603 415 2638 Slrab.
444 2606 498 2640 IX.
525 2607 601 2643 406.

258 2669 318 2712 21]
357 2670 416 2705 llis
450 2673 577 2706 similia
609 2677 687 2707 sunt
724 2685 912 2719 coquorum
950 2679 984 2709 et
1008 2675 1177 2709 laniorum
1197 2674 1376 2709 Deliorum
1403 2676 1541 2709 nomina
1566 2676 1648 2706 Χοί-

166 2735 277 2769 ρακος
303 2725 492 2770 (Porcills),
515 2727 653 2771 Ἀμνός,
680 2729 864 2773 Σήσαμος,
891 2733 1011 2775 Μαγίς
1036 2730 1116 2765 Atll.
1148 2730 1203 2765 IV.
1228 2730 1302 2766 113·
1327 2729 1369 2764 A·
