1699 3021
197 177 266 219 DE
297 175 478 218 NoiuN.
510 174 562 216 IN
590 163 786 226 εἶΕΤη-ιι
811 171 1157 214 ExEUNrissUs.
1189 172 1231 215 c,
1252 174 1297 216 11.
1328 179 1366 224 §-
1386 175 1423 218 2.
1462 175 1550 218 109

76 287 223 340 quibus
253 286 339 326 EM.
360 286 464 337 379,
484 285 550 326 27.
580 283 690 324 addit
711 278 915 335 ἐρυγμήλη
944 277 987 321 δὲ
1006 277 1196 322 ἕπύθετον
1213 280 1425 335 ῥαφανίου
1451 286 1551 335 ἴσως

76 349 158 393 ἀπὸ
187 352 260 404 τῆς
289 349 454 404 ἐρυγης,
495 350 568 391 sed
597 346 771 401 ἐρυγήλη
801 348 994 389 scribitur
1024 358 1087 398 ap.
1118 347 1375 398 Hesychium.
1433 351 1549 404 Oxy-

79 423 266 458 tonorum
298 417 497 468 principia
527 420 594 455 aut
623 416 664 455 in
694 418 836 466 aperto
868 418 936 453 aut
966 413 1006 452 in
1036 413 1221 464 proximo
1253 419 1370 467 sunt3
1400 417 1450 457 ab
1472 418 1548 459 ad-

77 483 228 523 verbiis
267 479 468 533 χαμηλός,
507 477 682 533 ὑψηλός,
722 479 771 519 ab
803 479 1016 530 adjectivis
1047 479 1300 530 simplicibus
1330 479 1548 535 γυμυηλός,

77 543 356 600 αἰσχυντηλός,
390 559 412 587 a
443 547 685 598 compositis
717 549 889 584 accentu
920 543 1074 595 dispari
1104 540 1311 598 ἀεργηλός,
1342 546 1550 602 δημεχθη-

77 610 167 663 λός,
216 609 487 665 φιλύόρηλος,
532 607 707 663 ἀΐδηλος.
777 610 869 650 Alia
910 609 1179 651 substantivis
1225 610 1416 662 adjuncta
1455 617 1551 654 sunt

79 674 266 731 ὀκυηλός,
298 673 513 730 ὀμβρηλός,
545 672 720 729 ὑδρηλάς
743 675 992 726 Theognost.
1012 676 1057 716 11.
1078 676 1141 717 62.
1164 687 1241 717 nec
1262 688 1394 728 pauca
1410 678 1548 719 verbis

78 741 261 797 μιμηλός,
303 739 505 795 κρυβηλός
533 743 628 782 Hes.
669 736 863 793 ἀτυζηλός
900 737 1169 794 ὀξυτονητέον
1207 737 1263 789 ὡς
1293 738 1551 795 “Ηρωδιανός

83 810 174 851 Sch.
204 809 338 861 Apoll.
369 808 413 848 11.
447 808 563 848 1053.
594 802 810 860 ἀπατηλός,
850 803 1041 859 διψηλός,
1071 804 1247 860 νοσηλός
1274 809 1468 861 Hippocr.
1501 809 1552 851 de

80 876 202 916 Loco.
231 886 268 926 p.
294 873 382 915 118.
415 874 455 913 Τ.
473 874 518 914 11.
548 870 723 925 ῥιγηλός,
755 870 929 926 σιγηλός,
959 870 1178 926 τρυφηλός,
1210 885 1381 926 quorum
1411 875 1552 927 plera-

83 952 173 992 que,
205 941 265 979 sic
295 943 336 978 ut
368 938 508 988 regula
538 940 686 991 poscit,
716 939 905 978 feminina
934 940 974 978 in
1003 940 1030 990 ἦ
1057 940 1232 992 mittunt,
1264 940 1416 981 nullum
1436 942 1477 981 in
1503 943 1553 990 οἶ·

81 1006 162 1045 nisi
198 1005 315 1044 metri
354 1014 479 1043 causa
517 1008 560 1043 ut
596 999 621 1056 ἡ
660 1001 866 1056 καπνηλός
900 1004 1068 1045 Nicand.
1116 1016 1241 1055 quare
1285 1010 1325 1046 et
1361 1003 1553 1061 φύζηλος,

82 1071 178 1111 Hes.
212 1070 247 1110 si
278 1073 472 1109 accentus
499 1080 573 1108 suo
597 1070 759 1120 positus
791 1074 854 1109 est
884 1069 991 1121 loco,
1021 1070 1152 1109 minus
1173 1071 1391 1111 mobilibus
1423 1072 1554 1113 adnu-

84 1135 231 1176 merari
271 1139 452 1187 oportet,
495 1139 534 1174 et
563 1131 733 1187 πέτηλος
760 1135 784 1175 i.
815 1145 852 1185 q.
882 1131 1084 1187 προπετης
1111 1136 1223 1175 Arat.
1255 1140 1376 1187 atque
1406 1136 1553 1190 ἰ’τηλος,

86 1212 162 1241 nec
195 1200 448 1252 probandum
478 1197 634 1254 ἐξιτηλη
666 1200 774 1253 quod
806 1199 894 1240 cod.
925 1200 1033 1251 LipS.
1064 1201 1105 1239 in
1123 1200 1308 1252 Xenoph.
1332 1201 1428 1243 Oec.
1450 1203 1495 1244 X.
1517 1204 1554 1246 3.

86 1266 244 1306 ascivit.
304 1265 541 1306 Ceterorum
565 1267 857 1318 barytonorum
887 1266 1086 1317 principia
1106 1266 1172 1306 vix
1200 1277 1272 1317 per
1294 1271 1556 1311 transennam

85 1330 334 1383 adspicimus
352 1343 359 1369 :
391 1327 611 1384 ἀβέρβηλος
632 1333 718 1372 sive
737 1327 980 1384 ἀβύρβηλος,
1011 1333 1127 1381 cujus
1147 1331 1284 1371 variae
1306 1333 1558 1385 interpreta-

87 1398 221 1438 tiones
251 1397 292 1435 in
321 1397 489 1438 notione
510 1397 730 1450 importuni
753 1407 978 1448 congruere
998 1395 1196 1449 videntur,
1227 1392 1441 1451 ἀσύφηλος
1461 1400 1555 1441 Sch.

86 1462 130 1503 Ii.
161 1463 208 1502 A.
241 1461 304 1501 Dc.
338 1461 429 1502 647.
463 1474 536 1514 pro
568 1459 778 1516 ἀσόφηλος
806 1460 1043 1515 inmundus,
1083 1462 1151 1502 alii
1183 1474 1256 1515 pro
1287 1463 1455 1513 αἴσυλος
1484 1477 1559 1507 ac-

88 1531 259 1583 cipiunt,
308 1528 645 1580 Wyttenhachius
684 1528 734 1569 ad
772 1529 927 1579 Eunap.
963 1539 999 1579 p.
1032 1527 1123 1568 241.
1165 1528 1215 1568 ab
1259 1525 1334 1582 ἄτη
1371 1531 1561 1582 producit

87 1591 222 1649 ἀπύω,
261 1595 354 1635 hinc
383 1590 553 1644 ἀσύπω,
585 1590 757 1647 ἀσύφω,
789 1590 990 1646 ἀσυφάω,
1022 1604 1126 1644 quae
1157 1593 1419 1636 vehementer
1448 1597 1560 1638 olent

89 1674 139 1702 ex
184 1661 500 1711 indigitamentis
548 1661 843 1712 Lennepianis3
897 1656 1064 1712 βέβηλος
1106 1654 1187 1699 ἀπὸ
1224 1661 1301 1700 τοῦ
1337 1661 1398 1713 βῶ
1437 1659 1561 1715 βηλός

87 1725 158 1767 καὶ
194 1726 475 1780 διπλασιασμῷ
513 1725 599 1764 ΕΜ.
639 1722 820 1777 κάπηλος
858 1736 882 1764 a
910 1721 1018 1776 κάπη
1047 1720 1072 1777 ἡ
1101 1721 1235 1776 τροφή
1272 1725 1323 1766 id.
1353 1723 1560 1780 ἐρίσχηλος

90 1789 113 1832 ὅ
152 1792 337 1841 λοίδορος
375 1791 424 1830 ab
463 1787 577 1841 ἐρίζει)
616 1794 659 1829 ut
696 1795 858 1830 veteres
898 1789 1060 1841 volunt,
1107 1786 1266 1842 ἐνίηλος
1303 1795 1342 1831 et
1378 1793 1560 1846 νευίηλος

90 1858 240 1899 stultus
264 1857 313 1896 ab
340 1852 449 1903 ἐνεός
479 1855 543 1896 vel
571 1853 698 1905 νενός,
731 1855 779 1895 de
810 1854 998 1907 κίβδηλος
1028 1855 1117 1906 ipse
1148 1857 1426 1906 conjecturam
1458 1870 1560 1911 pro-

90 1924 211 1975 posui
250 1922 329 1962 illis
368 1932 444 1961 nec
483 1921 691 1961 meliorem
737 1930 813 1960 nec
860 1919 1103 1960 deteriorem
1143 1920 1344 1973 Aglaoph.
1382 1923 1499 1965 1034.
1522 1924 1561 1951 3⁰

91 1988 194 2037 Quin
222 1987 480 2027 notissimum
511 1984 653 2039 ἕκηλος
688 1985 866 2026 nondum
899 1986 1089 2025 convenit
1133 1990 1266 2027 utrum
1303 1998 1392 2028 cum
1427 1986 1558 2042 κηλὲω

91 2056 352 2105 conjugatum
401 2053 454 2092 sit
493 2064 565 2105 an,
614 2051 723 2104 quod
766 2051 903 2103 paullo
948 2052 1032 2091 veri
1071 2051 1264 2105 similius,
1312 2063 1401 2094 cum
1440 2050 1558 2108 ἀκήν,

91 2114 191 2169 ἀκᾶ,
227 2114 399 2168 ἀκαλός,
442 2117 585 2158 nedum
616 2123 659 2157 ut
690 2117 956 2169 Κυνίσφηλος
989 2113 1255 2169 ἀπατητικός,
1302 2115 1509 2172 Τόρβηλος
1537 2118 1561 2162 ὁ

89 2184 356 2238 μεμψίμοιρος
394 2182 490 2224 Hes.
532 2187 571 2223 et
612 2183 691 2223 alia
730 2183 848 2234 hujus
889 2183 1100 2223 mortuarii
1146 2183 1339 2234 glossarii
1379 2185 1561 2236 expediri

92 2260 218 2302 posse
259 2259 485 2300 speremus.
553 2248 706 2289 Horum
744 2249 896 2300 positio
936 2249 1125 2288 feminina
1155 2259 1237 2288 non
1267 2252 1390 2288 extat.
1450 2250 1561 2291 Sub-

92 2314 361 2355 stantivorum
399 2325 495 2365 pars
534 2325 680 2365 magna
718 2318 852 2365 etymo
895 2318 1007 2354 caret
1036 2310 1211 2367 ἄρβηλος
1249 2314 1335 2354 sive
1369 2311 1560 2368 ἄρβηλον,

92 2377 280 2433 βάκηλος,
310 2378 540 2432 θάργηλος,
570 2376 762 2432 κάμηλος,
794 2376 1003 2432 τράχηλος,
1034 2376 1231 2432 φάσηλος,
1265 2379 1345 2419 alia
1374 2391 1399 2420 a
1427 2382 1562 2421 nomi-

92 2445 211 2486 nibus
242 2450 470 2498 propagata
498 2449 613 2497 sunt,
652 2441 771 2496 κέρας
799 2467 853 2473 —-
880 2442 1081 2497 κέραμβος
1109 2449 1149 2485 et
1177 2441 1446 2497 κεράμβηλος,
1485 2442 1562 2487 κό-

94 2512 248 2566 ρυμβος
275 2534 329 2541 —-
359 2508 637 2565 κορύμβηλος,
670 2507 851 2564 Στύμφη
883 2511 969 2551 sive
1007 2507 1158 2563 Τύμφη
1177 2508 1450 2564 Στύμφηλος,
1480 2523 1561 2564 quo

188 2659 242 2699 10)
268 2658 410 2703 Σηῖραξ
435 2658 588 2702 δένδρον
611 2655 769 2702 ὀρῧηλόν
793 2656 903 2690 Sirab.
930 2655 1001 2690 XII.
1036 2657 1112 2692 570.
1141 2656 1234 2699 quod
1261 2655 1389 2693 CoraeS
1407 2656 1561 2693 Lexico-

97 2713 236 2756 graphis
264 2715 489 2757 commendat,
516 2724 639 2750 vereor
664 2724 705 2748 ne
733 2722 792 2755 pro
818 2711 1048 2755 ὀρθόκαυλον
1071 2711 1294 2755 subrepserit.
