1731 3021
119 145 207 190 ¹518
417 139 726 186 ADDENDA
764 139 840 181 ET
881 137 1309 183 CORRIGENDA.

232 254 276 295 P.
310 254 399 295 177.
440 251 529 293 adn.
561 252 596 292 7.
631 246 1144 302 ΠολυθύσανοςἍρτεμις
1180 247 1368 291 nonnulli
1393 249 1602 302 interpre-

127 320 201 362 tati
231 322 327 361 sunt
356 320 630 372 impetuosam
659 330 696 359 v.
725 316 898 358 Meinek.
929 317 1061 358 Anall.
1091 316 1183 358 227.

237 385 280 427 P.
314 384 403 426 181.
433 385 458 425 l.
490 385 525 426 7.
555 385 597 425 in
625 383 847 425 Alexandri
886 394 1010 424 versu
1055 378 1304 435 Ταπροβάυη
1334 404 1390 411 -
1425 378 1605 435 θηρονό-

129 466 220 506 μων
259 447 468 504 πέπληθεν
507 448 712 501 ἐϋῤῥίνων
751 446 1006 502 ἐλεφάντων,
1047 449 1141 489 olim
1170 448 1371 500 proposui
1401 446 1607 501 δηροβίων

131 522 373 560 consuetum
412 518 717 570 elephantorum
758 516 991 568 epitheton,
1031 514 1257 556 MeinekIus
1296 525 1395 554 vero
1435 513 1460 554 l.
1491 524 1526 554 c.
1556 524 1608 555 ex

131 584 320 626 Eustath.
350 584 506 636 recepit
535 579 773 634 θηρονόμος
803 582 853 622 ad
883 582 1133 622 intellectum
1165 580 1324 621 facilius
1354 591 1391 621 v.
1420 579 1608 632 Prolegg.

134 662 173 703 p.
204 649 296 691 239.
327 649 417 690 adn.
453 649 513 691 10.
573 648 655 690 Sed
692 649 873 689 sortasse
911 647 1116 699 elephanti
1155 646 1342 687 dicuntur
1379 643 1612 699 θηρονόμοι

134 719 327 766 tanquam
368 715 574 768 principes
614 713 918 766 quadrupedum
961 717 1001 753 et
1032 712 1254 764 coryphaei
1297 712 1404 752 sicut
1433 711 1613 771 delphini

136 777 358 833 ἰχθυνόμοι
386 782 572 834 βασιλῆες
604 780 775 832 Oppian.
807 779 894 819 Hal.
923 778 949 819 I.
989 777 1080 819 643.
1113 782 1152 818 ct
1183 774 1471 830 ἰχθυμέδοντες
1498 778 1613 818 Mar-

138 846 228 888 cell.
264 845 347 887 Sid.
377 846 442 887 54.

248 911 291 951 Ρ.
324 910 414 952 183.
446 911 470 951 l.
506 911 565 952 10.
602 921 675 962 pro
707 908 799 962 μίλη
828 920 906 950 scr.
936 905 1033 961 μέλη
1065 913 1104 949 et
1134 920 1172 960 p.
1209 907 1297 950 184.
1327 908 1351 950 1.
1384 907 1445 950 16.
1481 907 1616 962 σχιδα-

143 973 301 1024 νόπους
330 988 404 1028 pro
437 976 562 1029 σχινδ.
595 982 633 1017 et
664 977 704 1016 in
735 975 872 1017 adnot.
902 975 966 1016 24.
995 971 1156 1028 μηχανή
1187 986 1261 1026 pro
1292 971 1463 1028 μηχάνη.

251 1043 293 1084 Ρ.
328 1043 415 1085 185.
446 1042 470 1082 l.
505 1043 540 1083 7.
572 1042 622 1082 ab
654 1042 724 1081 ult.
758 1052 836 1082 scr.
882 1037 1074 1094 Θηβάνας
1106 1052 1180 1092 pro
1210 1035 1322 1093 Ὀηβ.
1379 1041 1484 1082 Num
1519 1039 1618 1094 πρό-

140 1122 255 1156 ταυις
285 1113 397 1149 recte
429 1108 624 1160 scriptum
656 1108 708 1148 sit
740 1107 897 1147 dubitat
926 1107 1154 1148 Ahrensius
1185 1107 1234 1148 de
1264 1105 1367 1147 Dial.
1407 1106 1512 1147 aeol.
1550 1106 1618 1150 84.

253 1174 294 1215 P.
328 1174 416 1216 194.
446 1173 470 1214 l.
499 1174 536 1214 4.
566 1174 608 1215 in
638 1173 923 1214 Clioerobosci
952 1174 1053 1214 DIct.
1084 1173 1150 1226 55,
1183 1173 1245 1214 10.
1283 1170 1493 1227 παιδεινής
1528 1189 1620 1215 παι-

143 1240 313 1287 &amous
343 1242 540 1291 scriptum
573 1243 649 1280 est.
711 1240 893 1292 Γετηνοί,
927 1238 1036 1291 quod
1062 1239 1105 1278 in
1135 1238 1272 1280 adnot.
1289 1238 1326 1281 5.
1356 1240 1485 1294 attigi,
1514 1241 1620 1283 Mei-

141 1305 286 1346 nekius
318 1306 448 1347 Anall.
479 1305 569 1347 205.
602 1305 653 1346 ad
681 1305 879 1346 Rhianum
910 1305 1113 1345 transfert.

256 1371 297 1412 P.
332 1371 421 1413 196.
451 1371 476 1412 l.
510 1371 570 1412 18.
602 1382 677 1423 pro
708 1366 960 1422 κολοσσηνός
990 1381 1069 1410 sor.
1104 1371 1279 1410 Κολοσσ.

252 1436 295 1478 Ρ.
329 1436 417 1477 199.
448 1437 584 1478 adnot.
617 1436 680 1478 16.
713 1436 814 1476 adde
846 1435 1042 1486 Κιερανοί
1071 1436 1184 1476 Phot.
1214 1435 1316 1477 Bibl.
1489 1478 1493 1482 ,

252 1502 295 1543 Ρ.
325 1502 416 1544 202.
459 1503 481 1543 l.
523 1503 559 1543 4.
601 1503 650 1542 ab
693 1503 762 1542 ult.
802 1501 1059 1553 simplicibus
1098 1502 1175 1541 hoc
1217 1505 1280 1541 est
1312 1501 1621 1557 decompositis.

143 1566 204 1608 De
240 1573 409 1607 accentu
440 1570 645 1608 nominum
677 1579 781 1620 quac
811 1568 852 1607 in
888 1567 1022 1607 adnot.
1063 1566 1099 1609 5.
1142 1571 1479 1624 commemoravi,
1519 1573 1622 1615 adde

144 1633 316 1674 Meinek.
347 1633 370 1674 l.
403 1646 436 1674 c.
480 1635 567 1675 18⁸5.

255 1699 297 1740 P.
336 1698 427 1740 205.
470 1699 493 1740 l.
536 1698 596 1740 11.
639 1699 942 1751 Διονυσικλῆς,
982 1693 1280 1751 Διονυσιγὲνης
1322 1703 1362 1740 et
1392 1701 1539 1744 similia
1569 1704 1623 1758 (v.

145 1764 243 1805 Keil.
272 1764 404 1804 Anall.
442 1764 529 1806 109.
564 1769 603 1805 et
633 1764 724 1807 205.
755 1765 911 1817 adnot.)
944 1769 1192 1805 excusantur
1230 1765 1491 1809 similitudine
1528 1781 1626 1812 ver-

145 1830 296 1871 balium
337 1841 441 1882 quae
480 1841 569 1870 cuni
600 1831 736 1872 verbis
768 1831 1053 1883 praesentibus
1085 1832 1318 1882 composita
1347 1838 1442 1874 sunt
1476 1835 1626 1878 chara-

147 1902 299 1937 cterem
339 1897 460 1937 futuri
491 1898 622 1948 sigma
652 1898 811 1938 sortitis
843 1894 1068 1949 άεξίγυιος,
1114 1892 1340 1950 αὐξιφαής,
1380 1895 1624 1951 ἀλεξίκακος.

148 1962 237 2011 Quo
270 1974 374 2014 quae
406 1968 559 2016 carent,
588 1964 674 2003 iota
704 1963 919 2015 repudiant
949 1963 1171 2003 secuudum
1203 1964 1384 2015 regulam
1413 1966 1500 2008 EM.
1532 1968 1625 2022 579,

147 2029 214 2070 45.
246 2033 285 2069 et
320 2029 409 2081 151,
443 2028 507 2069 26.
550 2029 591 2068 in
622 2040 701 2080 qua
740 2039 860 2068 unum
906 2033 1119 2081 exceptum
1152 2034 1214 2069 est
1243 2028 1557 2082 τερπικέραυνος
1587 2039 1627 2075 et

150 2105 255 2146 quae
287 2105 375 2134 cum
406 2091 515 2145 ἄρχω
548 2094 741 2145 copulata
771 2100 875 2135 suut.
932 2094 1011 2135 Pro
1047 2093 1334 2136 Πειθιάνασσα
1363 2096 1495 2138 Nonii.
1528 2099 1626 2141 VIII.

152 2160 242 2201 193.
276 2159 535 2201 scribendum
568 2164 630 2200 cst
663 2156 942 2200 Πεισιάνασσα
972 2165 1015 2201 ut
1048 2158 1283 2214 Πεισιάναξ,
1322 2158 1423 2202 στοὰ
1465 2165 1628 2206 Πεισια-

148 2223 344 2273 νάκτειος.
406 2227 603 2272 Πειθῑνος
633 2225 806 2277 simplex
838 2237 888 2266 an
920 2228 1192 2277 compositum
1224 2238 1318 2267 esse
1350 2228 1445 2268 velit
1475 2229 1628 2272 Keilius

153 2291 339 2333 Onomat.
371 2303 408 2342 p.
439 2291 530 2334 201.
561 2302 644 2331 non
676 2296 858 2344 apparet.
909 2288 1174 2344 Ἁμαρτίνοος
1205 2298 1243 2333 et
1280 2292 1509 2348 λαθικηδής
1539 2307 1628 2338 cum

150 2357 426 2409 hypotacticis
460 2360 680 2408 conjiuicta
711 2362 817 2410 suut,
849 2369 937 2398 cum
969 2358 1198 2398 tliematicis
1236 2358 1436 2416 εἰλίπους,
1473 2359 1630 2412 ἑλίτρο-

150 2437 231 2476 χος,
264 2420 492 2475 ἐλελίχθων.
552 2424 595 2464 Iu
625 2423 733 2463 illam
765 2435 862 2463 vero
895 2424 1118 2464 verbalium
1157 2424 1458 2466 similitudinem
1496 2427 1630 2467 inter-

153 2489 244 2530 dum
285 2490 493 2529 incurrunt
530 2490 694 2529 nomina
737 2500 840 2540 quae
881 2489 1010 2540 sigma
1051 2490 1091 2529 in
1144 2491 1429 2532 terminatione
1477 2492 1630 2533 liabent

151 2555 455 2606 θαλασσίγονος
491 2555 624 2596 Nomi.
653 2554 754 2595 XIII.
785 2554 876 2595 458.
911 2554 1007 2606 (uisi
1045 2553 1359 2608 θαλασσόγονος
1389 2557 1557 2609 scrIpsit
1586 2562 1630 2599 ut

153 2618 489 2674 θαλασσωπόρος)
520 2620 725 2674 γεισίπους
755 2619 863 2671 quod
895 2632 983 2668 cum
1015 2622 1214 2663 similibus
1249 2623 1366 2663 attuli
1404 2621 1454 2662 ad
1481 2622 1629 2674 Phryn,

156 2686 246 2727 666.
289 2690 327 2724 et
368 2688 535 2739 propria
584 2682 824 2739 σουσιγενής
866 2687 1014 2727 Aescu.
1054 2687 1165 2729 Pers.
1204 2688 1296 2730 643.
1331 2683 1537 2742 Ἀσιγένης
1574 2689 1629 2740 (si
