1731 3021
123 137 216 181 330
583 131 1015 177 DISSERTATIO
1055 132 1136 174 VII.

120 249 247 289 barus
284 245 409 287 Arist.
446 245 574 285 Rann.
607 242 699 286 620.
738 243 978 294 urbiumque
1007 242 1282 282 Asiaticarum
1311 243 1477 283 nomina
1506 245 1597 283 Σο-

119 310 220 365 λόκη
252 311 385 353 Strab.
415 309 515 351 XVI.
545 310 635 351 744.
666 310 734 349 ubi
765 308 881 349 codd.
912 304 1097 360 Σοδόμη,
1135 304 1377 360 Ταλαβρόκη
1406 308 1469 349 XI.
1501 308 1594 350 508.

120 380 163 419 in
193 376 310 418 codd.
343 376 499 427 aliquot
529 386 601 427 per
631 372 663 414 ὦ
690 375 899 426 seriptum,
937 370 1075 425 Ταόκη
1104 385 1140 414 v.
1173 373 1399 413 Tzsohuck.
1433 373 1483 414 ad
1512 373 1595 415 XV.

122 444 214 486 728.
261 443 413 483 Horum
449 441 548 481 nihil
584 441 717 491 attigit
754 438 955 479 Arcadius
987 450 1024 490 p.
1053 438 1142 479 107.
1182 435 1232 478 τὰ
1261 438 1315 486 εἰς
1343 430 1396 492 ἦ
1425 434 1596 491 ὑπερδι-

121 506 304 560 σύλλαβα
332 507 388 561 τῷ
417 509 443 547 ἔ
473 503 496 559 ἢ
525 506 582 561 τῷ
613 511 636 545 ὅ
665 501 981 556 παραληγόμενα
1009 502 1162 544 σπάνιά
1190 505 1289 545 εἰσι·
1318 501 1365 543 τὸ
1389 500 1597 557 Ἀλωπεκή

123 571 328 625 ὀξύνεται·
375 568 421 612 τὸ
455 568 498 611 δὲ
527 568 758 623 βορβορόκη
786 567 1006 623 βαρύνεται
1035 569 1103 610 καὶ
1131 566 1177 610 τὸ
1207 565 1405 621 ψοθούκη
1434 565 1460 621 ἡ
1490 564 1598 608 ἄκα-

120 640 286 692 θαρσία.
352 639 527 678 Primum
570 641 634 677 est
671 636 775 676 demi
813 647 981 686 nomen,
1030 647 1104 687 pro
1143 634 1324 675 seeundo
1364 634 1525 674 vereor'
1555 639 1598 675 ut

121 705 229 748 aliud
260 703 354 756 quid
383 703 553 754 reperiri
583 703 719 753 possit
749 713 866 752 quam
900 702 1172 753 compositum
1199 696 1403 752 ὀοροὸόκη
1421 700 1486 740 vel
1504 700 1598 753 βορ-

120 767 336 825 βοροὸόκη.
395 768 480 807 Neo
518 768 625 807 tertii
661 767 865 817 scriptura
905 767 1064 816 integra
1105 771 1180 807 est.
1245 766 1451 806 Habemus
1491 766 1596 806 enim

119 839 385 890 praeceptum
415 832 500 872 EM.
532 831 624 884 276,
658 832 692 872 1.
723 828 773 870 τὰ
801 831 856 878 εἰς
895 822 947 883 κῌη
983 828 1044 871 ἑνὶ
1082 830 1287 885 φωνήεντι
1323 828 1599 884 παραλήγεται

119 897 226 954 πλὴν
254 900 330 939 τοῦ
358 895 489 950 ἐρείκη
518 894 587 936 καὶ
619 892 822 949 Εὐνείκη,
868 908 948 948 quo
982 897 1249 937 exeluduntur
1289 897 1528 950 diphthongi
1558 887 1599 938 δῖ

122 973 161 1009 et
192 957 264 1015 OT),
295 973 428 1014 neque
460 962 658 1003 refellitur
686 963 919 1003 nominibus
950 963 1062 1002 urbis
1083 963 1261 1013 Libycae
1286 961 1483 1016 Σαλούκη
1503 964 1597 1004 Pio-

118 1035 209 1075 lem.
240 1035 279 1071 et
308 1028 470 1069 Indicae
505 1025 704 1081 Ποδούκη
733 1030 892 1070 Arrian.
918 1029 1077 1080 Eryilir.
1099 1040 1136 1080 p.
1160 1029 1248 1070 173.
1281 1030 1487 1081 corruptis
1509 1030 1598 1069 for-

123 1105 249 1150 tasse,
295 1099 406 1136 cerie
437 1093 624 1133 barbaris
656 1099 696 1133 ut
727 1092 934 1146 ματζούκα
966 1096 1095 1144 olava,
1134 1095 1312 1133 παλοῦκι
1342 1095 1518 1147 paxillus
1558 1098 1598 1134 et

121 1165 212 1206 alia.
261 1161 348 1202 Nee
379 1165 513 1200 tamen
542 1156 711 1212 ψοθόκη
737 1165 805 1200 aut
838 1165 982 1201 testem
1013 1161 1135 1200 habet
1167 1165 1234 1200 aut
1267 1159 1428 1200 ostendi
1458 1163 1598 1211 potest

121 1227 326 1282 quomodo
361 1222 551 1285 aggi-&og
580 1224 619 1265 id
652 1230 715 1265 est
744 1222 866 1277 ψώρα
896 1222 1153 1278 ἀκαθαρσία,
1194 1226 1418 1266 derivatum
1448 1225 1513 1264 sii.
1542 1245 1598 1251 --

109 1297 255 1337 -Pauea
293 1294 333 1332 in
373 1306 485 1338 οικος
524 1292 738 1331 terminata
777 1291 947 1342 praebet
985 1291 1186 1331 Arcadius
1226 1303 1262 1342 p.
1293 1291 1356 1331 51.
1395 1286 1595 1339 σόλοικος,

119 1358 313 1414 μόνοικος
341 1354 387 1397 τὸ
407 1353 510 1396 κατὰ
528 1353 808 1409 συναλοιφήυ·
838 1354 885 1397 τὸ
906 1354 1114 1409 Εὐβοικός
1137 1352 1369 1396 {mueronem
1399 1352 1459 1405 ὄν,
1492 1354 1595 1395 adde

120 1422 318 1474 ὀξύνεται.
385 1422 559 1462 Primum
602 1426 765 1462 veteres
816 1423 1088 1474 compositum
1128 1425 1272 1473 putant
1308 1425 1351 1461 ut
1390 1418 1595 1473 ἄγροικος,

120 1487 352 1544 ἁμάξοικος,
390 1487 464 1528 sed
494 1499 626 1539 neque
657 1488 898 1538 significatio
932 1488 1119 1537 congruit
1149 1498 1281 1538 neque
1313 1487 1502 1527 Selorum
1529 1487 1597 1525 in-

120 1557 237 1597 colae
268 1551 464 1594 Σόλοικοι
493 1553 572 1592 diei
602 1557 800 1604 possunt,
831 1564 914 1592 non
941 1553 1068 1603 magis
1095 1563 1213 1603 quam
1244 1553 1443 1592 Susorum
1477 1548 1596 1591 Σού-

119 1632 263 1663 σοικοι.
314 1620 540 1661 Salmasius
580 1617 631 1657 ad
660 1618 824 1658 Tertull.
856 1630 893 1669 p.
924 1618 1015 1658 312.
1053 1628 1142 1657 cum
1180 1617 1306 1657 latino
1338 1618 1462 1657 soloe
1492 1628 1597 1657 eon-

119 1689 208 1741 fert,
240 1685 349 1738 quod
369 1685 403 1725 si
426 1683 520 1735 quid
541 1683 604 1723 sui
625 1683 742 1723 affine
764 1683 898 1735 habet,
928 1683 967 1723 id
998 1687 1061 1723 est
1092 1683 1230 1734 potius
1250 1682 1380 1735 solus,
1411 1682 1595 1733 solidus3

117 1764 211 1794 nam
241 1756 283 1791 ul
314 1751 407 1790 lana
438 1749 560 1790 solox
599 1748 744 1788 dieitur
783 1760 856 1800 pro
889 1760 1054 1800 crassa,
1103 1748 1164 1788 sic
1195 1749 1355 1788 vimina
1383 1747 1525 1787 solida
1556 1749 1596 1788 et

120 1829 272 1859 crassa
303 1814 511 1856 Columell.
538 1813 621 1853 XII.
652 1812 717 1862 56,
747 1813 783 1853 2.
812 1824 860 1853 ao
891 1814 1075 1854 similiter
1107 1825 1129 1853 a
1150 1814 1259 1853 ferus
1283 1814 1511 1864 profectum
1532 1816 1596 1852 est

120 1885 249 1935 ferox,
281 1893 304 1921 a
333 1881 454 1932 celer,
486 1878 610 1930 celeS‚
643 1879 773 1918 celox.
814 1879 901 1919 Nos
933 1884 972 1919 et
1001 1878 1098 1918 illud
1124 1880 1366 1919 intentatum
1396 1878 1596 1929 relinqui-

118 1960 207 1989 mus
242 1951 281 1987 et
311 1947 463 1998 pariter
494 1944 572 1983 alia
603 1955 706 1994 quae
736 1945 793 1983 illi
824 1945 873 1985 ab
906 1944 1049 1985 eodem
1078 1944 1204 1983 verbo
1236 1954 1385 1995 graeco
1419 1953 1594 1994 compo-

120 2015 200 2054 sita
239 2015 401 2064 putant:
469 2007 688 2056 Μόνοικος
732 2010 845 2049 urbis
884 2010 1056 2061 gallicae
1095 2020 1243 2049 nomen
1278 2021 1313 2050 V.
1351 2008 1502 2048 Pinedo
1543 2008 1594 2049 ad

121 2078 260 2130 Steph.
295 2072 512 2128 Ἀλβίοικοι
551 2076 684 2116 Sirab.
718 2076 779 2116 IV.
811 2075 902 2115 203.
937 2080 976 2115 et
1008 2071 1291 2123 Μοσύνοικοι,
1332 2075 1399 2125 qui
1430 2079 1468 2114 et
1498 2075 1592 2114 Mo-

121 2145 211 2195 syni
249 2146 450 2182 vocantur
488 2153 524 2181 v.
565 2142 655 2181 lnit.
696 2140 745 2180 ad
776 2140 907 2180 Valer.
938 2141 982 2179 V.
1018 2141 1105 2181 152.
1172 2140 1252 2180 Sed
1280 2136 1473 2186 ’Ἄποικος
1501 2140 1593 2179 Me—

118 2209 245 2250 lanthi
278 2217 507 2259 pronepos,
550 2206 617 2257 qui
646 2206 767 2245 Iones
801 2206 913 2245 Teon
945 2205 1108 2245 deduxit
1137 2205 1257 2245 Paus.
1290 2205 1370 2244 Vll.
1400 2204 1436 2257 3,
1463 2204 1498 2246 6.
1542 2217 1592 2245 ex

117 2287 216 2316 vero
249 2274 381 2313 dietus
411 2271 581 2311 videtur.
640 2271 887 2322 Diplitliongi
928 2271 1095 2310 alterius
1124 2282 1224 2310 usus
1255 2270 1389 2309 nullus
1421 2274 1484 2309 est
1513 2271 1592 2310 nisi

118 2342 159 2380 in
199 2338 387 2380 barbaris
426 2341 469 2376 ut
508 2334 809 2388 Σανατρούκης
842 2337 1058 2375 Armenius
1096 2336 1171 2375 Dio
1216 2336 1332 2376 Cass.
1372 2334 1523 2374 LXXV.
1554 2333 1590 2375 9.

118 2406 345 2446 Peiesucus
386 2401 614 2452 Aegyptius
651 2401 750 2442 Plin.
779 2401 950 2441 XXXVI.
983 2400 1044 2452 19,
1078 2401 1111 2441 1.
1146 2405 1221 2441 ete.
1252 2424 1305 2428 —
1351 2396 1411 2439 Τὰ
1438 2390 1592 2446 QZ}

118 2467 174 2523 μὴ
205 2468 347 2521 ἔχοντα
377 2461 462 2507 κατ’
495 2466 604 2506 ι’ὁίαν
627 2462 815 2518 θηλυκὸν
827 2466 864 2491 30
893 2462 970 2505 οὐκ
992 2462 1100 2506 οἶδεν
1119 2463 1162 2506 ἐν
1186 2467 1233 2520 τῇ
1253 2463 1332 2519 πρὸ
1352 2463 1492 2513 τέλους
1514 2464 1591 2518 τὴν

208 2568 266 2609 30)
300 2566 372 2600 Hoc
406 2574 473 2598 non
506 2563 547 2598 ad
579 2564 781 2606 scripturam
816 2564 1026 2607 penultimae
1058 2566 1209 2607 pertinet
1240 2564 1303 2599 sed
1337 2564 1378 2598 ad
1409 2567 1589 2598 accentum

119 2622 387 2664 adjectivorum,
415 2628 503 2663 quae
528 2621 607 2663 posi
632 2619 690 2652 illa
715 2623 900 2661 memorat,
925 2617 1065 2656 ἁλυκός,
1094 2618 1257 2660 θηλυκός,
1285 2617 1448 2662 λιβυκός,
1474 2630 1586 2659 κτητι-

120 2677 183 2718 κῆς
208 2674 288 2716 ὕλης
311 2674 552 2719 τυγχάνοντα.
587 2673 719 2710 Eadem
743 2673 832 2709 haec
849 2675 991 2718 apponit
1007 2674 1132 2709 Arcad.
1156 2685 1189 2718 p.
1211 2675 1265 2711 52.
1293 2678 1327 2710 et
1346 2673 1420 2708 EM.
1434 2674 1510 2715 551,
1533 2673 1584 2709 13.
