1699 3021
258 145 325 187 DE
359 146 647 190 NOMINIBUS
680 147 730 187 IN
759 149 787 187 ῦ
813 146 1157 189 EXEUNTIBUS.
1208 152 1248 191 (ἶ.
1270 153 1295 192 1.
1324 160 1360 200 §.
1382 154 1416 195 2.
1500 157 1576 199 181

103 267 186 296 ner.
215 255 332 297 Pros.
364 269 400 308 p.
430 257 493 298 73.
525 256 694 298 Franck.
727 256 777 296 ad
807 257 933 296 inser.
964 256 1091 297 Riclit.
1134 270 1170 308 p.
1209 258 1274 299 25.
1318 261 1354 301 id
1393 274 1417 302 a
1457 268 1574 305 vete-

101 332 187 361 rum
219 333 295 361 usu
326 322 564 374 longissime
595 323 799 363 abhorret.
860 322 1000 373 Itaque
1031 321 1170 362 dubito
1203 335 1253 363 an
1283 325 1350 365 ille
1368 326 1416 367 de
1437 330 1571 379 ypsilo

100 386 295 438 loquutus
328 388 392 436 sit,
425 387 534 439 quod
565 387 823 439 penultimam
855 387 1062 438 praecedit
1093 389 1130 428 in
1168 389 1328 430 duobus
1359 393 1572 434 vocabulis

99 449 253 499 κύανος
276 457 316 493 et
345 450 516 502 πύανος.
549 464 675 504 saepe
705 453 783 493 hoc
824 452 945 493 modo
986 453 1152 504 Scriptis
1195 465 1270 495 nec
1307 468 1399 496 raro
1437 460 1569 499 acutis

99 529 134 558 v,
169 517 315 557 Parall.
356 519 446 559 317.
515 518 707 558 Femiuini
746 519 909 569 generis
952 518 1163 568 trisyllaba
1204 526 1367 571 praeter
1408 522 1568 576 μηχανή

97 582 300 634 barytona
329 596 423 624 esse
456 584 505 623 ab
546 583 778 623 Herodiano
824 583 1017 624 discimus
1048 597 1088 624 π.
1118 586 1232 626 Μον.
1265 597 1301 637 p.
1331 591 1368 628 ὅ.
1427 589 1568 640 Neque

97 648 215 689 aliter
245 650 437 694 scribitur
474 645 734 701 Ταπροβάνη,
767 652 882 700 cujus
906 649 1165 700 penultimam
1185 651 1418 693 Alexander
1443 658 1566 705 pocta

96 714 285 765 producit
315 727 378 767 ap.
410 716 549 767 Steph.
580 728 611 756 5.
640 715 676 755 h.
709 727 744 756 v.
775 715 995 765 Dionysius
1027 719 1160 756 autem
1192 729 1226 757 v.
1257 718 1348 758 593.
1382 723 1422 759 et
1453 719 1565 761 ovid.

96 779 212 820 l‘ont.
246 781 272 821 I.
303 781 341 833 5,
371 782 435 822 80.
468 781 704 832 corripiunt.
734 805 787 809 -
816 781 1042 821 Masculiua
1061 783 1425 837 macroparalecta,
1456 796 1567 836 quo-

96 856 183 885 rum
227 845 294 885 ille
326 846 478 886 oblitus
509 850 595 899 est,
628 850 811 897 oxytona
839 851 934 887 sunt
960 842 1173 899 Ἀλβανός,
1198 843 1411 901 ’Τρκανόςς
1444 851 1568 890 Σιλα-

95 906 189 959 νός,
228 908 433 962 Σωρανός
471 924 505 952 ν.
547 911 764 963 (ὶῡθῑίίίης.
804 911 853 952 de
886 913 983 952 Aee.
1022 924 1058 963 p.
1101 912 1189 954 198.
1230 926 1355 965 quare
1395 911 1569 968 Ἀμανός

96 975 231 1016 Strab.
261 975 343 1017 XII.
374 977 466 1019 535.
498 982 537 1018 et
574 973 621 1017 τὸ
657 973 836 1029 Ἀμανόν
875 977 1185 1028 praescr-endum
1226 985 1565 1032 proparoxytono

93 1051 157 1093 ap.
189 1042 328 1093 Steph.
361 1055 392 1083 5.
424 1043 459 1084 h.
492 1047 531 1084 et
562 1055 593 1083 5.
626 1039 861 1095 Μελιτηνή,
894 1043 986 1082 item
1013 1038 1209 1094 Ἀδρανός
1240 1046 1326 1086 sive
1351 1042 1563 1098 Ἁὸρανός,

93 1109 210 1158 cujus
251 1109 473 1159 penultima
517 1108 641 1159 longa
682 1109 752 1149 Sil.
792 1107 877 1148 Ital.
916 1107 1015 1148 XIV.
1054 1108 1146 1150 250.
1185 1110 1400 1161 probatius
1443 1124 1562 1164 quam

78 1167 283 1224 ’Ἀδρανος
318 1175 357 1214 in
387 1175 491 1214 locis
522 1186 545 1214 a
573 1174 767 1214 Jacobsio
800 1173 962 1213 collatis
994 1173 1043 1213 ad
1073 1174 1229 1215 Aelian.
1264 1187 1301 1227 p.
1335 1176 1424 1219 198.
1474 1178 1563 1219 Ca-

89 1238 216 1278 lanus
246 1250 410 1291 quoque
440 1240 513 1279 viri
544 1250 692 1278 nomen
722 1238 855 1279 media
880 1238 1003 1289 longa
1034 1240 1094 1279 sie
1125 1244 1167 1280 ut
1195 1241 1444 1291 gentilicium
1475 1244 1562 1284 Κα-

85 1303 206 1343 λανοί
235 1303 417 1345 Clearch.
460 1306 499 1344 in
528 1304 678 1345 Euseb.
707 1305 769 1345 Pr.
798 1304 869 1344 Ev.
900 1304 963 1344 IX.
994 1303 1032 1357 5,
1061 1304 1153 1345 409.
1173 1305 1228 1346 D.
1271 1308 1560 1358 proferendum

85 1368 266 1420 videtur3
298 1382 527 1423 quanquam
558 1369 596 1410 id
628 1370 794 1422 saepius
825 1366 1017 1417 Κάλανος
1057 1372 1254 1422 seriptum
1293 1375 1496 1426 reperitur
1525 1388 1560 1418 v.

84 1435 257 1476 Ellendt.
289 1436 339 1477 ad
368 1438 526 1477 Arrian.
561 1436 638 1476 VII.
672 1436 734 1488 18,
767 1436 828 1477 10.
860 1440 902 1476 ut
934 1436 1074 1477 Calani
1097 1447 1321 1479 successor
1342 1437 1562 1493 Ζάρμανος

86 1500 246 1552 (omiss.
278 1502 319 1541 in
351 1503 438 1556 Th.)
472 1503 605 1544 Strab.
634 1501 717 1542 XV.
751 1501 842 1542 720.
877 1501 991 1553 (alibi
1032 1499 1268 1555 Ζάρμαρος)
1299 1516 1558 1558 semperque,

86 1567 122 1607 si
152 1568 255 1608 satis
286 1569 460 1622 memini,
491 1565 699 1620 Κάρανος,
731 1567 794 1607 eui
823 1568 1034 1609 Ausonius
1065 1568 1187 1621 alpha
1215 1569 1339 1611 breve
1369 1572 1560 1626 impertit,

87 1632 243 1686 eodem,
274 1634 410 1687 credo,
443 1644 582 1674 errore
613 1644 693 1684 quo
730 1630 873 1672 Θεανώ
903 1634 943 1673 in
961 1634 1081 1674 Anth.
1111 1639 1344 1686 correptum
1363 1641 1448 1688 est3
1478 1648 1558 1678 ne—

87 1709 165 1749 que
196 1699 300 1738 enim
331 1698 440 1738 aliud
469 1708 618 1738 nomen
648 1697 806 1737 videtur
836 1694 1030 1749 Κάρηνος
1060 1710 1123 1751 ap.
1142 1700 1405 1743 Herodotum.
1445 1700 1559 1754 Κάρ-

83 1764 212 1816 βανος
242 1769 462 1804 excusatur
493 1762 739 1803 anadromae
769 1763 930 1815 specie,
969 1775 1049 1814 qua
1086 1769 1198 1805 earet
1226 1762 1406 1816 κάρανος
1435 1763 1457 1808 ὁ
1486 1766 1558 1809 κύ-

84 1844 172 1880 ριος
212 1830 307 1871 Ηο5.
349 1831 411 1870 sic
464 1827 751 1882 proferendum
789 1832 832 1867 ut
871 1828 1037 1869 verbum
1083 1831 1306 1882 καρανοῦν.
1374 1831 1558 1882 Δικανός

86 1891 109 1936 ὁ
137 1894 228 1949 περὶ
256 1892 328 1943 τὰς
365 1896 480 1942 ὁίκας
508 1895 604 1935 Ηο5.
635 1897 745 1934 certe
773 1905 855 1934 non
881 1894 998 1935 aliter
1020 1906 1138 1946 quam
1159 1894 1377 1945 ὀικαυικός.
1434 1900 1557 1941 Alio-

85 1972 171 2002 rum
193 1961 391 2013 prosodia
411 1961 625 2001 incertior:
657 1956 812 2007 Αἰανός
834 1965 873 2000 et
892 1957 1069 2008 ’Ἀδανος
1096 1962 1234 2015 Steph.
1265 1963 1339 2004 sed
1368 1960 1557 2006 τὰἎόα-

84 2041 137 2067 να
175 2027 251 2067 Dio
294 2027 410 2067 Cass.
451 2026 600 2066 XLVII.
647 2025 710 2066 31.
743 2022 917 2073 Ἕτανος
948 2026 1097 2068 Herod.
1138 2028 1212 2069 sed
1257 2028 1398 2070 ultima
1435 2036 1557 2072 aeuta

87 2092 228 2144 Steph.
253 2089 471 2144 Κροτανός
500 2093 620 2132 I‘aus.
646 2091 708 2130 III.
736 2092 797 2144 14,
828 2092 864 2132 2.
897 2088 1078 2140 Λέτανος
1100 2093 1216 2134 Diod.
1246 2094 1329 2135 XII.
1361 2095 1426 2136 34.
1467 2096 1557 2149 Op-

85 2157 168 2210 pidi
193 2158 318 2198 Siculi
357 2169 507 2199 nomen
535 2154 703 2209 Ἵσχανα
747 2158 980 2210 Stephanus
1028 2170 1148 2210 quum
1187 2160 1236 2201 ab
1281 2159 1457 2217 flegmaqlv
1485 2173 1556 2203 re-

83 2224 207 2276 petit,
251 2222 371 2274 alpha
419 2224 543 2265 breve
592 2234 687 2264 esse
728 2224 949 2275 significat3
992 2224 1156 2276 longum
1198 2224 1320 2266 habet
1364 2225 1557 2268 Φαισάνα

81 2287 283 2329 Arcadiae
314 2288 412 2329 urbs
442 2289 554 2330 Pind.
588 2293 629 2330 et
647 2286 816 2342 ’'anvoc
854 2291 942 2331 sive
961 2286 1155 2343 ’Έραννα
1183 2291 1292 2343 quod
1325 2293 1555 2344 praefertur

84 2353 136 2394 ob
165 2353 435 2394 masculinum
461 2349 688 2406 “Epavvog,
727 2359 771 2396 ut
814 2353 1033 2404 Φάλαννος
1076 2353 1295 2406 Φάλαννα,
1335 2368 1418 2398 000
1460 2360 1554 2399 Φα-

82 2415 213 2459 λαννά
255 2431 291 2458 v.
335 2419 561 2462 Tzselluek.
601 2421 651 2462 ad
692 2421 826 2462 Strab.
859 2422 922 2462 IX.
965 2422 1057 2464 646.
1095 2422 1339 2464 Bachmann.
1379 2423 1429 2465 ad
1458 2425 1554 2477 Lye.

84 2483 176 2524 906.
213 2479 417 2537 Ἀφάνναι
454 2486 534 2526 loci
566 2498 712 2527 nomen
745 2487 885 2539 Steph.
918 2500 953 2528 v.
985 2487 1279 2529 Schneidewin.
1311 2488 1361 2530 ad
1400 2489 1553 2532 Zenob.

83 2560 121 2601 p.
155 2548 220 2590 80.
287 2550 589 2601 Appellativum
626 2550 830 2604 τύραννος
868 2564 1050 2605 semper,
1090 2553 1331 2606 κορίαννον,
1372 2557 1559 2609 Κοριαν-

88 2610 171 2664 νώ,
213 2615 458 2666 Βρετταννοί
496 2618 664 2670 saepius
704 2619 765 2660 sie
810 2630 928 2671 quam
968 2629 1049 2659 uno
1077 2616 1105 2658 ἶ)
1154 2619 1399 2663 scribuntur.
1455 2622 1557 2663 Illud

87 2680 274 2722 nonnulli
322 2691 411 2722 eum
448 2682 661 2736 κοίρανος,
709 2682 871 2738 κύριος,
913 2680 1092 2737 κάρανος
1130 2689 1170 2726 et
1208 2682 1360 2738 ἤρανος
1401 2698 1560 2740 cogna-
