1699 3021
264 168 332 210 DE
364 168 545 211 NOMIN.
575 168 629 210 IN
660 157 711 208 οἶλ
739 166 1085 209 EXEUNTIBUS.
1135 167 1223 209 (3.1.
1263 173 1300 217 §.
1323 169 1360 211 4.
1488 171 1550 214 97

67 278 243 321 stathius
283 289 307 318 a
336 275 500 330 μασθός
527 278 687 330 repetit.
743 276 1117 329 Brachyparalecta
1137 276 1338 318 Arcadius
1369 279 1459 321 acui
1481 278 1548 321 di-

68 348 124 390 cit
153 346 188 387 si
220 345 381 396 syllaba
414 346 542 396 prima
580 345 620 384 in
658 348 688 384 ²7
719 346 838 385 exeat
880 346 1079 394 sequente
1118 353 1306 383 consona
1341 346 1547 393 πανθαλίς

66 408 92 465 ἡ
121 408 366 463 θεράπαινα,
397 407 567 462 ἐγκαλίς,
597 410 802 457 πενταλίς,
834 419 938 460 quae
969 407 1029 447 sic
1067 408 1192 447 scribi
1234 413 1400 460 oportet
1433 412 1546 451 Παν-

68 477 191 524 θαλίς
221 471 247 529 ἡ
275 472 511 527 θεράπαινα
533 472 696 528 Ἑλένης
722 479 765 516 ut
785 473 1012 514 Pausanias
1045 472 1166 512 tradit
1194 473 1240 514 X.
1272 474 1336 527 25,
1366 475 1402 516 2.
1423 472 1546 528 ἄγκα-

69 542 142 591 λίς,
173 541 367 589 δενδαλίς.
425 542 578 592 Hisque
618 539 845 592 adjicienda
882 538 1069 579 videntur
1098 539 1294 586 καυσαλίς
1323 536 1345 579 ὁ
1373 539 1548 594 πυρετός

69 612 109 648 et
138 606 332 659 καυχαλίς
364 602 386 659 ἡ
417 602 648 658 φλύκταινα
677 607 772 647 Hes.
802 606 882 646 hoc
913 608 976 644 est
1002 604 1167 655 pustula
1196 616 1300 656 quae
1327 605 1547 658 glorianti-

67 673 145 714 bus
179 676 219 713 et
252 671 540 712 mentientibus
572 673 779 712 enascitur
809 671 927 711 aliter
954 666 1117 721 ψύδραξ
1147 669 1255 710 dicta
1287 682 1310 711 a
1340 670 1480 719 ψεύδω
1509 687 1545 716 v.

67 739 246 790 Interpp.
277 737 328 777 ad
359 738 529 778 Theocr.
560 737 623 778 IX.
654 737 691 778 3.
723 748 894 789 quorum
924 739 1058 786 etyma
1093 736 1134 776 in
1177 738 1420 790 propatulo,
1459 744 1547 781 ter-

70 804 249 855 tiumque
289 803 376 843 avis
413 813 563 842 nomen
600 804 831 853 κερκιθαλίς
867 797 1036 853 ἐρωδιός
1075 805 1117 841 ut
1155 802 1196 841 in
1227 802 1315 843 cod.
1348 804 1546 855 scriptum

69 873 133 909 est
161 879 235 921 pro
266 868 541 918 κερκιθαλλίς,
582 868 692 919 quod
731 869 860 920 magis
900 878 988 908 cum
1027 866 1264 919 αἰγίθαλλος
1294 868 1548 910 convenit.³2

71 935 170 974 Tum
203 933 338 972 omnia
367 944 471 984 quae
502 924 634 983 pero
658 934 925 986 declinantur,
955 933 1164 985 ὁορκαλίς,
1195 935 1390 981 καυκαλίς
1419 934 1547 975 herba

67 998 198 1040 dauco
230 997 387 1049 Similis,
416 996 660 1049 μαιναλίς,33
687 998 882 1050 μυρταλίς
911 1000 1043 1038 frutex
1074 999 1135 1049 (ut
1155 996 1376 1052 Μυρτάλη)
1396 995 1543 1050 ὀξαλίς,

66 1063 276 1117 τροφαλίς,
310 1066 349 1102 et
381 1063 562 1103 sortasse
591 1063 767 1115 βωκαλίς
796 1063 884 1102 avis
914 1073 1061 1103 nomen
1092 1069 1131 1103 ct
1163 1063 1293 1115 ῐμαλίς
1323 1065 1410 1105 sive
1430 1074 1544 1118 σιμα-

67 1130 127 1178 λίς
147 1128 308 1170 Cereris
332 1138 573 1180 cognomen,
594 1139 765 1179 quorum
792 1139 983 1168 mensura
1003 1140 1144 1180 parum
1166 1133 1341 1170 constat.
1371 1130 1546 1171 Postre-

67 1207 133 1237 mo
164 1196 368 1245 barytona
397 1204 501 1246 quae
533 1194 813 1233 accusativum
844 1194 884 1233 in
911 1182 955 1233 ff)
984 1194 1145 1233 mittunt
1181 1191 1400 1246 βαύκαλις,
1445 1193 1544 1248 βού-

68 1262 205 1315 βαλις,
236 1256 428 1311 δάμαλις,
459 1256 676 1311 πάρδαλις,
715 1256 887 1306 κώταλις
926 1259 1102 1300 tudicula
1132 1271 1167 1301 v.
1197 1260 1308 1301 Bast.
1348 1260 1398 1301 ad
1430 1261 1546 1314 Greg.

68 1326 161 1370 898.
193 1327 372 1366 sortasse
403 1328 445 1364 ut
474 1324 655 1364 κωτίλλω
686 1336 709 1365 a
737 1321 876 1365 κόπτω
914 1322 1046 1365 κόττω
1084 1326 1214 1366 simile
1254 1327 1421 1378 proprio
1453 1325 1546 1367 Κώ-

68 1394 189 1439 ταλος
219 1391 396 1432 tibicinis
428 1391 580 1430 nomini
610 1391 677 1442 qui
706 1391 747 1430 in
775 1391 896 1431 Antli.
926 1393 1031 1443 App.
1061 1402 1098 1432 n.
1130 1391 1194 1432 34.
1226 1391 1428 1431 inducitur
1466 1405 1545 1434 una

70 1470 159 1499 cum
189 1456 365 1508 Battalo,
398 1456 585 1507 Scirpalo
618 1460 657 1496 et
687 1456 877 1497 Pancalo.
943 1455 1025 1496 Sed
1055 1456 1176 1507 alpha
1206 1461 1352 1497 natura
1380 1457 1545 1510 longum

71 1523 194 1564 habet
224 1521 425 1574 σεμίδαλις
455 1521 599 1573 simila,
631 1521 740 1573 quod
771 1522 1018 1573 interpretes
1050 1520 1100 1561 ad
1128 1521 1274 1562 Allien.
1306 1522 1350 1563 ΙΙ.
1384 1523 1472 1565 109.
1497 1526 1544 1566 A.

71 1600 160 1630 cum
205 1587 337 1640 ἷμαλίς
375 1591 413 1627 et
455 1583 593 1638 ἱμαλιά
633 1591 905 1638 componunt;
950 1587 1158 1638 positione
1195 1598 1293 1627 vero
1334 1585 1547 1640 δρόσαλλις

69 1655 208 1695 vitium
239 1653 401 1705 species
433 1651 560 1691 semel
589 1652 808 1692 nominata.

183 1723 221 1766 ς.
253 1719 290 1759 4.
349 1718 436 1757 Huc
466 1717 722 1767 exspatiatus
744 1728 976 1767 congruens
1000 1716 1237 1757 crediderim
1258 1721 1419 1759 ceteras
1439 1731 1546 1772 quo-

63 1795 149 1836 ·que
180 1783 487 1823 terminationes
520 1782 740 1831 attingere:
772 1777 927 1833 ὑβάλης
956 1793 1036 1832 quo
1069 1793 1194 1833 supra
1223 1794 1310 1821 sum
1333 1794 1446 1837 usus,
1475 1799 1546 1826 κυ-

69 1846 196 1901 βάλης
226 1847 419 1887 cinaedus
451 1847 474 1887 i.
497 1858 533 1898 q.
546 1843 737 1899 κύβηβος,
768 1843 932 1898 κιξάλης
951 1847 1039 1887 sive
1068 1844 1255 1899 κιξάλλης
1273 1852 1546 1904 grassator‚3⁴

71 1917 111 1954 ct
150 1912 352 1963 adjectiva
390 1907 564 1964 ὁμαλής,
605 1908 815 1964 mauja&
844 1916 997 1952 mutata
1028 1913 1311 1953 terminatione
1341 1912 1545 1966 αἰμάλωψ,

69 1976 290 2031 θυμάλωψ,
321 1974 558 2026 νυκτάλωψ,
589 1989 692 2029 quae
723 1977 925 2029 simplicia
954 1989 1049 2018 esse
1080 1978 1302 2029 significavi
1334 1979 1384 2020 ad
1413 1982 1475 2033 Aj.
1505 1995 1543 2035 p.

71 2044 163 2087 408.
204 2047 285 2084 tum
324 2039 555 2093 ὁαιταλεύς,
601 2042 860 2094 Φοιταλιεύς,
901 2042 1142 2084 Βουταλίων
1181 2054 1205 2083 a
1233 2040 1385 2097 βούτης
1413 2046 1453 2087 id
1483 2053 1547 2088 est

160 2210 220 2252 32]
256 2209 413 2251 Scaliger
445 2208 487 2242 ad
519 2208 612 2243 Varr.
649 2209 702 2243 IV.
740 2219 772 2252 p.
807 2209 861 2245 56.
893 2208 1026 2252 Biponi.
1055 2218 1131 2241 cuin
1155 2209 1377 2251 querquedula
1404 2211 1547 2254 confert,

75 2265 137 2300 sed
164 2274 206 2300 ea
231 2268 283 2299 est
310 2264 445 2298 diversa
471 2265 544 2298 avis
570 2267 604 2299 et
630 2266 821 2299 terminatio
848 2265 986 2307 propria
1011 2263 1239 2297 Romanorum
1265 2267 1444 2309 acredula,
1469 2267 1549 2308 fice-

72 2320 165 2361 duta,
193 2319 379 2359 monedula,
404 2319 561 2351 nitedula.

161 2376 220 2418 33)
258 2374 481 2410 Μαιναλίδες
519 2373 659 2409 Nonnus
700 2378 801 2409 vocat
837 2374 992 2408 Bacchas
1033 2372 1117 2407 XIV.
1160 2373 1236 2409 346.
1283 2372 1424 2409 XXXIV.
1472 2377 1546 2412 164.

73 2430 196 2465 XXXV.
222 2431 299 2465 232.
327 2429 467 2463 XXXVI.
497 2430 570 2465 145.
597 2440 658 2473 pro
684 2429 879 2466 Μαινάδας
904 2434 938 2463 ut
956 2428 1108 2469 videtur,
1135 2438 1328 2472 quanquam
1356 2429 1548 2465 Maenalius

75 2485 178 2521 Liber
202 2490 299 2529 pater
325 2484 506 2519 Coluniell.
535 2483 577 2518 de
605 2485 685 2519 cult.
713 2485 798 2519 liort.
827 2486 903 2521 429.
932 2484 987 2518 ubi
1014 2483 1194 2518 Maeonius
1213 2494 1329 2527 parum
1355 2487 1546 2521 conveniat.

76 2540 290 2576 Maenalides
315 2539 469 2583 Dryades
494 2549 524 2571 v.
553 2539 628 2575 264.

167 2596 226 2638 34)
262 2595 414 2638 Κίβαλος
439 2593 633 2636 Hesychius
657 2595 899 2637 interpretatur
923 2592 1110 2636 διάκονος,
1143 2592 1269 2626 suidas
1293 2592 1437 2635 λῃστής,
1466 2605 1550 2639 quas

77 2650 347 2694 significationes
377 2649 616 2692 complectitur
642 2650 782 2682 latinum
812 2650 896 2683 latro
921 2648 1051 2691 λάτρις.

167 2706 227 2748 35)
260 2703 419 2744 Amaia&
435 2703 670 2740 Schneiderus
692 2704 783 2738 linxit
801 2714 843 2738 ex
865 2704 1049 2735 αἰθαλίων
1069 2701 1241 2745 Βλεμύων
1259 2703 1397 2747 Dionys.
1420 2714 1449 2737 v.
1474 2706 1549 2742 220,

128 2771 268 2802 Lubet-k.
291 2771 476 2809 Putlsolog.
1253 2760 1278 2799 ’ἶ
