1699 3021
325 141 393 183 DE
424 141 715 185 NOMINIBUS
745 140 800 182 IN
828 142 852 195 ξι
879 139 1226 185 EXEUNTIBUS.
1258 148 1295 193 ἕ.
1315 145 1352 188 5.
1500 151 1591 195 273

108 249 186 305 ἔχω
226 247 369 304 ἐχυρός
404 249 474 292 καὶ
511 246 661 304 ὀχυρός
703 263 741 303 p.
780 250 874 304 405,
916 249 977 292 15.
1016 247 1152 302 φλέγω
1191 252 1411 308 φλεγυρός,
1455 255 1590 310 βλέπω

108 314 335 368 Βλέπυρος,
379 320 419 356 et
455 316 654 357 adsumtis
694 317 892 357 consonis
931 316 1198 358 auxiliaribus
1245 321 1348 360 καίω
1387 322 1586 377 καπυρός,

108 393 189 434 quo
220 382 450 433 Hesychius
481 383 772 435 interpretatur
800 378 1015 432 καυαλέον,
1047 394 1071 423 a
1099 380 1204 435 βδέω
1236 383 1418 440 (βδόλος)
1448 390 1589 441 βδελυ-

107 444 201 500 ρός,
241 447 348 488 unde
389 447 614 488 derivatum
650 443 964 500 βδελυρεύεσθαι
994 448 1099 489 idem
1133 451 1242 502 quod
1271 451 1384 504 βδεῖν
1415 455 1521 496 valet
1550 469 1587 499 v.

106 512 280 554 Meinek.
314 514 424 554 Com.
456 514 611 566 Fragm.
643 513 670 554 Ι.
702 513 794 554 443.
825 525 848 553 a
877 510 972 562 ψάω
1002 538 1056 542 -
1084 514 1260 568 ψαθυρά
1289 513 1357 558 διὰ
1384 520 1461 559 τοῦ
1490 512 1515 561 δ
1548 521 1589 562 οἱ

102 575 297 633 Ἀττικοί,
338 575 405 619 διὰ
434 575 476 619 ὁὲ
505 580 581 619 τοῦ
615 571 657 619 5
682 575 857 625 ἅπαντες
886 577 925 619 οἱ
954 576 1068 619 ἄλλοι
1100 580 1238 622 Galen.
1272 583 1423 626 Comm.
1452 586 1515 627 ΙΙΙ.
1545 587 1588 629 iu

106 645 135 686 I.
175 644 338 686 Prorrh.
381 655 414 685 O.
448 643 537 686 118.
569 656 605 696 p.
637 644 727 685 740.
762 644 803 684 Τ.
835 644 935 686 XVI.
977 644 1159 699 ψιθυρός
1192 644 1274 689 ἀπὸ
1312 651 1388 691 τοῦ
1428 651 1510 700 ψίω
1539 649 1586 694 τὸ

104 707 289 751 λεπτύνω
320 705 432 763 παρὰ
459 706 506 749 τὸ
535 709 664 757 ψίθος
701 707 724 750 ὃ
756 710 940 762 σημαίνει
977 708 1054 765 τὴν
1087 714 1300 767 λοιδορίαν
1327 740 1382 745 —
1409 715 1514 766 τινὲς
1542 716 1587 760 δὲ

107 772 497 828 ὀνοματοποιεῖσθαί
525 785 654 827 φασιν
683 771 738 824 ὡς
766 772 812 816 τὸ
843 777 977 825 σίζε-
1020 779 1172 832 κυρίως
1210 778 1253 821 δὲ
1284 778 1349 822 ἐπὶ
1376 784 1461 824 τῶν
1488 790 1587 834 ψευ-

105 838 293 895 δομένων
320 837 473 893 λέγεται
511 842 605 882 Sch.
638 842 807 883 Theocr.
838 842 864 883 I.
898 842 932 883 1.
975 854 1146 894 quorum
1177 846 1272 898 qnid
1314 860 1411 890 vero
1444 852 1587 902 proxi-

105 919 224 958 mum,
256 908 335 948 hoc
356 906 558 947 difficilius
581 906 690 947 dictu
717 907 825 959 quod
847 908 925 947 alia
949 914 1060 950 extat
1082 912 1212 952 forma
1230 913 1355 954 latino
1379 915 1583 967 adjectivo

104 984 313 1015 susurrus
344 972 516 1013 similior
547 970 755 1024 σαυοαρός
775 970 957 1025 utam&
986 975 1082 1016 Hes.
1123 977 1235 1018 Haec
1259 980 1586 1024 terminationem

107 1039 338 1080 afficticiam
370 1038 521 1077 habent
551 1042 594 1078 ut
623 1035 933 1091 κλαυθμύριζω,
967 1040 1046 1080 alia
1067 1053 1090 1081 a
1108 1043 1233 1083 verbo
1257 1049 1468 1097 acceptam
1486 1061 1586 1101 πορ-

106 1101 231 1157 φύρω
261 1100 478 1157 πόρφυρος
508 1104 637 1145 Clam.
668 1104 713 1145 ΙΙ.
747 1104 809 1146 7⁴).
847 1101 1069 1158 πόρφυρον
1107 1103 1240 1154 ἄνθος
1278 1109 1430 1162 Sapph.
1459 1115 1586 1166 πλημ-

104 1166 223 1223 μύρω
252 1167 496 1222 πλημμυρόν
522 1167 670 1221 μεστόν
698 1167 1015 1224 πεπληρωμένον
1051 1172 1147 1214 Hes.
1162 1174 1202 1199 44
1238 1174 1460 1230 πλημμύροι
1488 1191 1586 1232 pen-

104 1236 245 1276 ultima
278 1235 391 1276 brevi
430 1239 472 1274 ut
500 1235 728 1287 πλημμυρίς
759 1240 797 1276 et
824 1237 1080 1289 κλαυθμυρίς
1117 1239 1204 1280 sive
1243 1242 1507 1310 κλαυθμυρίοι
1543 1247 1586 1288 in

105 1299 222 1342 codd.
255 1300 428 1352 Oppian.
460 1300 557 1351 Cyn.
589 1300 615 1341 Ι.
646 1300 737 1342 248.
769 1306 811 1342 ut
835 1303 1071 1356 πληιιμυρία
1100 1305 1211 1346 A.ret
1234 1306 1324 1349 Cur.
1344 1310 1461 1351 Acut.
1483 1311 1528 1352 ΙΙ.
1542 1311 1580 1353 8.

103 1377 129 1407 a
158 1366 358 1408 similibus
388 1361 566 1418 κινυοός,
595 1362 777 1417 μινυρός,
807 1364 1014 1420 μάρτυρος
1043 1374 1094 1422 et,
1127 1374 1168 1410 ut
1198 1383 1289 1412 mea
1319 1378 1382 1414 est
1411 1382 1584 1417 senten-

104 1433 172 1486 tia,
203 1433 253 1473 ab
285 1428 433 1483 ἀθύρω
464 1428 625 1483 ἄθυρος
663 1429 1227 1487 Νῑο.Α1.13“).ἀθύροισιυ
1263 1434 1346 1479 ὑπὸ
1385 1438 1584 1495 ῥήτρησιν

99 1494 273 1552 Ἰάμβης,
305 1497 415 1551 quod
446 1497 582 1538 Schol.
614 1502 726 1537 recte
749 1495 1016 1550 παιγνιωδεσι
1035 1501 1329 1554 interpretatus
1352 1511 1427 1560 est,
1459 1509 1554 1560 vgul
1558 1520 1581 1549 o

104 1569 237 1605 autem
268 1576 341 1617 pro
373 1559 608 1614 ἀθυρώτοις
638 1563 848 1615 accipitur
886 1564 989 1605 Num
1019 1579 1117 1608 vero
1150 1570 1270 1610 etiam
1299 1582 1323 1611 a
1353 1571 1581 1625 bisyllib1s

105 1629 268 1683 dubito,
308 1630 403 1669 licet
444 1630 643 1668 assument
682 1629 768 1669 EM.
806 1633 845 1670 et
884 1630 979 1671 Hes.
1017 1629 1229 1686 μόρμυρος
1268 1632 1400 1688 ὄνοαα
1437 1638 1583 1691 ἰχθύος

35 1692 40 1698 ’
104 1690 186 1735 ἀπὸ
213 1695 289 1735 τοῦ
318 1690 530 1747 μορμύρω,
563 1690 713 1744 ἄμυροι
741 1691 860 1734 τόποι
889 1696 1097 1748 καθυγροὶ
1126 1694 1208 1739 ἀπὸ
1231 1702 1307 1740 τοῦ
1328 1699 1485 1754 μύρειν,
1517 1707 1582 1746 cui

103 1758 442 1812 5ἰιηί16Ἅιιυρος
482 1760 588 1799 ssuvii
628 1759 822 1810 urbisque
863 1771 1023 1802 nomen
1078 1764 1308 1816 Paronyma
1338 1768 1372 1807 si
1403 1771 1581 1825 quaeris,

104 1828 274 1879 primum
307 1830 527 1866 occurrunt
558 1824 760 1875 adjectiva
791 1837 813 1865 a
844 1826 1114 1869 substantivis
1146 1830 1348 1872 derivata:
1387 1831 1492 1888 ἅλαη
1515 1832 1582 1877 ἁλ

101 1889 273 1944 maffia*
257 1893 296 1916 ⁴⁵
326 1888 440 1944 ἰσχύς
470 1888 649 1943 ἰσχυρός,
681 1888 792 1940 οἰζύς
830 1890 1003 1944 οἰζυρός,
1047 1900 1085 1935 et
1125 1896 1175 1936 ab
1215 1897 1430 1950 adjectivis
1467 1900 1583 1956 λιγύς

191 2024 251 2067 44)
277 2023 406 2058 Mutato
434 2028 579 2060 accentu
603 2025 821 2067 participium
849 2024 984 2068 evadit,
1020 2036 1087 2061 non
1121 2032 1250 2063 mutato
1286 2030 1493 2073 adjectivum
1528 2039 1583 2070 est

102 2080 202 2114 trium
228 2089 394 2122 generum
415 2079 540 2123 media,
567 2083 603 2114 ut
628 2081 769 2123 opinor¹
796 2080 891 2114 brevi
921 2084 1076 2124 quamvis
1101 2087 1280 2126 negaverit
1304 2086 1522 2124 Herodianus
1547 2101 1579 2125 v.

101 2135 190 2170 Adn.
217 2144 291 2179 seq.
320 2135 541 2171 Homericum
565 2135 741 2180 πλημυρίς
769 2136 969 2171 Nitzschius
995 2138 1037 2172 ad
1065 2137 1187 2183 Odyss.
1221 2140 1275 2175 IX.
1301 2142 1378 2177 480.
1414 2153 1475 2187 pro
1511 2145 1580 2180 ad—

100 2190 219 2227 verbio
247 2190 367 2226 haberi
393 2201 498 2236 posse
527 2191 689 2226 ostendit.

188 2246 249 2290 45)
286 2247 374 2287 Quia
412 2248 445 2280 in
481 2248 572 2281 omni
607 2246 674 2281 hoc
709 2256 850 2282 numero
887 2247 1138 2291 adjectivorum
1164 2260 1417 2294 paragogorum
1443 2255 1580 2299 longam

102 2302 407 2345 antepenultimam
443 2304 601 2346 sequitur
624 2303 756 2336 vocalis
783 2303 905 2346 longa,
934 2304 1154 2339 Herodianus
1181 2306 1291 2340 (lium.
1321 2308 1380 2342 ΙΙΙ.
1409 2310 1485 2346 294.
1512 2312 1580 2347 At-

101 2358 189 2391 ticos
216 2357 299 2391 dicit
329 2358 510 2401 analogiae
547 2360 810 2393 convenientius
850 2359 965 2394 facere
1000 2358 1159 2404 (elga-prk
1192 2367 1460 2405 pronunciantes
1493 2379 1580 2412 pro-

103 2412 205 2446 ducta
234 2413 349 2448 media
371 2418 406 2448 ut
427 2412 636 2459 *Αλλιιυρίδες
659 2414 835 2457 Aristopli.
868 2414 1001 2457 Fragm.
1029 2427 1061 2459 p.
1091 2418 1167 2453 997.
1203 2418 1355 2455 Meinelt.
1389 2422 1486 2457 locus
1511 2424 1580 2457 At-

101 2468 204 2509 ticae,
232 2477 334 2511 quem
360 2470 486 2511 gallico
512 2473 650 2506 nomine
678 2471 844 2503 Snumure
870 2463 1017 2506 reddere
1044 2482 1226 2515 possumus
1252 2480 1392 2511 auctore
1411 2477 1462 2511 Du
1482 2478 1579 2513 Can-

101 2523 158 2566 gio
185 2531 213 2556 s.
239 2523 463 2568 Σιελαμυῦριι
491 2525 542 2569 [id
572 2531 624 2562 est
650 2527 787 2569 muria).
817 2525 979 2562 Ceterum
1006 2533 1127 2572 poetas
1155 2530 1326 2565 inferioris
1355 2535 1478 2568 aetatis
1510 2544 1579 2569 no-

101 2582 173 2612 tum
206 2582 259 2613 est.
291 2579 393 2613 modo
428 2583 604 2625 corripere
642 2587 664 2616 ὗ
695 2584 835 2626 longum
869 2583 1045 2629 πάπυρος,
1077 2587 1235 2629 γέφυρα,
1275 2586 1444 2631 Corcyra,
1477 2590 1579 2623 modo

103 2635 282 2678 porrigere
317 2634 422 2670 breve
454 2635 590 2681 ἱκυρός.
624 2639 791 2683 (Ilesych.
827 2639 1095 2685 Κορκυρεύηαι
1127 2641 1317 2674 ἄῑιονεῖται
1353 2643 1456 2678 scrib.
1492 2644 1578 2677 ιῖηο·

102 2692 251 2720 νοεῖται·
278 2692 359 2723 nota
384 2692 478 2724 enim
506 2690 778 2736 Corcyraeorum
803 2694 959 2729 ἀπόνοια
985 2696 1091 2731 Tliuc.
1120 2697 1182 2732 Ill.
1204 2698 1260 2734 81.
1287 2697 1341 2732 IV.
1371 2699 1446 2741 48.)

148 2754 290 2787 Lubet-k.
316 2757 496 2798 I’alholng,
1252 2752 1302 2793 18

286 2927 316 2937 x
