1699 3021
248 157 316 197 DE
348 155 636 198 NOMINIBUS
668 155 721 195 1N
752 159 775 194 ὗ
800 153 1148 195 EXEUNTIBUS.
1192 157 1233 196 C.
1257 157 1317 197 Vl.
1343 161 1380 204 §.
1409 157 1442 198 1.
1503 157 1586 198 231

113 266 160 307 τὸ
190 263 448 317 ιεύφρύσυνοξ,Ι
477 263 544 304 καὶ
573 261 813 317 κῃὸύσυνυς.
861 263 1033 303 Primum
1076 263 1219 302 horum
1255 263 1322 302 alii
1360 277 1410 304 ex
1447 262 1590 305 πιστό-

114 344 239 378 συινος
268 332 479 371 concisum
511 331 650 371 volunt
678 330 763 370 EM.
796 328 889 381 673,
919 328 982 368 30.
1013 326 1150 368 Orion.
1174 327 1263 380 131,
1294 328 1330 369 9.
1361 331 1478 380 cujus
1509 341 1589 371 no-

113 398 230 439 minis
263 397 379 437 testis
410 396 544 436 nullus
576 406 707 446 neque
739 404 924 444 syncope
955 392 1182 443 probabilis
1210 398 1285 445 est,
1317 405 1441 444 quare
1465 405 1588 445 prae—

113 467 194 503 stat
225 475 247 502 a
276 464 400 502 πείσω
430 467 617 514 repetere
655 460 839 512 quamvis
880 471 903 498 a
943 458 1053 498 nullo
1093 457 1173 497 alio
1215 458 1340 498 vei-ho
1383 459 1586 510 bisyllabo

113 540 258 568 nomeu
289 528 519 579 hujusmodi
551 529 720 567 emanet.
770 524 912 575 Neque
953 522 1281 573 trissyllaborum
1324 528 1437 563 certa
1474 524 1586 566 fides,

112 594 257 642 Quidni
286 595 390 634 euim
420 589 652 645 ἁρμόσυνος
671 591 720 630 ab
743 586 887 642 ἅρμων
913 589 1064 640 potius,
1094 587 1199 627 uude
1229 584 1405 640 ἁρμονία
1436 585 1586 641 et‘Ap-

110 659 299 712 μονίὸῃς,
349 664 583 710 repetamus
621 657 682 697 sic
721 660 764 696 ut
801 651 1081 707 χαρμόσυνος,
1129 654 1192 694 vel
1239 666 1329 694 mea
1369 666 1496 694 causa
1533 656 1584 695 ab

110 722 218 777 ἕέρμῃ
248 726 335 765 sive
364 719 521 775 ἁρμόςῩ
564 723 614 762 Et
643 718 896 768 δεσπόσυνος
927 733 951 760 a
980 716 1176 772 ὀεσπότῃς
1214 724 1255 759 ut
1294 717 1502 772 ἱπποσύνῃ
1532 720 1582 761 ab

110 788 311 843 ίππύτῃςῖ
349 801 428 841 qua
459 799 538 828 una
566 788 632 828 via
665 787 887 838 syntlieton
917 782 1238 837 οἰκοδεσποσύνῃ
1269 784 1414 825 deduci
1444 791 1583 837 potest

110 869 190 908 quo
214 859 389 907 oportet.
412 854 635 895 Barbarum
659 857 722 893 est
743 848 990 905 κλεψοσύνῃ,
1021 851 1131 904 quod
1155 862 1205 891 ex
1225 851 1390 891 novitiis
1418 851 1583 891 affertur

110 922 370 972 auctoribus3
413 916 596 971 κλεψύνῃ
635 919 740 959 enim
771 918 983 959 dicendum
1013 922 1100 958 erat
1130 921 1173 957 ut
1204 915 1397 966 πίσυνος,
1438 917 1474 957 si
1504 917 1582 957 hoc

108 988 147 1027 in
181 986 408 1038 exemplum
448 986 656 1036 venissct3
697 984 771 1025 sed
804 985 859 1024 illi
890 985 977 1025 sive
1007 983 1129 1023 dubio
1159 979 1414 1034 κλεπτοσύνῃ
1443 983 1581 1034 scrip-

108 1057 260 1094 serunt.
308 1051 482 1100 Quirine
505 1051 735 1103 praesentis
762 1050 922 1102 quidem
949 1049 1144 1100 temporis
1165 1048 1243 1087 huc
1266 1047 1408 1087 deflexi
1439 1059 1581 1087 exem—

108 1118 217 1170 plum
247 1122 400 1158 certum
431 1118 616 1169 proferre
646 1127 817 1167 possum
846 1119 1010 1167 praeter
1039 1114 1149 1165 quod
1178 1113 1408 1162 Hesychius
1438 1113 1580 1152 neseio

109 1183 212 1224 unde
243 1184 480 1235 expiscatus
521 1187 606 1234 est,
645 1178 884 1233 Χαιροσύνῃ
913 1176 1028 1232 χαρά.
1079 1179 1181 1220 Nam
1209 1175 1440 1230 θάρσυνος,
1472 1178 1581 1229 quod

107 1248 346 1289 Eustatliius
369 1249 433 1288 hie
464 1248 618 1299 inserit,
652 1248 975 1287 terminationem
1006 1257 1029 1285 a
1059 1245 1185 1285 verbo
1213 1248 1481 1296 propagatam
1506 1244 1583 1283 ha-

109 1316 175 1355 bct
205 1318 398 1365 correpta
426 1314 560 1353 vocali
589 1317 629 1353 ut
660 1313 870 1364 βασκαίνω
898 1308 1104 1364 βάσκανος
1134 1323 1168 1351 v.
1190 1310 1242 1351 C.
1274 1311 1301 1350 Ι.
1335 1315 1372 1357 §.
1400 1309 1433 1351 1.
1464 1308 1581 1349 αἰδο-

107 1378 211 1433 σύνῃ
241 1391 455 1432 perperam
486 1380 527 1419 in
544 1380 697 1420 Lexica
726 1379 898 1419 relatum
925 1389 1020 1418 esse
1045 1378 1242 1418 Siunerus
1272 1376 1313 1415 in
1343 1375 1462 1415 Thes.
1490 1377 1582 1415 aui-

107 1446 341 1497 madvertit3
379 1442 632 1498 κλεπτοσύνῃ
671 1456 754 1485 non
792 1456 817 1485 a
853 1440 1008 1484 κλέπτω
1050 1442 1274 1482 derivatum
1313 1452 1408 1482 esse
1447 1440 1522 1482 sed
1559 1452 1581 1481 a

105 1509 273 1564 κλέπτης
322 1511 526 1563 colligitur
572 1523 622 1552 ex
660 1511 858 1552 similibus
904 1506 1186 1562 δρηστοσύνῃ,
1233 1503 1479 1559 ἐπαιτοσύνῃ
1518 1518 1582 1558 ap.

108 1578 419 1619 Grammaticum
447 1578 488 1617 in
516 1577 745 1618 Endlieher.
774 1576 907 1617 Anall.
930 1587 968 1627 p.
993 1574 1082 1616 107.
1114 1579 1154 1615 et
1182 1569 1432 1625 πυκτοσύνῃ.
1471 1572 1580 1624 Ergo

109 1645 228 1684 etiam
249 1641 500 1695 σκεπτοσύνῃ
522 1643 702 1683 Timonis
724 1642 873 1682 Phlias.
895 1652 919 1681 a
941 1636 1111 1692 σκέπτῃς
1139 1638 1404 1690 repetendum
1435 1648 1581 1689 quam-

107 1710 169 1749 vis
200 1709 418 1760 inusitato,
455 1719 588 1758 neque
617 1704 878 1759 βασκοσύνη,
912 1717 992 1757 quo
1023 1705 1153 1745 Poeta
1185 1703 1233 1745 de
1262 1703 1401 1744 herbis
1443 1703 1581 1755 utitur,

108 1774 231 1814 habet
259 1785 338 1825 quo
369 1774 568 1813 reseratur
598 1773 684 1813 sive
714 1772 881 1813 verbum
920 1772 1007 1811 sive
1036 1781 1185 1810 nomen
1215 1771 1378 1822 praeter
1407 1771 1582 1808 contro-

109 1851 271 1880 versum
302 1838 397 1878 illud
427 1838 618 1888 Hesychii
648 1834 792 1878 Βάσκα
819 1833 970 1888 μακέλῃ
1000 1835 1214 1888 βασκανία.
1263 1833 1345 1875 Sed
1375 1836 1469 1873 sunt
1500 1832 1580 1872 alia

109 1917 133 1946 a
161 1904 392 1945 nominibus
424 1904 576 1955 primae
616 1903 902 1944 declinationis
941 1902 1142 1942 femininis
1184 1900 1326 1953 ducta,
1362 1894 1580 1952 θηροσύ-νη

109 1971 282 2023 Oppian.
312 1965 534 2021 τεχνοσύνη
571 1969 738 2010 Leonid.
768 1969 857 2009 Tar.
918 1968 1064 2008 Verum
1104 1965 1227 2007 redeo
1267 1965 1318 2006 ad
1356 1965 1580 2017 adjectiva;

108 2047 279 2088 quorum
308 2047 389 2075 non
421 2045 553 2086 pauca
583 2046 607 2075 a
636 2034 868 2075 nominibus
898 2032 1104 2074 secundae
1136 2031 1421 2073 declinationis
1448 2034 1580 2071 ortum

107 2103 277 2143 habent:
309 2097 563 2147 ὁουλύσυνος
606 2097 882 2151 ἕταιρύσυνος,
913 2094 1182 2151 κουρόσυνος,
1214 2096 1287 2138 sed
1317 2097 1433 2150 plura
1458 2107 1480 2136 a
1505 2096 1582 2135 tri-

109 2168 261 2208 toclitis
298 2163 552 2219 γειτόσυνος,
597 2162 897 2218 εύφρόσυνος,1
939 2160 1270 2218 φιλοφρόσυνος,
1310 2158 1580 2215 μαντόσυνος,

107 2230 372 2286 ταρβόσυνος,
402 2229 640 2285 γηθόσυνος
671 2236 710 2272 et
740 2229 982 2284 κῃὸόσυνος,
1014 2242 1119 2282 quae
1139 2242 1162 2270 a
1182 2229 1413 2269 nominibus
1442 2227 1580 2280 potius

108 2310 227 2351 quam
259 2311 282 2339 a
310 2300 446 2340 verbis
478 2295 638 2351 (γήθω,
681 2294 811 2351 κήὀω)
853 2308 1064 2350 manasse,
1102 2308 1151 2336 ex
1182 2295 1386 2347 appositis
1417 2293 1583 2345 perspi-

109 2365 223 2405 citur.
270 2365 483 2406 l‘ostremo
513 2361 774 2417 χαρμόσυνος
803 2376 826 2403 a
852 2360 986 2415 χάρμα
1020 2362 1083 2402 vel
1110 2358 1242 2414 χάρμῃ
1271 2360 1413 2400 Joann.
1435 2358 1582 2399 Zonar.

109 2430 219 2470 Antt.
239 2431 300 2471 IV.
325 2431 413 2472 184.
438 2431 482 2472 l).
522 2430 724 2483 Exposita
753 2430 894 2470 horum
927 2428 1222 2480 adjectivorum
1254 2426 1409 2478 origine
1440 2426 1582 2477 sequi-

202 2589 235 2631 1)
261 2589 354 2622 Paul.
392 2589 478 2633 Aeg.
505 2590 531 2624 1.
559 2600 588 2624 c.
619 2590 674 2626 27.
711 2588 859 2633 Niceph.
897 2588 1003 2631 Greg.
1039 2586 1125 2621 Hist.
1152 2584 1243 2619 VIII.
1275 2584 1327 2627 11,
1353 2584 1408 2619 21.
1437 2582 1478 2618 A.
1505 2583 1581 2618 An-

111 2644 217 2681 dreae
253 2646 309 2678 Or.
345 2645 378 2678 in
412 2645 522 2680 Nativ.
558 2645 690 2682 Mariae
720 2655 753 2689 p.
796 2645 882 2682 102..
905 2644 942 2679 Τ.
969 2643 1043 2678 XII.
1079 2641 1166 2677 Bibl.
1202 2641 1290 2677 Gall.
1324 2638 1519 2684 Olympiod.
1548 2639 1582 2673 iu

111 2699 242 2736 l‘liileb.
270 2710 302 2743 p.
329 2699 407 2736 254.
434 2699 488 2735 ed.
518 2700 636 2735 Stallb.
