1731 3021
132 171 221 213 336
596 167 1027 212 DISSERTATIO
1067 170 1147 210 VII.

136 278 372 320 offendimus
404 273 593 330 στέλεχος,
634 277 744 329 quod
774 289 894 330 quum
925 279 1155 330 Hesychius
1185 280 1331 328 στῦλος
1359 281 1610 333 interprete-

137 351 213 397 tur,
254 343 372 384 simul
409 354 487 383 nos
517 343 707 383 admonet
737 344 911 383 affinium
942 342 1088 396 στήλη,
1129 342 1296 393 στελεός.
1354 345 1610 397 Adjectivum

139 406 323 462 ἐντρεχής
351 409 437 449 ΕΜ.
469 411 741 462 compositum
772 409 867 449 dicit
897 421 919 450 a
947 406 1096 462 τρέχω,
1130 413 1244 461 cujus
1277 411 1479 462 primitivo
1508 407 1611 462 τρέω

140 477 357 517 subnatum
387 479 448 515 est
468 472 638 529 ὀτρηρός
658 475 787 516 simile
814 476 897 515 sere
921 480 1042 527 atque
1060 476 1155 515 illud
1176 477 1612 528 significationeprae-

138 541 274 582 ditum.
331 540 507 582 Literam
545 546 609 581 eta
646 551 767 580 unum
807 540 968 579 exhibet
1002 535 1190 593 Ἀῤῥηχοί
1220 542 1353 592 gentis
1384 542 1611 582 maeotieae

138 618 310 659 nomen,
347 606 456 658 quod
495 606 688 646 Straboni
724 606 953 645 restitutum
995 610 1058 646 est
1096 607 1160 646 ΧΙ.
1192 607 1285 647 495.
1327 610 1499 647 accentu
1528 618 1611 647 non

139 684 187 713 eo
226 683 344 724 quem
383 670 583 711 Arcadius
623 671 771 722 poscit.
827 666 990 723 Ἀζηχης
1025 673 1164 723 potius
1204 684 1253 712 ex
1291 667 1451 724 ἀδιεχης
1481 676 1613 713 ortum

139 749 258 789 quam
289 738 338 777 ab
369 734 449 786 ἄξω
479 739 589 777 sicco
621 736 841 776 derivatum
868 736 1039 776 videtur.
1086 737 1172 778 Nec
1203 737 1441 789 diphthongi
1471 738 1536 778 hic
1566 749 1612 778 se

135 803 364 843 immiscent
400 823 455 830 —-
487 798 538 841 τὰ
565 801 621 848 εἰς
647 815 718 853 χος
737 796 788 840 οὐ
807 797 977 840 θέλουσι
1005 817 1054 855 τῃ
1086 817 1117 843 ει
1154 799 1465 855 παραλήγεσθοει
1492 800 1615 854 χωρὶς

137 868 212 907 τοῦ
240 872 366 918 τεῖχος
393 864 463 906 καὶ
490 867 575 906 τῶν
602 862 695 920 παρ’
727 861 858 906 αὐτοῦ
890 867 1067 919 Theogn.
1097 868 1187 910 294.
1218 864 1269 907 τὰ
1298 867 1353 914 εἰς
1380 882 1429 920 χη
1461 863 1512 908 οὐ
1536 865 1613 908 θέ-

136 935 255 973 λουσι
291 947 341 985 τη
381 945 415 972 ει
453 928 760 985 παραλήγεσθὲὶι
797 932 930 971 Anon.
929 931 1024 992 —de
1066 933 1241 981 Quantit.
1283 933 1411 974 Cram.
1443 934 1487 974 II.
1517 934 1609 975 302.

138 998 247 1051 quod
286 998 391 1038 idem
431 998 538 1038 valet
569 998 617 1038 de
647 998 898 1050 diphthongo
929 987 984 1037 ε-υ.
1045 997 1126 1039 Sed
1158 1010 1205 1037 eo
1238 998 1385 1039 laetius
1417 1000 1614 1040 exuberat

137 1065 256 1104 litera
283 1064 366 1103 iota
397 1064 617 1141 praecipue
640 1065 680 1103 in
706 1063 919 1103 vocabulis
944 1063 1114 1103 aeolicis
1146 1063 1400 1115 doricisque:
1433 1061 1514 1105 ἀπὸ
1539 1067 1614 1106 τοῦ

136 1126 295 1181 πυρρός
325 1126 524 1181 πύρριχος
552 1143 657 1168 κατα
687 1143 855 1180 παραφε·
861 1125 950 1181 γῆν.
1015 1124 1131 1176 Τινες
1159 1127 1450 1181 παροξυτόνως
1477 1127 1615 1183 λέγου-

137 1205 214 1235 σιν.
261 1192 403 1235 Ἔστιν
441 1193 519 1233 οὑν
556 1189 876 1247 ὑποκοριστικὸν
915 1191 1133 1241 οειόλικως2
1172 1195 1308 1236 Scllol.
1341 1196 1511 1237 Tlleocr.
1549 1198 1613 1238 IV

137 1262 202 1302 20
234 1261 277 1301 Id
308 1272 379 1301 eur
403 1259 623 1310 Gregoiius
655 1260 821 1300 doricae
852 1259 1106 1300 adscriberet
1135 1260 1310 1300 dialecto
1341 1261 1518 1302 sortisse
1547 1263 1614 1302 ni-

136 1327 193 1367 hil
231 1326 338 1367 aliud
376 1325 547 1365 rationis
580 1325 718 1365 habuit
747 1336 866 1376 quam
905 1325 999 1376 quia
1030 1325 1136 1376 apud
1168 1326 1425 1366 Theocritum
1454 1327 1613 1382 legitur,

135 1396 205 1432 aut
236 1391 344 1442 quod
373 1390 606 1430 Athenaeus
637 1390 735 1430 XIV.
770 1390 860 1430 013.
890 1390 933 1430 E.
965 1392 1172 1442 proprium
1206 1387 1416 1443 Πύρριχος
1433 1392 1613 1433 Laconi-

135 1456 194 1496 cis
226 1456 422 1495 familiare
452 1466 547 1496 esse
583 1456 738 1495 scribit.
808 1457 1024 1506 Adjectivo
1067 1456 1169 1495 enim
1205 1457 1453 1498 Aristoteles
1491 1463 1612 1510 atque

134 1521 202 1561 alii
232 1522 295 1561 usi
326 1524 421 1561 sunt
451 1532 680 1562 sermonem
716 1521 825 1571 vulgi
864 1524 1085 1571 sequentes
1117 1531 1249 1571 neque
1279 1526 1449 1573 apparet
1480 1528 1612 1564 utrum

134 1586 174 1626 hi
209 1587 339 1625 rusum
378 1586 695 1637 significaverint
734 1597 786 1625 an
826 1586 999 1625 rusulum
1038 1585 1102 1625 vel
1134 1586 1366 1638 subrufum,
1405 1589 1499 1638 quia
1530 1600 1610 1642 res,

137 1651 185 1691 de
218 1650 365 1702 quibus
404 1650 647 1703 loquuntur,
686 1662 768 1690 non
809 1650 883 1690 sub
925 1649 1069 1690 oculos
1106 1651 1283 1691 veniunt.
1347 1651 1449 1692 Illud
1479 1656 1613 1694 tamen

136 1727 210 1768 pro
240 1719 352 1755 certo
385 1716 482 1766 poni
512 1719 652 1766 potest
676 1715 990 1755 deminutionem
1015 1715 1322 1769 adjectivorum,
1352 1728 1456 1768 quae
1485 1717 1612 1758 latino

136 1781 316 1822 sermoni
354 1780 690 1833 familiarissima,
729 1782 877 1821 Atticis
913 1781 1116 1821 insuetam
1155 1792 1203 1821 ae
1240 1792 1290 1821 ne
1329 1782 1371 1821 in
1402 1793 1614 1823 commune

135 1845 295 1898 quidem
338 1850 545 1897 receptam
586 1847 714 1886 fuisse
753 1846 827 1887 sed
865 1847 1035 1886 haerere
1072 1846 1112 1885 in
1150 1846 1296 1886 finibus
1337 1847 1515 1887 Dorismi
1545 1848 1613 1888 ubi

134 1908 328 1963 δριμύλος
358 1914 397 1950 et
426 1908 634 1963 μικκύλος,
667 1911 715 1951 de
747 1913 894 1963 quibus
926 1911 1022 1951 alibi
1045 1910 1136 1951 dixi.
1196 1911 1455 1964 Quapropter
1477 1913 1613 1954 Scho-

134 1976 257 2016 liasta
286 1976 473 2026 Dionysii
505 1988 541 2027 p.
571 1976 663 2017 862.
694 1978 830 2017 varias
862 1977 1200 2017 deminutivorum
1231 1978 1394 2028 species
1435 1989 1613 2029 percen—

136 2052 255 2093 sens,
292 2040 401 2080 illius
433 2042 731 2085 terminationis
762 2043 912 2083 nullam
942 2043 1187 2083 mentionem
1218 2043 1367 2092 injecit.
1427 2042 1507 2084 Sed
1538 2039 1613 2082 ὁσ-

134 2107 244 2158 σίχος
279 2106 427 2157 legitur
472 2107 513 2146 in
554 2107 759 2147 Theocriti
798 2109 976 2148 carmine
1025 2106 1198 2147 dorico3
1234 2107 1356 2158 idque
1392 2109 1610 2149 manifesto

135 2172 336 2222 significat
366 2172 618 2225 quantulus,
659 2174 736 2213 etsi
766 2174 995 2225 Hesychius
1031 2172 1136 2212 idem
1164 2172 1377 2212 vocabulis
1408 2173 1612 2215 absolutis

134 2234 256 2286 ὅσον,
287 2232 439 2288 ἡλίκον,
471 2236 642 2277 reddere
673 2243 844 2278 coaetus
876 2245 939 2278 est
960 2239 1065 2278 siout
1089 2237 1271 2289 τεσσίχον
1291 2237 1513 2289 (τοσσίχον)
1544 2239 1611 2278 in-

134 2306 382 2354 terpretatur
420 2299 589 2354 μικρόν,
637 2314 711 2354 pro
751 2316 830 2355 quo
881 2302 1184 2354 Aristophanes
1230 2303 1461 2342 τυννοῦτον
1498 2303 1610 2345 dixit.

133 2365 341 2420 Κάὸδιχος
371 2367 479 2419 quod
508 2368 687 2408 Koenius
719 2368 769 2408 ad
802 2368 917 2419 Greg.
949 2367 1040 2409 292.
1072 2367 1122 2408 ad
1153 2368 1399 2407 deminutiva
1423 2368 1611 2409 laconica

133 2434 270 2486 refert,
299 2444 382 2473 non
412 2432 610 2474 καδίσκον
640 2433 713 2475 sed
744 2438 897 2474 certam
922 2433 1121 2485 quandam
1143 2444 1374 2474 mensuram
1396 2433 1610 2487 significat,

221 2599 259 2640 2)
284 2598 430 2633 Aeolica
458 2602 511 2633 est
536 2599 725 2641 geminatio
756 2599 877 2632 literae
902 2597 963 2631 rho
988 2601 1024 2631 ut
1047 2597 1262 2641 Πίῤῥαιβοι,
1292 2600 1422 2641 κρίιψω
1449 2601 1516 2633 etc.

226 2653 263 2694 3)
292 2654 347 2686 lv.
374 2652 512 2704 553-u-bi
546 2653 742 2688 Meinekius
774 2651 925 2696 ὅσσιχον
958 2652 1078 2687 edidit.
1130 2652 1252 2695 Neque
1290 2652 1459 2687 Arcadius
1486 2664 1519 2697 p.
1550 2654 1605 2689 85.

135 2711 345 2749 paroxytona
361 2710 394 2742 in
412 2721 479 2751 χος
503 2709 633 2750 attigit3
659 2707 833 2751 πυῤῥίχος
852 2712 965 2743 tamen
987 2711 1193 2742 memoratur
1211 2709 1245 2741 in
1263 2707 1343 2742 Sch.
1365 2709 1509 2744 Theocr.
1530 2709 1551 2742 l.
1574 2719 1604 2742 o.
