1731 3021
108 169 189 213 118
454 171 460 176 “
582 166 1036 211 DISSERTATIO‘
1071 166 1118 209 11.

114 279 207 321 406.
237 279 409 321 alterum
436 278 628 333 χονδρίλη
659 290 683 320 a
711 275 885 332 χόνδρος
908 276 1085 330 ductum,
1116 275 1228 329 quod
1258 287 1462 330 persaepe
1492 277 1601 330 apud

115 345 312 386 materiae
350 345 534 386 medicae
573 345 802 397 scriptores
842 345 922 384 hoc
957 343 1078 384 modo
1110 342 1333 397 invenitur,
1378 342 1487 395 apud
1514 343 1603 384 Pli-

116 412 226 452 nium
256 423 354 452 vero
387 410 615 452 chondrilla
645 415 685 451 et
716 410 914 452 condrille
944 408 1108 449 lambda
1136 409 1312 462 iterato,
1353 408 1463 460 quod
1493 409 1603 450 solet

119 488 215 518 esse
243 478 402 518 vocalis
432 477 581 529 longae
609 476 823 526 indicium3
872 474 1159 527 Theophrasto
1192 474 1468 516 Schneiderus
1501 472 1604 527 χόν-

119 543 272 596 δρυλλα
301 544 482 584 restituit
510 554 594 583 non
624 543 713 583 sine
744 541 931 582 codicum
961 541 1174 594 vestigiis,
1206 540 1279 581 sed
1308 541 1454 582 vellem
1484 552 1603 582 men-

120 620 219 650 sura
247 609 404 650 mediae
436 613 649 661 poetarum
690 608 925 648 testimonio
966 607 1196 647 confirmari
1226 611 1385 658 posset.
1401 607 1436 632 ¹1
1492 608 1604 649 Fun-

123 675 230 716 ditus
259 676 443 727 ignotum
473 679 537 715 est
566 670 727 726 ἆργίλαι
754 669 806 713 τὰ
833 669 1018 725 ὑπόγαια
1048 669 1251 725 οἰκήματα
1269 673 1386 713 Eust.
1412 672 1463 714 ad
1485 674 1604 715 Dion.

124 741 242 783 1166.
281 741 387 782 uude
424 740 608 780 nonnulli
646 740 881 790 Argiletum
923 739 1148 780 derivatum
1187 743 1332 791 putant
1360 739 1448 778 iota
1476 739 1605 793 brevi,

122 806 286 848 lambda
316 806 512 858 simplici,
556 805 635 845 etsi
664 809 828 845 veteres
860 805 910 844 ab
942 803 1087 855 argilla
1116 808 1308 856 repetunt
1340 806 1457 856 cujus
1489 805 1606 857 origo

124 873 175 914 ab
207 868 342 925 ἀργός.
401 871 534 911 Dubia
573 874 637 911 est
675 871 881 922 scriptura
919 865 1062 922 ἀργίλῃ
1098 866 1348 921 περιπλάσας
1387 870 1525 912 Galen.
1556 870 1607 913 de

124 938 293 980 Medico.
334 948 418 979 sec.
459 937 581 977 Loco.
622 936 649 977 Ι.
687 936 725 990 2,
763 935 856 977 438.
897 936 940 977 T.
980 935 1064 976 XII.
1110 947 1203 976 nam
1240 935 1336 976 alibi
1376 935 1425 976 de
1466 937 1607 989 Simpl.

128 1005 266 1056 Temp.
295 1003 360 1045 IX.
391 1003 426 1044 1.
459 1002 548 1044 168.
581 999 746 1055 ἄργιλος
775 1001 935 1054 legitur,
966 1012 1209 1053 quamquam
1235 1007 1274 1042 et
1294 1002 1504 1054 proprium
1533 1014 1608 1043 ur·-

125 1071 190 1112 bis
218 1070 340 1111 Anth.
370 1069 452 1109 VII.
485 1068 574 1110 194.
606 1069 764 1120 virique
785 1079 933 1108 nomen
958 1067 1125 1108 fluctuat
1144 1064 1364 1120 ’Ἁργειλος,
1383 1064 1608 1119 ’Ἀργιλλος

125 1137 256 1188 Hujus
295 1135 458 1188 generis
498 1134 624 1174 multa
663 1134 778 1174 atlert
807 1132 1009 1174 Arcadius
1041 1145 1079 1184 p.
1111 1133 1176 1174 54.
1205 1129 1256 1173 τὰ
1283 1132 1338 1180 εἰς
1366 1124 1475 1181 obl—05*
1502 1149 1610 1187 προ-

126 1199 401 1254 παροξύνεται
439 1197 666 1251 Κύριλλος,
716 1196 948 1250 Σόφιλλος,
996 1195 1205 1250 δόριλλος·
1256 1196 1304 1239 τὸ
1343 1195 1387 1239 δὲ
1424 1194 1611 1249 ὀπτίλλος

127 1265 401 1323 παροξύνεται
439 1264 509 1307 καὶ
545 1263 592 1306 τὸ
631 1261 834 1317 νεογιλλός
872 1260 947 1315 ἔχει
985 1261 1184 1316 θηλυκόν.
1245 1265 1535 1318 'theognostus
1563 1268 1610 1310 II.

129 1334 194 1376 62.
225 1339 264 1375 et
294 1334 397 1374 haec
427 1332 599 1386 praebet
629 1337 669 1373 et
687 1329 868 1380 ’Ἀϊ,λλος
896 1327 1127 1383 Δώριλλος,
1146 1326 1359 1382 ’Έπιλλος,
1390 1329 1609 1395 Μέγιλλος

132 1396 342 1453 Πέριλλος,
377 1395 643 1450 Πραστιλλος,
680 1394 890 1451 Τηριλλος,
922 1392 1159 1449 ἀνάσιλλος,
1198 1397 1307 1449 quod
1337 1400 1611 1451 compositum

132 1470 196 1508 est
226 1466 315 1507 sine
346 1464 468 1505 dubio
501 1469 544 1505 ut
571 1461 777 1517 νεογιλλός
800 1464 886 1504 EM.
911 1463 1029 1504 Phot.
1060 1474 1134 1515 pro
1168 1474 1248 1514 quo
1278 1474 1386 1504 nuno
1409 1465 1450 1505 iu
1472 1465 1613 1517 Odys-

131 1543 205 1573 sea
234 1527 416 1584 νεογιλός
447 1531 650 1572 scribitur.
720 1530 868 1572 Cetera
899 1530 982 1570 sere
1015 1530 1150 1569 omnia
1180 1529 1473 1581 andronymica
1503 1536 1612 1587 sunt,

131 1598 352 1638 notissima
381 1593 607 1648 Κύριλλος,
646 1596 756 1649 quod
787 1597 854 1649 qui
890 1600 1182 1649 paroxytonon
1212 1596 1348 1636 fecere
1372 1597 1614 1648 reprehensi

133 1668 228 1705 sunt
259 1663 388 1704 Cram.
420 1663 465 1703 II.
495 1662 588 1702 227.
647 1659 854 1714 Μέγιλλος
885 1667 924 1703 et
953 1658 1185 1714 Σόφιλλος,
1224 1672 1303 1712 quo
1334 1663 1498 1703 nomine
1529 1665 1614 1705 So-

134 1729 297 1782 phoclis
315 1733 471 1781 patrem
492 1732 680 1767 vocaturn
700 1739 795 1768 esse
811 1730 1057 1780 accepimus.
1086 1725 1327 1766 Mendosum
1341 1725 1614 1782 εεῑΣόφιλος,

135 1795 245 1848 quod
267 1794 388 1835 modo
421 1804 496 1845 pro
529 1794 762 1845 composito
792 1791 990 1846 Σώφιλος
1020 1794 1082 1845 (ut
1111 1789 1300 1845 Λάφιλος
1321 1793 1443 1834 Thuc.
1464 1794 1508 1834 V.
1531 1794 1614 1850 19.)

136 1860 345 1912 subrepsit
374 1859 585 1900 Demosth.
606 1859 699 1912 537,
719 1859 756 1900 8.
778 1860 925 1900 Athen.
947 1859 1010 1900 III.
1034 1858 1181 1900 123.E.
1209 1858 1330 1899 modo
1353 1858 1616 1914 pro‘·E‹5‹pt2.-

134 1928 205 1973 λος
233 1925 453 1967 Herodian.
484 1925 613 1976 Epim.
644 1936 682 1976 p.
716 1924 804 1967 130.
839 1938 874 1967 v.
904 1925 1069 1965 Jacobs.
1101 1924 1152 1964 ad
1181 1924 1268 1965 Ael.
1299 1925 1380 1966 VII.
1411 1926 1475 1968 39.
1502 1928 1616 1979 Kay-

137 2003 217 2034 ser.
259 1991 310 2032 ad
347 1991 539 2031 Philostr.
582 1991 707 2042 Soph.
747 1991 774 2031 I.
807 1991 869 2042 15,
900 1990 993 2031 408.
1028 1989 1201 2030 Meinek.
1239 1989 1342 2031 Hist.
1381 1991 1492 2033 Com.
1522 1993 1616 2035 425.

128 2054 288 2104 ’Ἀϊλλος
312 2057 407 2097 mihi
436 2057 642 2107 ignotum3
688 2057 861 2097 Amillus
892 2056 1054 2108 quidam
1083 2055 1315 2095 nominatur
1339 2056 1512 2100 Martial.
1534 2059 1615 2101 VII.

139 2124 203 2165 62.
221 2120 430 2175 Ἀρχιλλος
462 2122 583 2174 Corp.
613 2122 739 2163 Inscr.
776 2133 813 2163 11.
847 2122 963 2164 1208.
1002 2118 1200 2174 Τήριλλος
1232 2121 1408 2162 innotuit
1448 2134 1498 2164 ex
1530 2125 1617 2165 He-

137 2189 226 2231 rod.
264 2189 346 2230 VII.
378 2188 469 2231 165.
506 2193 546 2229 et
584 2199 733 2229 nomen
773 2189 885 2229 urhis
925 2185 1172 2241 Γροὲστιλλος
1209 2184 1232 2227 ὃ
1266 2185 1336 2227 καὶ
1373 2184 1441 2228 διὰ
1476 2191 1553 2230 τοῦ
1587 2203 1619 2232 π

138 2269 337 2309 γραφετοιι
369 2251 623 2306 Πράστιλλος
653 2254 793 2305 Steph
841 2254 953 2302 Quae
984 2257 1144 2294 restant
1173 2249 1359 2305 δόριλλος
1392 2259 1432 2295 et
1465 2253 1618 2308 Πέριλ-

140 2324 231 2373 λος,
272 2322 420 2362 multas
450 2320 602 2360 habent
638 2320 744 2360 inter
775 2331 820 2360 se
851 2319 1136 2361 similitudines
1167 2323 1207 2359 et
1236 2319 1546 2371 significationis
1578 2327 1619 2365 et

143 2389 395 2441 scripturae3
434 2383 618 2438 ὁόριλλος
646 2380 693 2425 τὸ
723 2389 960 2437 γυναικεῖον
988 2384 1149 2425 αἰδοῖον
1178 2381 1238 2438 ἐφ’
1269 2383 1385 2439 ὕβρει
1410 2388 1487 2428 τοῦ
1516 2403 1619 2441 τρα-

142 2453 379 2506 γωδοποιοῦ
428 2452 636 2503 Δορίλλου
680 2447 708 2505 ἢ
745 2447 856 2504 παρὰ
893 2449 938 2491 τὸ
977 2448 1108 2502 δέρειν
1149 2451 1259 2492 Suid.
1297 2456 1374 2492 etc.
1441 2453 1619 2496 Verbum

142 2520 272 2559 hocce
301 2520 342 2558 in
373 2518 625 2558 obscoenum
654 2517 904 2558 intellectum
935 2517 1138 2558 detortum
1170 2528 1265 2558 esse
1295 2517 1356 2558 sic
1386 2522 1429 2558 ut
1450 2519 1618 2564 latinum

143 2583 312 2636 glubere
343 2584 444 2625 satis
475 2586 640 2625 constat
670 2594 706 2625 v.
735 2583 900 2626 Jacobs.
929 2584 1099 2627 Animm.
1128 2581 1179 2623 ad
1205 2582 1338 2624 Anall.
1370 2584 1412 2625 T.
1442 2584 1507 2626 IX.
1525 2584 1618 2630 445.

234 2722 291 2767 11)
328 2722 456 2760 Suidae
480 2722 645 2761 Κοιτίλας
671 2722 709 2757 ἐκ
737 2721 799 2757 τοῦ
819 2725 915 2764 κοίτη
945 2724 980 2757 in
1005 2721 1164 2759 κοιτίδας
1189 2720 1398 2757 mutandum.
