1731 3021
179 159 242 202 118
662 162 1092 206 DISSERTATIO
1142 163 1169 205 Ι.

180 271 248 322 qui
278 272 443 312 nomina
479 272 639 324 syllaba
678 263 714 322 ἴς
743 274 853 314 linita
883 285 966 314 non
996 274 1232 315 masculinis
1265 279 1414 325 agnata
1440 278 1658 316 censerent

180 336 254 377 sed
282 337 439 378 verbis:
480 335 531 378 τὰ
560 334 641 379 ἀπὸ
670 337 914 393 βαρυτόνων
944 336 1137 392 ῥημάτων
1166 338 1221 386 εἰς
1250 329 1291 387 [ξ
1313 335 1512 390 ὀξύνεται,
1544 340 1656 393 βασι-

179 400 285 442 λεύω
305 404 472 456 βασιλίς,
502 402 729 457 πλημμύρω
758 407 986 458 πλημμυρίς
1017 405 1153 446 Schol.
1183 405 1320 456 Apoll.
1342 406 1386 445 ΙΙ.
1415 406 1507 447 576.
1537 406 1602 446 vel
1632 417 1655 445 a

178 469 415 510 masculinis
447 471 606 521 quidem
638 471 832 512 ducerent
863 472 937 512 sed
967 483 1039 523 per
1070 471 1284 520 ambages:
1311 466 1413 510 «ἀπὸ
1441 471 1518 510 τοῦ
1545 473 1654 524 Χρυ-

177 531 283 584 σεύς,
316 533 493 590 Νηρεύς,
523 535 721 589 βασιλεύς,
752 535 834 577 ἐστὶ
862 535 908 577 τὸ
939 537 1131 589 Χρυσηίς,
1165 535 1337 588 Νηρηίς,
1368 536 1551 589 βασιληίς
1583 535 1653 577 καὶ

179 596 311 655 ἐνδείᾳ
339 601 414 640 τοῦ
443 607 470 654 η’
500 603 654 655 βασιλίς
686 604 821 645 Schol.
852 604 969 644 Dion.
999 603 1091 643 850.
1122 602 1275 642 Anecd.
1308 602 1437 644 Cram.
1468 603 1530 644 IV.
1559 602 1652 644 326.

177 665 263 707 EM.
299 666 386 708 189.
417 666 453 708 9.
484 680 655 719 quorum
685 670 890 710 nominum
912 673 1176 720 postremum,
1205 668 1388 721 βασιληίς
1418 668 1522 721 dico,
1554 679 1653 709 sae-

178 731 347 782 pissime
395 732 595 783 adjective
644 739 683 774 et
722 745 1011 785 nonnunquam
1052 733 1308 773 substantive
1350 734 1495 774 dicitur
1531 734 1651 775 Anth.

176 796 281 847 App.
311 808 348 837 n.
380 796 473 838 392.
504 799 678 839 Maneth.
710 800 736 840 Ι.
767 800 858 841 283.
900 804 943 839 ut
973 799 1095 851 ἱερηίς
1123 810 1196 850 1)Γο
1237 796 1360 850 ἱέρεια
1387 801 1429 839 in
1457 799 1578 839 Anih.
1607 799 1649 840 P.

179 862 220 902 T.
241 862 304 902 ΙΙΙ.
333 862 515 904 Addend.
548 876 584 915 p.
604 864 720 905 XCV.
746 864 904 915 (omiss.
935 866 975 905 in
1000 865 1149 916 Thes).
1206 865 1295 904 Etsi
1323 876 1420 905 vero
1441 865 1542 905 haec
1564 869 1651 905 ter-

175 927 342 966 minatio
382 927 480 967 nulli
508 930 648 979 generi
686 931 891 970 nominum
930 931 1095 982 proprie
1136 931 1347 980 assignata
1386 934 1473 983 est,
1516 934 1650 970 tamen

175 992 382 1033 nonnullis
414 994 633 1045 praecipue
665 996 896 1049 conspirat,
938 997 1107 1047 primum
1137 997 1282 1049 motis⁷
1325 996 1374 1036 de
1405 996 1552 1048 quibus
1584 995 1648 1036 di-

175 1062 283 1098 ctum
322 1063 406 1112 est,
457 1059 601 1100 deinde
643 1063 937 1112 patronymicis
981 1061 1134 1114 Θησηίς
1181 1058 1205 1115 ἡ
1247 1059 1413 1115 Θησέως
1458 1059 1647 1114 θυγάτηρ

174 1124 310 1165 SGhOl.
341 1124 457 1165 Dion.
478 1124 570 1178 851,
592 1125 627 1167 G.
658 1126 799 1179 Αἰητίς
816 1126 971 1180 Medea,
1008 1128 1205 1175 Τανταλίς
1222 1128 1367 1181 Niobe,
1389 1123 1537 1180 ‘Ytlnyz'g
1562 1127 1646 1178 Cy-

174 1200 294 1242 rene,
319 1186 546 1242 Ὑπεριονίς
575 1192 700 1246 Luna,
738 1194 892 1245 Φορκίς
919 1194 1066 1233 Phorci
1095 1194 1175 1233 filia
1207 1198 1282 1234 etc.
1314 1205 1485 1245 quorum
1517 1193 1646 1244 origi-

172 1266 263 1295 nem
302 1267 442 1307 parum
480 1258 733 1308 probabilem
775 1259 895 1299 tradit
933 1259 1168 1299 Priscianus
1206 1260 1251 1300 II.
1283 1260 1319 1311 7,
1351 1259 1404 1301 83
1444 1258 1552 1311 (585.
1582 1258 1643 1310 Ρ.)

170 1321 378 1372 feminina
413 1326 711 1375 patronymica
752 1337 779 1366 a
817 1325 1064 1365 masculinis
1102 1325 1212 1375 fietne
1252 1325 1477 1366 subtracta
1516 1315 1569 1366 d—(t
1600 1327 1645 1366 in

170 1377 229 1427 ἶς’
249 1388 313 1427 vel
342 1389 383 1428 ιή
422 1379 749 1431 ΠΡΓιάιηὶιίεε
786 1391 980 1430 Ρνέαηιὶε.
1046 1391 1228 1442 Eamque
1269 1392 1513 1431 sententiam
1538 1391 1642 1432 Dio-

171 1453 279 1503 nysii
318 1453 573 1495 Scholiastes
606 1456 655 1495 ab
693 1457 785 1508 ipso
823 1456 1044 1508 Apollonio
1086 1457 1342 1508 propositam
1380 1468 1474 1497 esse
1518 1457 1643 1497 refert

171 1517 245 1559 sed
275 1520 490 1560 refutatam
521 1520 571 1561 ab
601 1521 834 1562 Herodiano
877 1526 1114 1573 argumento
1145 1522 1314 1576 duplici,
1362 1522 1471 1574 quod
1514 1524 1640 1575 Πρια-

168 1583 287 1636 μίδης
319 1585 549 1626 femininum
582 1588 733 1627 faceret
767 1588 985 1641 Πριαμίδη,
1018 1593 1057 1628 et
1088 1588 1182 1638 quia
1210 1589 1398 1640 Πριαμίς,
1430 1589 1464 1628 si
1495 1588 1544 1628 ab
1569 1588 1639 1628 illo

170 1648 394 1690 derivatum
425 1656 558 1705 esset,
588 1652 813 1694 Priamidae
851 1654 971 1694 filiam
1006 1654 1263 1705 significaret.
1320 1654 1516 1705 Equidem
1545 1654 1640 1694 mihi

168 1714 418 1767 persuadere
454 1728 537 1758 non
576 1730 746 1770 possum
775 1720 1056 1759 Aristarchum
1096 1724 1176 1759 tam
1209 1719 1354 1760 obviae
1385 1719 1640 1760 observatio-

167 1782 231 1821 nis
262 1782 535 1824 immemorem
567 1785 716 1837 fuisse,
749 1784 822 1826 sed
853 1786 1032 1826 fortasse
1060 1786 1157 1825 nihil
1187 1785 1360 1838 amplius
1391 1783 1490 1825 dixit
1520 1796 1639 1836 quam

168 1846 277 1898 quod
314 1847 514 1889 Prisciani
556 1850 692 1891 verbis
731 1852 961 1891 continetur
1000 1851 1064 1891 De
1101 1851 1187 1891 XII.
1226 1863 1334 1892 vers.
1376 1861 1409 1891 c.
1453 1849 1514 1901 12,
1544 1849 1636 1892 384.

172 1911 386 1964 Olympias
411 1917 771 1968 patronyme'czmz,
806 1918 926 1965 cujus
954 1916 1184 1957 secundum
1213 1916 1459 1967 atzaloqiam
1492 1914 1637 1967 Olym-

162 1979 314 2029 piades
346 1979 468 2021 debet
499 1992 592 2021 esse
622 1982 923 2032 masculinum,
963 1982 1042 2022 hoc
1069 1986 1153 2033 est,
1191 1982 1232 2020 in
1266 1982 1425 2022 feminis
1460 1981 1637 2034 Πριαμίς

166 2043 257 2097 dici,
287 2045 327 2084 in
355 2046 535 2086 maribus
570 2046 799 2100 Πριαμίδης
828 2052 867 2088 et
897 2059 991 2088 esse
1017 2047 1217 2099 quandam
1236 2046 1429 2087 motionis
1455 2047 1635 2098 speciem

166 2121 270 2161 quae
304 2121 387 2151 non
428 2111 478 2152 ad
517 2123 661 2152 vocem
699 2114 902 2164 pertineat
940 2112 1012 2153 sed
1051 2112 1101 2153 ad
1132 2113 1488 2165 significationem,
1527 2113 1634 2153 sicut

163 2173 326 2229 γαμετή,
357 2177 392 2217 si
424 2188 471 2217 ex
502 2178 541 2217 vi
571 2189 646 2218 sua
677 2178 960 2219 consideratur
990 2179 1220 2218 femininum
1250 2182 1313 2218 est
1342 2178 1417 2217 τοῦ
1445 2175 1631 2231 γαμέτης,

165 2241 258 2281 item
296 2242 337 2281 in
377 2244 555 2295 propriis
594 2241 848 2296 Σωφρόνιον
886 2243 1166 2295 (Pudentilla)
1201 2243 1278 2283 τοῦ
1314 2245 1630 2297 Σωφρονίσκος,

164 2306 237 2347 sed
275 2312 461 2348 neutrum
500 2320 523 2348 a
561 2314 706 2350 neutro
746 2309 970 2349 derivatum
1010 2309 1087 2350 dici
1117 2313 1267 2361 potest.
1314 2308 1534 2350 Praeterea
1561 2309 1632 2350 illa

163 2374 445 2423 patronymica
476 2375 605 2414 forma
632 2379 671 2415 et
699 2376 877 2415 virorum
907 2375 1137 2414 nominibus
1167 2374 1344 2426 propriis
1366 2374 1523 2415 reddita
1554 2379 1630 2428 est,

164 2432 414 2491 Εὐτυχίδης,
447 2435 726 2490 Ἀνταλκίδας,
777 2446 815 2481 et
854 2441 1065 2482 mulierum
1102 2439 1294 2492 Αἰσχυλίς
1331 2439 1511 2479 Thaletis
1549 2440 1629 2480 filia

164 2501 395 2544 Callimach.
423 2505 559 2557 Epigr.
590 2506 686 2547 LXI.
712 2502 906 2560 Ἀντιοχίς
933 2507 1151 2547 Chalconis
1182 2504 1318 2547 Schol.
1342 2503 1439 2546 Oed.
1468 2505 1509 2546 T.
1536 2505 1626 2547 773.

159 2646 226 2678 lum
251 2651 360 2680 lamen
386 2651 522 2684 eandem
546 2658 690 2694 servant,
715 2664 781 2688 non
807 2657 866 2690 illo
890 2655 1175 2691 dissimilitudinis
1201 2655 1360 2697 exemplo
1386 2662 1469 2688 usus
1491 2652 1626 2688 Videtur

158 2701 219 2734 scd
249 2703 380 2744 aptiore
406 2705 504 2738 ἄκων
529 2707 660 2751 (hasta)
687 2710 830 2742 (ἵκαινα.
