1731 3021
114 162 202 205 120
604 153 1041 200 DISSERTATIO
1077 155 1124 197 ΙΙ.

117 270 188 324 μοι’
224 269 363 311 verior
402 267 572 320 emergit
617 268 823 320 scriptura
861 261 1045 306 ὄπτιλλοι
1091 263 1342 311 conveniens
1383 264 1606 310 boeotioae

120 336 278 377 formae
307 331 514 382 ὄκταλλος.
573 333 617 376 Si
655 345 738 375 vox
775 334 889 373 esset
928 329 970 371 in
1009 341 1264 372 communem
1298 335 1469 384 recepta
1499 342 1607 375 con„

120 400 399 455 suetudinem,
442 396 626 450 ὀπτίλος,
668 404 793 453 puto,
835 395 1088 437 scriberetur
1129 407 1210 449 quo
1242 400 1416 440 accentu
1446 401 1511 439 est
1542 408 1607 450 ap.

121 466 383 518 Hesychium.
442 466 602 518 Cetera,
632 477 737 518 quae
766 466 807 505 in
838 468 945 511 ιλλος
977 466 1140 515 exeunt,
1171 462 1394 514 paragogis
1422 462 1609 504 inserere

124 543 209 573 non
239 532 370 573 audeo
401 528 619 586 βάσκιλλος
658 530 779 571 κίσσα
817 542 841 571 a
877 526 1018 583 βάσκω
1052 529 1233 569 fortasse
1264 532 1307 571 ut
1337 528 1503 582 loquax,
1533 525 1612 569 602-

129 598 291 646 σκιλλος
320 599 462 651 piscis,
493 596 730 650 φυσίκιλλος
761 597 880 649 panis
911 606 1053 647 genus.
1113 595 1321 635 Accentus
1343 593 1487 636 horum
1508 594 1613 636 fixus

129 666 194 707 est
225 663 298 704 sed
328 668 442 704 natat
472 664 512 703 in
544 663 759 703 femininis.
824 661 948 703 Modo
979 661 1084 702 enim
1115 663 1376 712 paroxytona
1405 664 1501 701 sunt
1532 659 1614 700 Λί-

129 728 254 769 θίλλα
294 729 452 770 Couon.
490 727 592 768 XIII.
634 727 695 768 11.
741 727 901 779 (omiss
931 728 974 767 in
1006 726 1096 778 Th.)
1135 725 1333 777 Μυρίλλα
1359 725 1509 766 Anacr.
1541 725 1614 768 od.

130 794 247 840 LXII.
279 793 341 836 14.
388 794 597 845 Χρυσίλλα
633 793 755 835 Anth.
786 793 830 832 V.
863 792 957 835 253.
997 790 1120 832 modo
1158 790 1313 831 rectius
1350 801 1616 843 proparoxy—

133 860 273 903 toua¹⁴
300 856 521 911 Λρόσιλλα,
553 854 741 897 Κύδιλλα
763 858 893 899 Cram.
918 857 964 898 II.
989 857 1077 898 100.
1104 853 1289 896 Λύσιλλα
1305 856 1431 898 Arist.
1456 856 1616 898 Thesm.

135 924 227 967 374.
258 922 469 964 Λούκιλλα
497 924 548 964 Μ.
576 924 727 964 Aulon.
745 924 845 964 VIII.
864 922 928 966 25.
959 925 1076 974 cujus
1106 922 1374 962 masculinum
1405 926 1469 964 est
1498 918 1619 963 Λού-

136 991 272 1038 κιλλος
303 995 342 1032 et
372 990 617 1037 Λουκίλλιος
645 1002 682 1031 v.
706 989 872 1030 Jacobs.
900 989 941 1029 in
973 988 1101 1029 Catal.
1129 987 1261 1028 Poett.
1290 987 1427 1039 Epigr.
1457 999 1494 1040 p.
1523 988 1618 1030 912.

138 1055 435 1099 Schneidewin.
464 1055 742 1106 Paroeniiogr.
774 1055 905 1095 Praes.
937 1066 973 1107 p.
1005 1053 1088 1094 XII.
1123 1057 1166 1093 ut
1195 1049 1403 1105 Μέγιλλος
1431 1050 1620 1106 Μέγιλλα

138 1126 215 1164 ete.
246 1134 327 1175 quo
360 1121 519 1162 accedit
556 1120 669 1160 urbis
699 1121 865 1161 Italicae
897 1131 1046 1161 nornen
1084 1115 1282 1171 Κήριλλοι
1322 1119 1456 1161 Strab.
1498 1131 1618 1173 quam

138 1187 263 1229 Silius
283 1188 383 1229 VIII.
406 1186 497 1228 570.
537 1186 709 1227 Cerillas
731 1191 853 1227 vocat
876 1186 1005 1238 prima
1024 1185 1150 1237 brevi,
1185 1189 1225 1224 et
1247 1184 1410 1225 Siculae
1423 1181 1619 1240 ’Ἀκριλλα

137 1252 263 1294 latine
291 1254 478 1295 Acrillae
508 1252 657 1293 dictum
688 1264 711 1292 a
740 1253 886 1292 vicinis
916 1251 1036 1292 Acris
1066 1254 1108 1290 ut
1139 1250 1352 1304 suspicor,
1395 1256 1434 1292 et
1473 1253 1622 1305 appel-

137 1318 263 1362 lativa
291 1316 447 1371 ’ἅμιλλα
485 1319 536 1359 ab
562 1316 646 1370 ἅμα
676 1322 947 1370 propagatum
978 1320 1022 1357 ut
1053 1313 1194 1368 ὅμιλος
1222 1315 1272 1355 ab
1300 1310 1421 1368 ὁμός,
1462 1328 1622 1371 aegyp-

140 1385 229 1426 tilla
263 1396 422 1437 gemina
462 1385 726 1437 aegyptiaca,
763 1383 957 1432 ῥυσίλλας
994 1378 1067 1430 τὰς
1103 1380 1270 1433 ῥυτίδας
1300 1381 1396 1424 Hes.
1427 1395 1451 1423 a
1483 1385 1620 1427 futuro

141 1449 305 1493 ductum
335 1456 378 1491 ut
408 1447 600 1501 Δέξιλλα,
630 1447 860 1502 Πράξιλλα,
898 1445 1122 1498 Τελέσιλλα,
1149 1442 1377 1498 Ἐράσιλλα,
1408 1454 1625 1501 praeterea

143 1512 288 1556 ἄσιλλα
325 1528 361 1556 v.
397 1516 438 1557 C.
472 1518 515 1559 V.
553 1514 719 1568 ἕρπιλλα
758 1515 945 1568 pisciculi
985 1525 1134 1555 nomen
1170 1515 1212 1554 in
1243 1514 1449 1566 scriptura
1474 1516 1625 1557 incon-

145 1585 284 1636 stans,
328 1579 495 1623 σοὲτιλλα
532 1579 671 1631 πλειὰς
707 1578 754 1622 τὸ
784 1578 936 1633 ἄστρου
964 1581 1059 1623 Hes.
1091 1582 1272 1622 fortasse
1302 1582 1626 1632 septentrionem

145 1646 234 1688 sive
271 1647 499 1700 plaustrum
530 1648 788 1700 significans,
830 1647 894 1687 cui
938 1651 1056 1687 vetus
1089 1657 1178 1687 cum
1208 1646 1389 1698 vergssiis
1419 1657 1628 1689 commer—

146 1712 251 1752 cium
281 1717 321 1753 et
340 1714 550 1754 stellarum
570 1724 762 1753 numerus
785 1723 882 1764 par;
915 1711 955 1752 id
988 1711 1133 1752 Graeci
1162 1709 1323 1763 ἅμαξαν
1351 1717 1514 1766 vocant,
1546 1725 1627 1765 quo

144 1778 309 1818 nomine
340 1779 537 1831 explicari
567 1779 676 1819 solet
706 1777 859 1830 σατίνη.
917 1777 1134 1818 Postremo
1166 1774 1330 1830 ὤμιλλα,
1364 1781 1480 1830 cujus
1511 1781 1627 1832 origo

147 1854 226 1885 nos
258 1845 370 1896 sugit.
427 1845 643 1897 Paragoga
671 1844 834 1896 generis
866 1844 1050 1884 neutrius
1081 1854 1165 1884 uon
1190 1844 1352 1895 reperio
1373 1849 1538 1896 praeter
1554 1843 1630 1887 πέ-

151 1908 277 1961 διλον,
310 1910 419 1962 quod
449 1912 602 1951 Aeoles
632 1907 823 1950 πέὸιλλον
853 1909 1003 1950 dixere.
1072 1909 1214 1961 Neque
1246 1909 1490 1961 adjectivum
1521 1912 1630 1954 aliud

152 1987 272 2028 quam
307 1973 519 2029 τόλμιλλος
562 1974 631 2016 καὶ
670 1971 878 2022 αι’νθαὸίας
916 1975 1167 2026 Theognost.
1211 1986 1248 2026 p.
1291 1975 1326 2028 1,
1365 1975 1429 2017 25.
1469 1981 1508 2017 et
1548 1990 1630 2019 uno

152 2041 315 2082 lambda
355 2043 552 2094 seruitum
593 2039 895 2095 θερμιλώτατος
934 2035 984 2093 (ὃ
1018 2036 1198 2092 θέρμος)
1237 2038 1306 2080 καὶ
1348 2040 1634 2092 θρεπτικώτα-

152 2122 222 2155 τος
248 2110 381 2149 Anon.
405 2108 536 2150 Cram.
555 2108 600 2149 II.
621 2108 714 2150 448.
745 2112 940 2160 corrupta
961 2107 1155 2159 sortasse,
1186 2110 1297 2148 certe
1321 2108 1489 2149 novitia.
1548 2110 1633 2150 Ve-

154 2186 242 2216 rum
271 2186 323 2215 ne
361 2185 497 2216 sermo
536 2175 578 2215 in
606 2174 749 2216 eodem
779 2174 874 2215 loeo
907 2173 1057 2214 diutius
1086 2183 1205 2224 quam
1233 2173 1336 2213 satis
1364 2177 1429 2214 est
1451 2174 1633 2229 haereat,

154 2251 262 2282 nunc
291 2240 342 2282 ad
373 2240 577 2284 vocalium
606 2241 786 2294 quintam
815 2238 1036 2292 procedam
1067 2239 1192 2280 dilata
1221 2238 1273 2279 ob
1293 2242 1446 2280 certam
1467 2251 1635 2284 causam

156 2310 313 2361 quarta.

249 2490 307 2534 14)
342 2490 507 2534 Exceptis
531 2491 645 2526 latinis
672 2490 880 2534 ,ῖῐὶαξιμίλλα
912 2490 973 2523 καὶ
998 2489 1193 2536 Πρισκίλλα
1230 2489 1269 2521 αἱ
1295 2487 1640 2534 ψευδοπροφήτιδες

160 2546 250 2582 Joel.
278 2546 465 2589 Chronogr.
492 2556 526 2590 p.
557 2547 630 2582 165.
661 2550 697 2580 ut
722 2546 899 2588 Quartilla,
927 2545 1143 2588 Crispinilla,
1170 2544 1330 2587 Petrina,
1356 2543 1530 2579 Orestilla.
1579 2545 1639 2580 SIc

163 2605 199 2637 et
232 2602 377 2636 camella
409 2611 536 2644 graece
570 2602 730 2636 scribitur
763 2601 924 2645 καμὲλλα
960 2603 1106 2635 accentu
1140 2609 1280 2634 romano
1313 2602 1381 2635 etc.
1418 2600 1639 2635 Grammatici

161 2659 277 2692 tamen
302 2657 499 2701 praeferunt
517 2668 682 2702 graecum
701 2657 908 2702 Πρίσκιλλα,
935 2654 1181 2690 Φαλκώνελλα
1198 2658 1236 2690 ut
1254 2654 1375 2694 ἄελλα,
1404 2655 1551 2699 σίβυλλα
1571 2657 1638 2692 etc.

161 2711 236 2748 EM.
270 2712 321 2755 19,
346 2712 400 2748 50.
