1699 3021
282 150 348 191 DF.
380 146 669 192 NOMINIBUS
700 146 752 187 IN
782 151 808 187 ῦ
836 145 1182 191 EXEUNTIBUS.
1235 150 1276 193 C.
1297 152 1360 194 111.
1477 157 1553 200 191

84 272 172 302 mas
209 263 278 300 aut
315 270 399 299 non
423 259 521 310 legit
555 258 718 298 omnino
750 260 819 297 aut
849 257 967 298 aliter
999 259 1196 310 scriptum
1225 259 1347 313 legit3
1396 263 1560 308 damnat

85 328 190 368 enim
219 322 410 375 πετεινός
441 335 517 365 neo
548 324 650 365 satis
676 322 880 374 probasse
898 322 1057 363 videtur
1075 323 1332 367 Herodianus
1354 327 1439 370 EM.
1464 330 1557 386 666,

83 392 148 434 38.
187 392 294 432 πετῶ
331 387 491 431 πετιὲσω
532 386 672 442 πτησω
709 386 866 440 πτηνόν
902 386 972 428 καὶ,
1010 386 1187 441 πετηνόν
1224 387 1280 438 ὦς
1321 391 1557 446 ῥηματικόν.

90 454 289 504 Ταπεινός
310 455 414 496 unde
436 456 671 506 effloruerit‚
691 453 820 494 adhuc
845 454 1168 507 inexploratum;
1191 461 1422 500 ceterorum
1441 463 1556 513 origo

85 526 211 576 patet.
274 522 542 563 substantiva
576 522 617 561 in
645 534 750 566 εινος
781 519 957 560 excludit
998 524 1115 560 vetus
1145 523 1305 563 sanctio
1334 521 1384 565 τὰ
1412 525 1558 568 δισύλ-

82 589 188 642 λαβα
225 583 293 628 διὰ
330 588 406 627 τοῦ
444 590 461 626 ῖ
500 583 699 639 γράφεται
726 585 858 636 λίνος,
901 585 1066 638 πρίνος,
1105 585 1237 638 divos,
1274 589 1416 642 βρῖνος
1446 593 1558 646 (fort

83 655 239 708 γρῖνος)
272 653 522 704 Theognost.
553 652 631 698 65,
661 652 725 692 34.
749 666 831 713 u&
845 647 896 691 τὰ
926 648 1027 704 ὑπὲρ
1057 648 1134 692 δύο
1164 652 1368 708 συλλαβάς
1397 657 1462 712 677
1494 659 1555 702 19,

83 721 183 761 Item
215 720 423 760 feminina:
472 714 522 758 τὰ
559 713 627 757 διὰ
664 718 739 758 τοῦ
771 732 836 770 (νη
865 718 1068 771 μονογενῆ
1097 715 1166 758 διὰ
1201 721 1278 761 τοῦ
1309 724 1331 761 ῖ
1358 721 1558 778 γράφεται

83 782 138 839 μὴ
169 781 251 825 ἀπὸ
281 781 473 825 ἐπιθέτου
499 780 697 835 γενόμενα
727 781 782 831 ὡς
815 781 999 837 Φωτεινή
1029 780 1076 824 τὸ
1105 781 1251 837 κύριον
1279 787 1366 830 ΕΜ.
1394 801 1432 842 p.
1462 791 1555 843 276,

83 853 149 894 50.
181 847 231 890 τὰ
202 847 326 945 Ὗδιά
350 851 425 890 τοῦ
449 865 488 889 u
491 865 517 890 α
539 845 867 902 ἀποστρέφονται
885 846 961 903 τὴν
979 864 1025 900 ει,
1055 846 1162 903 πλὴν
1181 853 1258 893 τοῦ
1280 857 1399 896 πεῖνα
1418 856 1557 899 Choe-

84 917 171 957 rob
231 916 295 969 27,
326 916 390 956 21.
420 927 512 955 nam
543 915 659 968 πείνη
690 917 866 957 ionicum
896 916 1090 967 habenu3
1135 922 1173 957 et
1203 923 1366 960 neutra:
1411 917 1462 961 τὰ
1490 919 1559 963 διὰ

81 982 159 1022 τοῦ
189 996 280 1021 ινον
303 977 644 1032 προπαροξύτονα
683 978 979 1034 ἀποστρέφεται
1008 981 1083 1034 τὴν
1113 996 1146 1022 ει
1110 972 1367 1026 —.Choer0b
1396 987 1442 1027 II.
1462 988 1556 1042 228,

82 1047 148 1090 34.
185 1048 331 1099 quibus
357 1049 519 1099 γλεῖνον
549 1051 588 1087 et
615 1048 771 1099 γλεῖνος
801 1047 1023 1088 damnatur.
1091 1049 1133 1087 Γ
1129 1048 1347 1098 αλαθεινός
1376 1064 1450 1104 pro
1479 1068 1559 1107 γα-

81 1110 266 1166 λαθηνός
304 1114 343 1153 in
374 1114 498 1153 Inscr.
528 1113 655 1153 Halic.
688 1124 725 1153 11.
764 1113 884 1154 2656.
921 1117 990 1152 aut
1028 1112 1190 1153 dialecti
1227 1115 1368 1158 vitium
1398 1123 1462 1159 est
1489 1126 1559 1162 aut

83 1178 295 1230 lapicidae.
339 1179 512 1231 Saepius
551 1183 685 1219 autem
716 1177 991 1229 diphthongus
1031 1189 1104 1229 pro
1145 1178 1230 1219 iota
1276 1181 1401 1233 longo
1450 1186 1560 1227 valet

80 1239 317 1295 Ἀγαθεῖνος
354 1254 391 1284 n.
438 1244 555 1285 1986.
587 1240 842 1294 Ἱππαρεῐνος
883 1254 919 1283 11.
961 1242 1078 1285 1986.
1116 1239 1252 1298 ἀξείνη
1280 1248 1476 1291 Artemid.
1509 1252 1554 1293 II.

83 1309 147 1350 24.
176 1313 251 1349 etc.
281 1320 316 1349 v.
342 1308 382 1349 C.
408 1309 469 1349 IV.
493 1313 530 1356 §.
555 1308 592 1349 4.
626 1313 748 1360 alque
776 1309 855 1349 hoc
885 1312 949 1348 est
979 1309 1089 1361 quod
1113 1310 1432 1355 Choeroboscus
1464 1316 1560 1358 dicit

82 1371 204 1426 χωρὶς
224 1372 257 1414 εἰ
274 1369 329 1426 μὴ
351 1369 432 1413 ἀπὸ
452 1374 714 1426 πλεονασμοῦ
733 1371 852 1426 ἔχωσι
869 1370 945 1427 τὴν
967 1374 1212 1427 δίφθογγον.
1241 1401 1296 1408 —
1325 1379 1560 1431 Diphthon-

83 1451 159 1491 gus
190 1430 238 1480 {J
266 1450 434 1492 perrara
463 1440 527 1481 vel
567 1440 606 1479 in
647 1439 862 1492 bisyllabis
891 1439 1058 1491 δεῦνος,
1097 1437 1216 1495 εὐνή,
1258 1445 1299 1484 in
1337 1450 1558 1501 paragogis

83 1506 204 1547 nulla.

690 1635 831 1676 CAP.
880 1635 954 1676 ΙΙΙ.

346 1727 420 1769 De
454 1725 718 1768 nominibus*
754 1728 804 1768 in
839 1741 975 1783 ην-
1016 1731 1310 1776 eoeeunlz‘bus.

202 1828 263 1872 Τα
301 1831 355 1879 εἰς
398 1848 450 1885 ηι
454 1848 498 1881 ος
544 1829 872 1885 ὑπερδισύλλαβα
916 1829 1101 1882 ὀξύνεται
1149 1836 1183 1877 εἰ
1225 1835 1281 1893 μὴ
1327 1840 1558 1898 παοώνυμα

86 1898 147 1951 είη
183 1895 287 1938 κατὰ
325 1896 482 1952 τροπὴν
528 1896 674 1951 γένους
713 1900 904 1952 θηλυκοῦ
942 1899 997 1947 εἰς
1041 1898 1119 1954 τὴν
1159 1917 1205 1951 ος
1240 1904 1461 1961 κατάληξιν
1496 1925 1554 1964 γε·

86 1962 237 2016 νόμενα
267 1961 292 2017 ἣ
320 1979 432 2017 παρα
468 1965 630 2017 γενικῆς
674 1960 996 2017 ἀναπεμφθέντα
1033 1964 1060 2019 ἢ
1099 1966 1213 2020 παρὰ
1251 1973 1558 2026 Συρακουσίοις

85 2026 180 2071 καθ’
201 2026 510 2084 ὃμοιωματικὴν
533 2031 757 2084 σημασίαν·
796 2029 1022 2084 Τυρσηνός,
1039 2029 1262 2088 Ἀβυόηνός
1283 2043 1359 2081 etc.
1378 2042 1472 2082 Arc.
1493 2043 1557 2084 65.

86 2097 268 2137 Duorum
308 2098 489 2149 priorum
527 2108 720 2148 generum
760 2097 946 2149 exempla
994 2101 1230 2151 suppeditat
1268 2104 1557 2158 Theognostus

87 2174 124 2215 p.
156 2162 219 2205 68.
250 2159 318 2202 διὰ
345 2164 421 2204 τοῦ
450 2164 477 2217 ἦ
506 2177 739 2216 γραφονται
767 2159 817 2202 τὰ
842 2158 923 2204 ἀπὸ
951 2167 1111 2218 γενικῆς
1139 2166 1195 2214 εἰς
1223 2165 1392 2211 εὐθεῖαν
1419 2187 1558 2224 παρα-

86 2225 237 2280 χθέντα
274 2225 303 2282 ἢ
341 2224 422 2270 ἀπὸ
459 2231 543 2270 τῶν
570 2229 625 2277 εἰς
653 2230 701 2282 ἦ,
733 2224 756 2269 ὃ
788 2226 842 2269 Γ
826 2243 990 2282 ερηνος
1030 2226 1053 2270 ὁ
1091 2233 1309 2287 Τροίζηνος
1338 2260 1391 2266 -
1414 2233 1558 2293 Ἰπήνα

75 2291 263 2347 Ἴπηνος,
304 2292 491 2348 Μυκηιη
521 2292 746 2348 Μύκηνος,
790 2293 986 2349 Κυλλήνη
1015 2294 1241 2351 Κύλληνος.
1299 2302 1387 2343 Hoc
1418 2303 1558 2347 herois

88 2372 235 2402 nornen
266 2365 330 2401 est
358 2358 550 2412 Apollon.
581 2362 608 2402 I.
642 2360 757 2402 1126.
788 2361 853 2401 vel
884 2373 907 2402 a
931 2360 1101 2416 Κυλλην
1122 2363 1345 2408 derivatum
1376 2374 1418 2410 ut
1443 2371 1560 2424 Τροί-

88 2427 158 2478 ζηί
162 2441 206 2474 ος
235 2439 269 2467 ν.
300 2425 445 2467 Parall
480 2426 568 2468 148.
601 2427 666 2467 vel
697 2438 721 2468 a
751 2428 942 2469 feminino
975 2427 1171 2483 Κυλλήνη
1208 2429 1280 2471 ut
1280 2429 1456 2487 ’Υπηνος
1483 2437 1560 2478 viri

89 2502 236 2532 nomen
264 2492 384 2532 Paus.
415 2491 460 2532 V
491 2491 529 2545 8,
559 2491 596 2534 3.
617 2488 709 2533 ab‘
690 2491 839 2548 υπήνη,
871 2506 976 2547 quae
998 2497 1162 2536 nomina
1182 2497 1264 2537 illic
1284 2499 1559 2554 restituenda3

89 2567 181 2596 nam
210 2557 404 2608 gentilicii
428 2553 622 2612 Ἱππηνός
653 2559 758 2601 alius
789 2565 985 2602 accentus
1017 2565 1092 2614 est,
1123 2561 1203 2602 alia
1233 2563 1362 2615 origo
1429 2567 1561 2618 Syra-

90 2632 285 2663 cusanam
315 2634 552 2676 paragogen
578 2625 780 2666 Arcadius
811 2625 909 2667 dicit
939 2637 1028 2667 eam
1058 2639 1138 2679 qua
1166 2629 1367 2682 τοσσῆνος
1404 2631 1561 2674 sorma-

91 2691 172 2728 tum
204 2691 293 2738 est3
331 2687 411 2730 hoo
439 2690 544 2731 enim
573 2690 677 2732 idem
708 2695 831 2733 sonat
860 2695 983 2745 atque
1012 2695 1229 2745 τοσοῦτος,
1261 2695 1372 2748 quod
1401 2697 1561 2750 Diony—
