1699 3021
314 150 381 192 DE
413 149 533 191 Mur.
566 147 773 189 TERMIN.
805 146 1003 189 CAUSIS.
1056 148 1099 190 c.
1126 149 1169 190 ιι.
1209 155 1246 197 ς.
1271 149 1331 192 13.
1487 151 1559 204 49

84 259 259 313 Περσηίς
279 258 432 301 Oceani
454 257 545 299 Sch.
565 257 695 298 Prom.
724 256 813 298 140.
842 256 989 296 Antaei
1014 251 1171 309 Ἀλκηίς
1193 257 1285 298 Sch.
1308 258 1420 300 Pind.
1438 259 1552 311 Pyth.

80 326 143 367 IX.
165 325 254 367 183.
283 328 359 365 etc.
391 323 464 364 sed
491 323 593 363 haec
624 326 757 362 tamen
786 321 912 361 multo
943 321 1066 362 latius
1097 325 1221 374 patet.
1278 323 1379 364 Nam
1404 325 1558 378 Θησηίς

80 401 244 431 carmen
273 389 430 441 dicitur,
465 387 659 440 Θυμαιτίς
687 387 828 439 vestm,
861 385 934 426 sed
968 387 1161 439 Θησεῖδαι
1190 387 1374 429 homines
1407 390 1550 430 solum.

190 475 229 519 δ.
262 470 322 511 13.
380 469 466 509 Jam
498 469 577 509 alio
610 467 784 507 transire
815 467 973 517 paranti
1004 472 1248 508 succurrunt
1285 469 1440 521 aliquot
1479 482 1554 510 so-

78 537 238 577 litariae
270 536 436 586 formae,
467 533 514 574 de
546 532 691 586 quibus
722 536 903 572 veterum
924 533 1153 572 sententiae
1172 533 1211 572 in
1232 532 1434 574 diversum
1462 539 1554 575 ten-

80 601 189 643 dunt.
249 599 506 641 Theodosius
543 598 613 638 illo
655 597 747 637 loco
790 608 907 648 quem
949 602 987 645 ς.
1021 597 1054 638 1.
1084 597 1272 651 indicavi,
1306 599 1427 639 tradit
1457 597 1554 653 ὄφις

79 677 230 707 marem
261 665 352 717 dici,
377 666 412 689 ⁵⁰
450 664 636 704 feminam
666 660 824 714 ἔχιδνα,
867 663 1062 703 Aelianus
1092 674 1190 704 vero
1220 663 1265 704 H.
1296 665 1397 705 Anu.
1438 665 1483 705 X.
1515 665 1551 706 9.

79 728 163 784 ἔχιν
202 727 357 782 ἐχίδνης
396 729 434 770 οἱ
470 725 544 781 μὲν
580 729 637 784 τῷ
676 725 781 780 γένει
817 724 1043 781 διαφέρειν,
1091 724 1142 768 οὐ
1171 724 1310 781 μέντοι
1346 730 1396 783 τῇ
1429 727 1551 783 φύσει

80 796 202 849 φασί·
246 791 319 835 τὸν
357 791 432 847 μὲν
459 790 537 846 γὰρ
566 789 671 834 εἶναι
707 791 878 845 ἅρῤενα,
917 789 995 847 τὴν
1024 791 1066 834 δὲ
1094 792 1285 848 θήλειαν,
1326 806 1430 847 quae
1461 796 1553 848 ipsa

79 861 244 902 nomina
273 861 461 911 ambigua
491 862 585 899 sunt
615 870 821 911 saepeque
842 870 924 900 non
951 871 1076 901 sexus
1101 859 1174 900 sed
1195 860 1370 913 species,
1401 865 1443 901 ut
1474 872 1551 902 an-

81 929 148 966 tea
177 924 279 978 dixi,
317 924 557 976 significant.
612 925 681 965 Sic
711 925 861 965 Strabo
890 925 970 966 XV.
1001 925 1091 966 706.
1122 930 1261 965 narrat
1292 925 1440 966 alicubi
1478 923 1552 979 ἔχι-

80 990 185 1032 δναν
213 1000 332 1030 unam
362 990 492 1029 visam
523 999 618 1029 esse
656 999 803 1029 novem
845 990 1073 1029 cubitorum
1118 989 1191 1030 sed
1236 987 1333 1042 ἔχεις
1373 988 1554 1040 πολλοὺς

80 1053 271 1102 ἐλάττους
303 1055 352 1095 cf.
383 1054 594 1107 Sprengel.
625 1053 675 1094 ad
707 1054 844 1094 Diosc.
878 1066 915 1106 p.
944 1054 1036 1095 429.
1094 1054 1247 1095 Poetae
1277 1067 1376 1096 vero
1419 1053 1443 1110 ἡ
1473 1055 1553 1110 ἔχις

81 1133 156 1175 pro
178 1118 314 1174 ἔχιδνα
337 1124 550 1173 usurpant,
579 1130 711 1170 neque
737 1120 966 1159 terminatio
994 1118 1184 1159 indicium
1210 1121 1402 1174 praebet3
1434 1134 1554 1165 nam-

82 1197 161 1240 que
198 1197 318 1227 unum
349 1185 479 1225 simile
510 1189 574 1225 est
603 1184 753 1225 herbae
786 1195 934 1225 nomen
964 1181 1116 1236 ἄραχος
1147 1189 1186 1225 et
1215 1181 1435 1239 ἆράχιδυα,
1478 1188 1553 1230 sed

79 1252 122 1294 id
151 1263 314 1305 quoque
342 1251 549 1291 nescimus
582 1249 676 1302 quid
707 1250 875 1291 differat.
932 1250 1064 1290 Latini
1102 1249 1262 1301 quidem
1293 1249 1371 1304 ἔχις
1396 1254 1436 1293 in
1468 1265 1554 1295 cm—

81 1319 176 1370 yuz’s
206 1320 427 1368 verterunt,
457 1315 562 1355 unde
594 1315 853 1355 denominata
884 1319 947 1355 est
978 1315 1154 1366 anguilla
1183 1316 1336 1367 conque
1369 1321 1554 1370 commta

82 1382 282 1424 colubrae
309 1381 448 1421 Juven.
468 1381 512 1421 V.
537 1380 624 1421 103.
655 1392 759 1432 quae
788 1392 936 1432 graece
963 1377 1120 1433 ἔγχελυς
1152 1380 1297 1422 dicitur
1327 1383 1377 1423 ab
1409 1383 1552 1425 eodem

81 1448 306 1501 primitivo,
350 1450 393 1486 ut
423 1449 593 1498 apparet
633 1457 683 1487 ex
715 1446 852 1487 fabula
881 1458 984 1498 quae
1015 1451 1078 1487 est
1111 1446 1159 1487 de
1191 1446 1342 1488 Cadmo
1376 1452 1415 1489 et
1445 1449 1553 1490 Har-

79 1513 216 1555 monia
252 1511 303 1552 ad
341 1511 621 1552 Enchelenses
663 1513 909 1552 transvectis
947 1512 1085 1564 ibique
1119 1513 1158 1552 in
1188 1523 1342 1564 angues
1374 1515 1552 1558 mutatis,

79 1579 173 1620 Non
195 1579 326 1618 minus
357 1576 580 1628 singularia
608 1576 678 1616 illa
706 1581 800 1618 sunt
830 1577 1024 1618 motionis
1055 1577 1243 1629 exempla
1269 1575 1392 1632 γέρην
1421 1575 1446 1632 ἡ
1477 1577 1553 1634 θή-

79 1646 166 1684 λεια
203 1639 373 1696 γέρανος
400 1642 487 1683 Ael.
518 1642 686 1693 Dionys.
725 1654 788 1695 ap.
817 1644 930 1683 Eust.
961 1642 1054 1695 231,
1083 1643 1148 1684 35.
1187 1643 1333 1695 χλωρίς
1369 1639 1392 1683 ὁ
1420 1645 1553 1696 θῆλυς

81 1707 206 1761 ὅρνις,
235 1704 308 1748 τὸν
337 1704 380 1747 δὲ
409 1704 561 1758 ἅῤῥενα
589 1707 803 1758 χλωρίωνα
831 1707 1002 1747 καλοῦσι
1031 1707 1187 1747 Aelian.
1210 1708 1255 1748 ΙΙ.
1278 1709 1380 1748 Aun.
1402 1709 1463 1750 IV.
1485 1710 1550 1751 47.

81 1774 318 1826 Quanquam
338 1772 443 1812 hunc
463 1771 735 1812 Sclmeiderus
761 1773 932 1823 turpiter
949 1783 1112 1812 errasse
1135 1772 1340 1813 insimulat
1365 1772 1552 1826 idemque

81 1839 160 1880 alio
198 1839 291 1878 loco
327 1838 496 1877 Plinium
528 1837 703 1888 castigat
733 1837 842 1888 quod
872 1837 1040 1889 pardum
1077 1848 1228 1877 marem
1267 1848 1361 1878 esse
1392 1837 1552 1892 dixerit,

80 1903 318 1956 pantheram
358 1903 556 1943 seminam.
625 1902 719 1942 Mihi
759 1914 856 1943 vero
896 1903 959 1942 liis
999 1903 1271 1956 temporibus,
1315 1903 1463 1954 quibus
1503 1914 1554 1945 ex

79 1968 345 2010 universitate
366 1968 503 2019 graeci
524 1968 725 2008 sermonis
747 1968 813 2007 vix
835 1967 989 2019 aliquot
1009 1967 1236 2008 tesserulae
1257 1968 1425 2009 relictae
1446 1972 1554 2022 sunt,

78 2033 321 2088 perarduum
349 2033 512 2073 videtur·
536 2037 681 2073 contra
711 2033 902 2084 antiquos
934 2032 1182 2074 contendere
1211 2034 1438 2085 scriptores
1471 2035 1555 2075 lin-

79 2110 182 2151 guae
219 2098 376 2151 patriae
407 2098 682 2139 moderandae
721 2098 910 2137 arbitros.
968 2099 1028 2137 Ac
1059 2099 1093 2138 si
1125 2098 1245 2149 vulgo
1275 2100 1483 2153 πορφυρίς
1513 2104 1553 2141 et

78 2164 324 2218 πορφυρίωυ
345 2165 475 2204 avium
495 2163 745 2205 diversarum
768 2165 878 2203 suere
897 2162 1098 2203 vocabula
1122 2164 1266 2204 Athen.
1297 2164 1388 2204 322.
1407 2165 1451 2205 E.
1483 2169 1552 2204 aut

79 2226 244 2283 ἀμπελίς
271 2233 309 2269 et
341 2224 545 2280 ἀμπελίων
573 2228 754 2280 ejusdem
784 2228 883 2269 Poll.
904 2228 1047 2269 V1.52.
1079 2227 1117 2268 id
1146 2238 1228 2268 non
1260 2228 1419 2268 obstitit
1444 2240 1553 2280 quo-

80 2297 211 2336 minus
243 2295 390 2346 aliquis
420 2294 483 2334 his
517 2294 890 2347 terminationibus,
931 2295 966 2334 si
998 2305 1096 2333 usus
1128 2294 1182 2333 ita
1212 2293 1388 2346 veniret,
1427 2305 1553 2335 sexus

79 2354 243 2401 notaret
274 2359 485 2410 diversos3
523 2360 563 2400 id
593 2359 701 2411 quod
725 2358 936 2410 Oppianus
967 2359 1102 2399 facere
1134 2362 1304 2398 coactus
1336 2362 1400 2399 est
1429 2369 1551 2411 quum

83 2426 311 2466 animalium
340 2435 501 2465 amores
530 2428 570 2465 et
599 2424 789 2475 conjiigia
819 2424 1056 2476 expiiigerct
1087 2423 1349 2475 Cyu.1.384:

170 2570 230 2612 56)
271 2569 384 2610 Θῆλυς
413 2570 498 2613 ὄφις
529 2568 661 2608 ξύουσα
694 2589 738 2594 -
770 2569 879 2603 Nonn.
905 2569 999 2603 XXV.
1027 2570 1101 2605 522.
1138 2571 1189 2604 Sic
1222 2569 1347 2604 dicitur
1380 2574 1417 2605 ut
1444 2570 1555 2612 θῆλυς

81 2623 223 2668 ἀρνειός
239 2624 397 2667 Apollon.
417 2625 479 2660 111.
499 2625 594 2661 1032.
615 2629 682 2660 etc.
705 2624 771 2658 Alii
796 2624 878 2658 illud
906 2626 1043 2665 generis
1063 2634 1187 2660 nomen
1211 2634 1289 2660 esse
1306 2625 1434 2669 volunt,
1452 2627 1557 2670 γένος

81 2678 150 2721 μὲν
176 2676 192 2711 ὁ
212 2679 307 2721 ὄφις,
334 2677 430 2715 εἶδος
450 2678 488 2712 δὲ
512 2678 530 2712 ὃ
551 2678 698 2722 δράκων
723 2680 783 2712 καὶ
803 2679 877 2722 ἔχις
896 2681 955 2711 καὶ.
981 2679 1020 2712 ιὰ
1039 2678 1145 2712 λοιπὰ
1165 2679 1281 2713 Schol.
1301 2680 1381 2714 Eur.
1403 2680 1459 2715 Or.
1476 2681 1554 2717 469·

136 2744 278 2776 vaeck.
300 2745 480 2783 l'aclaolog.
1255 2735 1279 2775 1
