<?xml version="1.0" encoding="UTF-8"?>
<!DOCTYPE html PUBLIC "-//W3C//DTD XHTML 1.0 Transitional//EN"
    "http://www.w3.org/TR/xhtml1/DTD/xhtml1-transitional.dtd">
<html xmlns="http://www.w3.org/1999/xhtml" xml:lang="en" lang="en">
 <head>
  <title>
</title>
<meta http-equiv="Content-Type" content="text/html;charset=utf-8" />
  <meta name='ocr-system' content='tesseract 3.04.00' />
  <meta name='ocr-capabilities' content='ocr_page ocr_carea ocr_par ocr_line ocrx_word'/>
</head>
<body>
  <div class='ocr_page' id='page_1' title='image "./pathologiaesermo00lobeuoft_0485.png"; bbox 0 0 1747 3005; ppageno 0'>
   <div class='ocr_carea' id='block_1_1' title="bbox 819 147 1157 159">
    <p class='ocr_par' dir='ltr' id='par_1_1' title="bbox 819 147 1157 159">
     <span class='ocr_line' id='line_1_1' title="bbox 819 147 1157 159; baseline 0.012 -3"><span class='ocrx_word' id='word_1_1' title='bbox 819 147 1157 159; x_wconf 79' lang='lat'>———-—-—</span> 
     </span>
    </p>
   </div>
   <div class='ocr_carea' id='block_1_2' title="bbox 81 267 1585 2624">
    <p class='ocr_par' dir='ltr' id='par_1_2' title="bbox 85 267 1585 2624">
     <span class='ocr_line' id='line_1_2' title="bbox 105 267 1585 325; baseline 0.002 -10"><span class='ocrx_word' id='word_1_2' title='bbox 105 276 212 324; x_wconf 82' lang='lat' dir='ltr'>sunt,</span> <span class='ocrx_word' id='word_1_3' title='bbox 250 272 413 313; x_wconf 89' lang='lat' dir='ltr'>nomine</span> <span class='ocrx_word' id='word_1_4' title='bbox 442 283 509 312; x_wconf 65' lang='lat' dir='ltr'>mx</span> <span class='ocrx_word' id='word_1_5' title='bbox 513 275 709 322; x_wconf 70' lang='lat' dir='ltr'>ocantur,</span> <span class='ocrx_word' id='word_1_6' title='bbox 752 281 827 322; x_wconf 89' lang='lat' dir='ltr'>pro</span> <span class='ocrx_word' id='word_1_7' title='bbox 858 267 1003 323; x_wconf 77' lang='grc' dir='ltr'><em>νησιάς</em></span> <span class='ocrx_word' id='word_1_8' title='bbox 1032 283 1130 313; x_wconf 89' lang='lat' dir='ltr'>vero</span> <span class='ocrx_word' id='word_1_9' title='bbox 1162 273 1331 325; x_wconf 82' lang='lat' dir='ltr'><strong>Dionys.</strong></span> <span class='ocrx_word' id='word_1_10' title='bbox 1356 287 1391 316; x_wconf 88' lang='lat' dir='ltr'>v.</span> <span class='ocrx_word' id='word_1_11' title='bbox 1421 275 1514 317; x_wconf 79' lang='lat'>570.</span> <span class='ocrx_word' id='word_1_12' title='bbox 1545 279 1585 317; x_wconf 85' lang='lat' dir='ltr'>et</span> 
     </span>
     <span class='ocr_line' id='line_1_3' title="bbox 102 334 1583 392; baseline 0.002 -12"><span class='ocrx_word' id='word_1_13' title='bbox 102 334 272 392; x_wconf 74' lang='grc' dir='ltr'><em>κρηνιοὲς</em></span> <span class='ocrx_word' id='word_1_14' title='bbox 300 337 418 378; x_wconf 90' lang='lat' dir='ltr'>Anth.</span> <span class='ocrx_word' id='word_1_15' title='bbox 450 337 530 377; x_wconf 83' lang='lat' dir='ltr'>VII.</span> <span class='ocrx_word' id='word_1_16' title='bbox 563 347 600 377; x_wconf 91' lang='lat' dir='ltr'>n.</span> <span class='ocrx_word' id='word_1_17' title='bbox 631 336 695 378; x_wconf 84' lang='lat'>55.</span> <span class='ocrx_word' id='word_1_18' title='bbox 734 336 974 388; x_wconf 77' lang='lat' dir='ltr'>Bernhardy</span> <span class='ocrx_word' id='word_1_19' title='bbox 1010 341 1049 377; x_wconf 90' lang='lat' dir='ltr'>et</span> <span class='ocrx_word' id='word_1_20' title='bbox 1087 338 1314 380; x_wconf 87' lang='lat' dir='ltr'>Meinekius</span> <span class='ocrx_word' id='word_1_21' title='bbox 1357 341 1397 381; x_wconf 89' lang='lat' dir='ltr'>in</span> <span class='ocrx_word' id='word_1_22' title='bbox 1427 341 1583 384; x_wconf 86' lang='lat' dir='ltr'>Delect.</span> 
     </span>
     <span class='ocr_line' id='line_1_4' title="bbox 102 401 1583 457; baseline 0.002 -12"><span class='ocrx_word' id='word_1_23' title='bbox 102 405 230 446; x_wconf 86' lang='lat' dir='ltr'>Poett.</span> <span class='ocrx_word' id='word_1_24' title='bbox 262 415 299 456; x_wconf 88' lang='lat' dir='ltr'>p.</span> <span class='ocrx_word' id='word_1_25' title='bbox 333 403 421 444; x_wconf 73' lang='lat'>159.</span> <span class='ocrx_word' id='word_1_26' title='bbox 453 401 657 453; x_wconf 77' lang='lat' dir='ltr'>bisyllaba</span> <span class='ocrx_word' id='word_1_27' title='bbox 687 401 965 455; x_wconf 81' lang='lat' dir='ltr'>subdiderunt,</span> <span class='ocrx_word' id='word_1_28' title='bbox 996 413 1073 443; x_wconf 86' lang='lat' dir='ltr'>nec</span> <span class='ocrx_word' id='word_1_29' title='bbox 1102 403 1224 444; x_wconf 81' lang='lat' dir='ltr'>ullam</span> <span class='ocrx_word' id='word_1_30' title='bbox 1241 405 1281 445; x_wconf 92' lang='lat' dir='ltr'>in</span> <span class='ocrx_word' id='word_1_31' title='bbox 1309 410 1461 457; x_wconf 87' lang='lat' dir='ltr'>partem</span> <span class='ocrx_word' id='word_1_32' title='bbox 1483 417 1583 447; x_wconf 86' lang='lat' dir='ltr'>sae-</span> 
     </span>
     <span class='ocr_line' id='line_1_5' title="bbox 102 467 1580 523; baseline 0.002 -13"><span class='ocrx_word' id='word_1_33' title='bbox 102 470 194 522; x_wconf 91' lang='lat' dir='ltr'>pius</span> <span class='ocrx_word' id='word_1_34' title='bbox 232 480 256 509; x_wconf 87' lang='lat' dir='ltr'>a</span> <span class='ocrx_word' id='word_1_35' title='bbox 291 468 468 509; x_wconf 90' lang='lat' dir='ltr'>librariis</span> <span class='ocrx_word' id='word_1_36' title='bbox 508 470 720 520; x_wconf 85' lang='lat' dir='ltr'>peccatum</span> <span class='ocrx_word' id='word_1_37' title='bbox 761 472 833 508; x_wconf 86' lang='lat' dir='ltr'>est.</span> <span class='ocrx_word' id='word_1_38' title='bbox 890 467 1053 508; x_wconf 83' lang='lat' dir='ltr'>Interim</span> <span class='ocrx_word' id='word_1_39' title='bbox 1085 479 1133 509; x_wconf 88' lang='lat' dir='ltr'>ea</span> <span class='ocrx_word' id='word_1_40' title='bbox 1164 481 1268 521; x_wconf 86' lang='lat' dir='ltr'>quac</span> <span class='ocrx_word' id='word_1_41' title='bbox 1300 471 1406 523; x_wconf 86' lang='lat' dir='ltr'>apud</span> <span class='ocrx_word' id='word_1_42' title='bbox 1432 475 1580 523; x_wconf 84' lang='lat' dir='ltr'>poetas</span> 
     </span>
     <span class='ocr_line' id='line_1_6' title="bbox 100 531 1578 587; baseline 0.002 -12"><span class='ocrx_word' id='word_1_43' title='bbox 100 534 300 586; x_wconf 85' lang='lat' dir='ltr'>leguntur,</span> <span class='ocrx_word' id='word_1_44' title='bbox 331 534 568 586; x_wconf 85' lang='lat' dir='ltr'>plerumque</span> <span class='ocrx_word' id='word_1_45' title='bbox 598 531 715 573; x_wconf 87' lang='lat' dir='ltr'>metri</span> <span class='ocrx_word' id='word_1_46' title='bbox 745 533 970 574; x_wconf 90' lang='lat' dir='ltr'>rationibus</span> <span class='ocrx_word' id='word_1_47' title='bbox 1002 533 1193 575; x_wconf 86' lang='lat' dir='ltr'>distincta</span> <span class='ocrx_word' id='word_1_48' title='bbox 1223 540 1340 587; x_wconf 79' lang='lat' dir='ltr'>sunt3</span> <span class='ocrx_word' id='word_1_49' title='bbox 1385 536 1447 577; x_wconf 90' lang='lat' dir='ltr'>his</span> <span class='ocrx_word' id='word_1_50' title='bbox 1479 548 1578 578; x_wconf 89' lang='lat' dir='ltr'>vero</span> 
     </span>
     <span class='ocr_line' id='line_1_7' title="bbox 99 598 1581 651; baseline 0.002 -12"><span class='ocrx_word' id='word_1_51' title='bbox 99 600 272 641; x_wconf 89' lang='lat' dir='ltr'>vinculis</span> <span class='ocrx_word' id='word_1_52' title='bbox 312 599 449 640; x_wconf 87' lang='lat' dir='ltr'>soluta</span> <span class='ocrx_word' id='word_1_53' title='bbox 485 598 742 638; x_wconf 82' lang='lat' dir='ltr'>librariorum</span> <span class='ocrx_word' id='word_1_54' title='bbox 781 609 880 639; x_wconf 86' lang='lat' dir='ltr'>aura</span> <span class='ocrx_word' id='word_1_55' title='bbox 917 598 996 640; x_wconf 91' lang='lat' dir='ltr'>huc</span> <span class='ocrx_word' id='word_1_56' title='bbox 1033 599 1130 640; x_wconf 90' lang='lat' dir='ltr'>illuc</span> <span class='ocrx_word' id='word_1_57' title='bbox 1153 602 1365 651; x_wconf 86' lang='lat' dir='ltr'>jactantur</span> <span class='ocrx_word' id='word_1_58' title='bbox 1392 606 1436 642; x_wconf 88' lang='lat' dir='ltr'>ut</span> <span class='ocrx_word' id='word_1_59' title='bbox 1470 603 1581 642; x_wconf 87' lang='grc' dir='ltr'><em>Φαι-</em></span> 
     </span>
     <span class='ocr_line' id='line_1_8' title="bbox 99 660 1582 721; baseline 0.001 -16"><span class='ocrx_word' id='word_1_60' title='bbox 99 665 183 712; x_wconf 80' lang='grc' dir='ltr'><strong><em>στίς</em></strong></span> <span class='ocrx_word' id='word_1_61' title='bbox 212 668 251 705; x_wconf 77' lang='lat' dir='ltr'>et</span> <span class='ocrx_word' id='word_1_62' title='bbox 287 660 485 710; x_wconf 70' lang='grc' dir='ltr'><em>Φαιστιάς</em></span> <span class='ocrx_word' id='word_1_63' title='bbox 513 676 549 705; x_wconf 81' lang='lat' dir='ltr'>V.</span> <span class='ocrx_word' id='word_1_64' title='bbox 579 664 736 714; x_wconf 81' lang='lat' dir='ltr'>Menag.</span> <span class='ocrx_word' id='word_1_65' title='bbox 767 663 817 704; x_wconf 83' lang='lat' dir='ltr'>ad</span> <span class='ocrx_word' id='word_1_66' title='bbox 847 664 964 716; x_wconf 83' lang='lat' dir='ltr'>Diog.</span> <span class='ocrx_word' id='word_1_67' title='bbox 994 664 1038 706; x_wconf 87' lang='lat' dir='ltr'>V.</span> <span class='ocrx_word' id='word_1_68' title='bbox 1069 664 1103 707; x_wconf 86' lang='lat'>1.</span> <span class='ocrx_word' id='word_1_69' title='bbox 1139 666 1292 718; x_wconf 78' lang='grc' dir='ltr'><em>Θεωρίς</em></span> <span class='ocrx_word' id='word_1_70' title='bbox 1323 670 1363 708; x_wconf 78' lang='lat' dir='ltr'>et</span> <span class='ocrx_word' id='word_1_71' title='bbox 1398 664 1582 721; x_wconf 77' lang='grc' dir='ltr'><em>Θεωριάς</em></span> 
     </span>
     <span class='ocr_line' id='line_1_9' title="bbox 99 724 1580 787; baseline 0.003 -17"><span class='ocrx_word' id='word_1_72' title='bbox 99 742 135 770; x_wconf 82' lang='lat' dir='ltr'>v.</span> <span class='ocrx_word' id='word_1_73' title='bbox 167 729 367 781; x_wconf 84' lang='lat' dir='ltr'>Aglaoph.</span> <span class='ocrx_word' id='word_1_74' title='bbox 398 741 434 781; x_wconf 85' lang='lat' dir='ltr'>p.</span> <span class='ocrx_word' id='word_1_75' title='bbox 465 728 556 770; x_wconf 91' lang='grc'><strong>666.</strong></span> <span class='ocrx_word' id='word_1_76' title='bbox 581 724 781 781; x_wconf 77' lang='grc' dir='ltr'><em>Ὀδρυσίς</em></span> <span class='ocrx_word' id='word_1_77' title='bbox 810 732 848 771; x_wconf 87' lang='lat' dir='ltr'>et</span> <span class='ocrx_word' id='word_1_78' title='bbox 874 724 1096 780; x_wconf 80' lang='grc' dir='ltr'><em>Ὀδρυσιάς</em></span> <span class='ocrx_word' id='word_1_79' title='bbox 1125 730 1244 773; x_wconf 89' lang='lat' dir='ltr'>Paus.</span> <span class='ocrx_word' id='word_1_80' title='bbox 1277 732 1303 774; x_wconf 92' lang='lat' dir='ltr'>I.</span> <span class='ocrx_word' id='word_1_81' title='bbox 1336 733 1399 787; x_wconf 88' lang='lat'>10,</span> <span class='ocrx_word' id='word_1_82' title='bbox 1429 733 1467 776; x_wconf 86' lang='lat'>5.</span> <span class='ocrx_word' id='word_1_83' title='bbox 1502 735 1580 774; x_wconf 86' lang='grc' dir='ltr'>Βι-</span> 
     </span>
     <span class='ocr_line' id='line_1_10' title="bbox 97 789 1580 849; baseline 0.005 -14"><span class='ocrx_word' id='word_1_84' title='bbox 97 795 183 848; x_wconf 81' lang='grc' dir='ltr'><em>βλίς</em></span> <span class='ocrx_word' id='word_1_85' title='bbox 213 791 381 846; x_wconf 78' lang='grc' dir='ltr'><em>Βιβλιάς</em></span> <span class='ocrx_word' id='word_1_86' title='bbox 412 794 491 834; x_wconf 90' lang='lat' dir='ltr'>VII.</span> <span class='ocrx_word' id='word_1_87' title='bbox 519 793 583 846; x_wconf 81' lang='grc'>24,</span> <span class='ocrx_word' id='word_1_88' title='bbox 604 793 642 834; x_wconf 83' lang='grc'><strong>4.</strong></span> <span class='ocrx_word' id='word_1_89' title='bbox 674 789 948 845; x_wconf 78' lang='grc' dir='ltr'><em>Εὐρυπωντίς</em></span> <span class='ocrx_word' id='word_1_90' title='bbox 970 791 1276 848; x_wconf 75' lang='grc' dir='ltr'><em>Εὐρυπωντιάς</em></span> <span class='ocrx_word' id='word_1_91' title='bbox 1296 798 1361 839; x_wconf 92' lang='grc' dir='ltr'><strong>ΙΙΙ.</strong></span> <span class='ocrx_word' id='word_1_92' title='bbox 1384 798 1448 841; x_wconf 85' lang='grc'><strong>25.</strong></span> <span class='ocrx_word' id='word_1_93' title='bbox 1472 795 1580 849; x_wconf 67' lang='lat' dir='ltr'>‘Aug</span> 
     </span>
     <span class='ocr_line' id='line_1_11' title="bbox 91 856 1580 917; baseline 0.004 -17"><span class='ocrx_word' id='word_1_94' title='bbox 91 856 226 907; x_wconf 79' lang='grc' dir='ltr'><em>Ἆλιάς</em></span> <span class='ocrx_word' id='word_1_95' title='bbox 257 860 379 900; x_wconf 87' lang='lat' dir='ltr'>Thuc.</span> <span class='ocrx_word' id='word_1_96' title='bbox 409 859 471 900; x_wconf 89' lang='lat' dir='ltr'>IV.</span> <span class='ocrx_word' id='word_1_97' title='bbox 501 859 566 900; x_wconf 94' lang='grc'><strong>45.</strong></span> <span class='ocrx_word' id='word_1_98' title='bbox 598 860 710 910; x_wconf 88' lang='lat' dir='ltr'>regio</span> <span class='ocrx_word' id='word_1_99' title='bbox 735 860 941 911; x_wconf 84' lang='lat' dir='ltr'>Argolidis</span> <span class='ocrx_word' id='word_1_100' title='bbox 967 863 1180 917; x_wconf 79' lang='lat' dir='ltr'>maritima,</span> <span class='ocrx_word' id='word_1_101' title='bbox 1211 875 1316 916; x_wconf 86' lang='lat' dir='ltr'>quae</span> <span class='ocrx_word' id='word_1_102' title='bbox 1346 864 1442 905; x_wconf 80' lang='lat' dir='ltr'>alibi</span> <span class='ocrx_word' id='word_1_103' title='bbox 1464 861 1580 907; x_wconf 77' lang='grc' dir='ltr'>Ἁλία</span> 
     </span>
     <span class='ocr_line' id='line_1_12' title="bbox 98 921 1578 984; baseline 0.005 -18"><span class='ocrx_word' id='word_1_104' title='bbox 98 926 244 967; x_wconf 88' lang='lat' dir='ltr'>dicitur</span> <span class='ocrx_word' id='word_1_105' title='bbox 274 930 313 966; x_wconf 90' lang='lat' dir='ltr'>et</span> <span class='ocrx_word' id='word_1_106' title='bbox 336 921 488 978; x_wconf 68' lang='grc' dir='ltr'>Ἆλική.</span> <span class='ocrx_word' id='word_1_107' title='bbox 544 925 686 976; x_wconf 88' lang='lat' dir='ltr'>Neque</span> <span class='ocrx_word' id='word_1_108' title='bbox 725 930 793 966; x_wconf 88' lang='lat' dir='ltr'>aut</span> <span class='ocrx_word' id='word_1_109' title='bbox 829 930 944 966; x_wconf 82' lang='lat' dir='ltr'>aetas</span> <span class='ocrx_word' id='word_1_110' title='bbox 976 928 1224 980; x_wconf 85' lang='lat' dir='ltr'>scriptorum</span> <span class='ocrx_word' id='word_1_111' title='bbox 1254 941 1436 971; x_wconf 87' lang='lat' dir='ltr'>normam</span> <span class='ocrx_word' id='word_1_112' title='bbox 1461 932 1578 984; x_wconf 84' lang='lat' dir='ltr'>judi-</span> 
     </span>
     <span class='ocr_line' id='line_1_13' title="bbox 96 991 1573 1045; baseline 0.005 -13"><span class='ocrx_word' id='word_1_113' title='bbox 96 991 214 1033; x_wconf 86' lang='lat' dir='ltr'>candi</span> <span class='ocrx_word' id='word_1_114' title='bbox 252 991 422 1044; x_wconf 82' lang='lat' dir='ltr'>praebet</span> <span class='ocrx_word' id='word_1_115' title='bbox 462 994 528 1031; x_wconf 84' lang='lat' dir='ltr'>aut</span> <span class='ocrx_word' id='word_1_116' title='bbox 563 1001 692 1042; x_wconf 86' lang='lat' dir='ltr'>genus</span> <span class='ocrx_word' id='word_1_117' title='bbox 732 991 950 1032; x_wconf 88' lang='lat' dir='ltr'>scribendi.</span> <span class='ocrx_word' id='word_1_118' title='bbox 1011 992 1194 1045; x_wconf 77' lang='lat' dir='ltr'><strong>Namque</strong></span> <span class='ocrx_word' id='word_1_119' title='bbox 1225 996 1417 1043; x_wconf 80' lang='grc' dir='ltr'><em>Λακωνίς</em></span> <span class='ocrx_word' id='word_1_120' title='bbox 1446 997 1573 1040; x_wconf 90' lang='lat' dir='ltr'>multo</span> 
     </span>
     <span class='ocr_line' id='line_1_14' title="bbox 95 1053 1575 1112; baseline 0.003 -14"><span class='ocrx_word' id='word_1_121' title='bbox 95 1057 300 1109; x_wconf 83' lang='lat' dir='ltr'>antiquius</span> <span class='ocrx_word' id='word_1_122' title='bbox 340 1061 404 1098; x_wconf 87' lang='lat' dir='ltr'>cst</span> <span class='ocrx_word' id='word_1_123' title='bbox 442 1068 562 1109; x_wconf 88' lang='lat' dir='ltr'>quam</span> <span class='ocrx_word' id='word_1_124' title='bbox 594 1053 814 1104; x_wconf 77' lang='grc' dir='ltr'>Λακωυιάς</span> <span class='ocrx_word' id='word_1_125' title='bbox 852 1057 924 1098; x_wconf 87' lang='lat' dir='ltr'>sed</span> <span class='ocrx_word' id='word_1_126' title='bbox 953 1056 1167 1110; x_wconf 74' lang='grc' dir='ltr'><em>λειμωνιάς</em></span> <span class='ocrx_word' id='word_1_127' title='bbox 1197 1061 1310 1111; x_wconf 91' lang='lat' dir='ltr'>prius</span> <span class='ocrx_word' id='word_1_128' title='bbox 1342 1072 1462 1112; x_wconf 88' lang='lat' dir='ltr'>quam</span> <span class='ocrx_word' id='word_1_129' title='bbox 1490 1064 1575 1103; x_wconf 80' lang='grc' dir='ltr'><em>λει-</em></span> 
     </span>
     <span class='ocr_line' id='line_1_15' title="bbox 92 1121 1575 1179; baseline 0.004 -17"><span class='ocrx_word' id='word_1_130' title='bbox 92 1124 221 1176; x_wconf 81' lang='grc' dir='ltr'><strong><em>μωυίς</em></strong></span> <span class='ocrx_word' id='word_1_131' title='bbox 251 1147 303 1152; x_wconf 90' lang='grc'>-</span> <span class='ocrx_word' id='word_1_132' title='bbox 331 1121 505 1169; x_wconf 80' lang='grc' dir='ltr'><em>παιωνίς</em></span> <span class='ocrx_word' id='word_1_133' title='bbox 530 1122 680 1163; x_wconf 79' lang='lat' dir='ltr'>Sextus</span> <span class='ocrx_word' id='word_1_134' title='bbox 711 1123 923 1175; x_wconf 82' lang='lat' dir='ltr'>usurpavit</span> <span class='ocrx_word' id='word_1_135' title='bbox 942 1134 976 1163; x_wconf 88' lang='lat' dir='ltr'>c.</span> <span class='ocrx_word' id='word_1_136' title='bbox 999 1123 1169 1165; x_wconf 84' lang='lat' dir='ltr'>Gramm.</span> <span class='ocrx_word' id='word_1_137' title='bbox 1192 1125 1305 1179; x_wconf 77' lang='lat'>§.51‚</span> <span class='ocrx_word' id='word_1_138' title='bbox 1326 1125 1417 1167; x_wconf 78' lang='grc'><strong>227.</strong></span> <span class='ocrx_word' id='word_1_139' title='bbox 1437 1141 1575 1168; x_wconf 83' lang='grc' dir='ltr'><em>παιω-</em></span> 
     </span>
     <span class='ocr_line' id='line_1_16' title="bbox 92 1183 1576 1248; baseline 0.004 -19"><span class='ocrx_word' id='word_1_140' title='bbox 92 1185 184 1236; x_wconf 81' lang='grc' dir='ltr'><em>νιάς</em></span> <span class='ocrx_word' id='word_1_141' title='bbox 219 1189 418 1240; x_wconf 76' lang='lat' dir='ltr'>Agathias</span> <span class='ocrx_word' id='word_1_142' title='bbox 447 1188 568 1229; x_wconf 83' lang='lat' dir='ltr'>Anth.</span> <span class='ocrx_word' id='word_1_143' title='bbox 607 1187 672 1228; x_wconf 90' lang='lat' dir='ltr'>XI.</span> <span class='ocrx_word' id='word_1_144' title='bbox 702 1187 795 1229; x_wconf 82' lang='grc'><strong>382.</strong></span> <span class='ocrx_word' id='word_1_145' title='bbox 824 1183 1082 1240; x_wconf 78' lang='grc' dir='ltr'><em>Ἀχερουσιάς</em></span> <span class='ocrx_word' id='word_1_146' title='bbox 1119 1189 1329 1232; x_wconf 77' lang='lat' dir='ltr'>historicis</span> <span class='ocrx_word' id='word_1_147' title='bbox 1369 1193 1576 1248; x_wconf 87' lang='lat' dir='ltr'>usitatum,</span> 
     </span>
     <span class='ocr_line' id='line_1_17' title="bbox 87 1250 1576 1311; baseline 0.003 -16"><span class='ocrx_word' id='word_1_148' title='bbox 87 1250 316 1307; x_wconf 75' lang='grc' dir='ltr'><em>Ἀχερουσίς</em></span> <span class='ocrx_word' id='word_1_149' title='bbox 346 1255 495 1307; x_wconf 81' lang='lat' dir='ltr'>poetis,</span> <span class='ocrx_word' id='word_1_150' title='bbox 526 1254 600 1295; x_wconf 85' lang='lat' dir='ltr'>sed</span> <span class='ocrx_word' id='word_1_151' title='bbox 641 1253 822 1304; x_wconf 74' lang='grc' dir='ltr'><strong><em>Πελωρίς</em></strong></span> <span class='ocrx_word' id='word_1_152' title='bbox 861 1253 1118 1305; x_wconf 81' lang='lat' dir='ltr'>Thucydides</span> <span class='ocrx_word' id='word_1_153' title='bbox 1151 1256 1320 1309; x_wconf 79' lang='lat' dir='ltr'>optavit,</span> <span class='ocrx_word' id='word_1_154' title='bbox 1363 1257 1576 1311; x_wconf 75' lang='grc' dir='ltr'><em>Πελωριάς</em></span> 
     </span>
     <span class='ocr_line' id='line_1_18' title="bbox 91 1318 1574 1371; baseline 0.005 -11"><span class='ocrx_word' id='word_1_155' title='bbox 91 1320 287 1371; x_wconf 77' lang='lat' dir='ltr'>Polybius</span> <span class='ocrx_word' id='word_1_156' title='bbox 327 1324 367 1360; x_wconf 86' lang='lat' dir='ltr'>et</span> <span class='ocrx_word' id='word_1_157' title='bbox 402 1321 470 1371; x_wconf 87' lang='lat' dir='ltr'>qui</span> <span class='ocrx_word' id='word_1_158' title='bbox 508 1320 628 1371; x_wconf 88' lang='lat' dir='ltr'>hujus</span> <span class='ocrx_word' id='word_1_159' title='bbox 669 1318 792 1358; x_wconf 85' lang='lat' dir='ltr'>aetati</span> <span class='ocrx_word' id='word_1_160' title='bbox 830 1318 1037 1369; x_wconf 79' lang='lat' dir='ltr'>subjuncti</span> <span class='ocrx_word' id='word_1_161' title='bbox 1068 1323 1163 1359; x_wconf 89' lang='lat' dir='ltr'>sunt</span> <span class='ocrx_word' id='word_1_162' title='bbox 1194 1332 1230 1361; x_wconf 90' lang='lat' dir='ltr'>v.</span> <span class='ocrx_word' id='word_1_163' title='bbox 1263 1321 1488 1366; x_wconf 84' lang='lat' dir='ltr'>Tzschuck.</span> <span class='ocrx_word' id='word_1_164' title='bbox 1522 1326 1574 1367; x_wconf 88' lang='lat' dir='ltr'>ad</span> 
     </span>
     <span class='ocr_line' id='line_1_19' title="bbox 90 1380 1575 1441; baseline 0.002 -14"><span class='ocrx_word' id='word_1_165' title='bbox 90 1385 184 1427; x_wconf 83' lang='lat' dir='ltr'>Mel.</span> <span class='ocrx_word' id='word_1_166' title='bbox 222 1385 269 1427; x_wconf 92' lang='lat' dir='ltr'>II.</span> <span class='ocrx_word' id='word_1_167' title='bbox 299 1385 336 1426; x_wconf 80' lang='lat'>7.</span> <span class='ocrx_word' id='word_1_168' title='bbox 373 1384 416 1426; x_wconf 90' lang='grc' dir='ltr'>Ρ.</span> <span class='ocrx_word' id='word_1_169' title='bbox 447 1384 492 1425; x_wconf 93' lang='grc' dir='ltr'><strong>ΙΙ.</strong></span> <span class='ocrx_word' id='word_1_170' title='bbox 525 1383 617 1425; x_wconf 87' lang='grc'><strong>564.</strong></span> <span class='ocrx_word' id='word_1_171' title='bbox 651 1394 712 1435; x_wconf 87' lang='lat' dir='ltr'>sq.</span> <span class='ocrx_word' id='word_1_172' title='bbox 750 1382 908 1430; x_wconf 76' lang='grc' dir='ltr'><em>Σουσίς</em></span> <span class='ocrx_word' id='word_1_173' title='bbox 948 1386 987 1424; x_wconf 87' lang='lat' dir='ltr'>et</span> <span class='ocrx_word' id='word_1_174' title='bbox 1020 1380 1208 1431; x_wconf 78' lang='grc' dir='ltr'><em>Σουσιάς</em></span> <span class='ocrx_word' id='word_1_175' title='bbox 1237 1385 1483 1441; x_wconf 88' lang='lat' dir='ltr'>Wesseling.</span> <span class='ocrx_word' id='word_1_176' title='bbox 1524 1391 1575 1432; x_wconf 85' lang='lat' dir='ltr'>ad</span> 
     </span>
     <span class='ocr_line' id='line_1_20' title="bbox 90 1447 1574 1497; baseline -0.003 -5"><span class='ocrx_word' id='word_1_177' title='bbox 90 1450 208 1492; x_wconf 87' lang='lat' dir='ltr'>Diod.</span> <span class='ocrx_word' id='word_1_178' title='bbox 238 1450 356 1492; x_wconf 89' lang='lat' dir='ltr'>XVII.</span> <span class='ocrx_word' id='word_1_179' title='bbox 383 1449 448 1492; x_wconf 80' lang='grc'><strong>68.</strong></span> <span class='ocrx_word' id='word_1_180' title='bbox 491 1449 655 1497; x_wconf 75' lang='grc' dir='ltr'><strong><em>Σκυθίς</em></strong></span> <span class='ocrx_word' id='word_1_181' title='bbox 684 1461 719 1491; x_wconf 91' lang='lat' dir='ltr'>v.</span> <span class='ocrx_word' id='word_1_182' title='bbox 749 1447 852 1489; x_wconf 90' lang='lat' dir='ltr'>Adn.</span> <span class='ocrx_word' id='word_1_183' title='bbox 885 1447 935 1489; x_wconf 87' lang='lat' dir='ltr'>ad</span> <span class='ocrx_word' id='word_1_184' title='bbox 963 1448 1109 1490; x_wconf 88' lang='lat' dir='ltr'>Buttm.</span> <span class='ocrx_word' id='word_1_185' title='bbox 1139 1450 1184 1490; x_wconf 89' lang='lat' dir='ltr'>Il.</span> <span class='ocrx_word' id='word_1_186' title='bbox 1215 1449 1308 1492; x_wconf 83' lang='lat'>425.</span> <span class='ocrx_word' id='word_1_187' title='bbox 1326 1452 1362 1477; x_wconf 77' lang='lat'>⁵⁵</span> <span class='ocrx_word' id='word_1_188' title='bbox 1393 1457 1432 1495; x_wconf 85' lang='lat' dir='ltr'>et</span> <span class='ocrx_word' id='word_1_189' title='bbox 1462 1458 1574 1497; x_wconf 78' lang='grc' dir='ltr'>Σκυ-</span> 
     </span>
     <span class='ocr_line' id='line_1_21' title="bbox 89 1509 1573 1568; baseline -0.001 -12"><span class='ocrx_word' id='word_1_190' title='bbox 89 1513 186 1564; x_wconf 78' lang='grc' dir='ltr'><em>θιάς</em></span> <span class='ocrx_word' id='word_1_191' title='bbox 211 1516 405 1568; x_wconf 77' lang='lat' dir='ltr'>Polyaen.</span> <span class='ocrx_word' id='word_1_192' title='bbox 437 1516 517 1558; x_wconf 84' lang='lat' dir='ltr'>Vll.</span> <span class='ocrx_word' id='word_1_193' title='bbox 549 1516 614 1556; x_wconf 82' lang='grc'><strong>44.</strong></span> <span class='ocrx_word' id='word_1_194' title='bbox 650 1515 701 1568; x_wconf 74' lang='grc' dir='ltr'>γῆ</span> <span class='ocrx_word' id='word_1_195' title='bbox 728 1510 902 1566; x_wconf 75' lang='grc' dir='ltr'><em>Ἐρετρίς</em></span> <span class='ocrx_word' id='word_1_196' title='bbox 932 1517 971 1554; x_wconf 88' lang='lat' dir='ltr'>et</span> <span class='ocrx_word' id='word_1_197' title='bbox 998 1509 1203 1567; x_wconf 66' lang='grc' dir='ltr'>Ἐρετριᾶς</span> <span class='ocrx_word' id='word_1_198' title='bbox 1231 1516 1272 1556; x_wconf 90' lang='lat' dir='ltr'>in</span> <span class='ocrx_word' id='word_1_199' title='bbox 1302 1528 1382 1559; x_wconf 87' lang='lat' dir='ltr'>una</span> <span class='ocrx_word' id='word_1_200' title='bbox 1413 1521 1573 1564; x_wconf 80' lang='lat' dir='ltr'>eadem-</span> 
     </span>
     <span class='ocr_line' id='line_1_22' title="bbox 91 1579 1571 1636; baseline 0.004 -14"><span class='ocrx_word' id='word_1_201' title='bbox 91 1593 170 1634; x_wconf 86' lang='lat' dir='ltr'>que</span> <span class='ocrx_word' id='word_1_202' title='bbox 200 1582 350 1633; x_wconf 81' lang='lat' dir='ltr'>pagina</span> <span class='ocrx_word' id='word_1_203' title='bbox 379 1582 573 1634; x_wconf 82' lang='lat' dir='ltr'>Hippocr.</span> <span class='ocrx_word' id='word_1_204' title='bbox 614 1581 662 1621; x_wconf 89' lang='lat' dir='ltr'>de</span> <span class='ocrx_word' id='word_1_205' title='bbox 692 1581 822 1621; x_wconf 89' lang='lat' dir='ltr'>Morb.</span> <span class='ocrx_word' id='word_1_206' title='bbox 853 1580 916 1620; x_wconf 89' lang='lat'>111.</span> <span class='ocrx_word' id='word_1_207' title='bbox 946 1579 1040 1620; x_wconf 82' lang='grc'><strong>319.</strong></span> <span class='ocrx_word' id='word_1_208' title='bbox 1074 1581 1115 1622; x_wconf 87' lang='lat' dir='ltr'>T.</span> <span class='ocrx_word' id='word_1_209' title='bbox 1146 1582 1192 1622; x_wconf 92' lang='lat' dir='ltr'>II.</span> <span class='ocrx_word' id='word_1_210' title='bbox 1232 1582 1286 1635; x_wconf 80' lang='grc' dir='ltr'>γῆ</span> <span class='ocrx_word' id='word_1_211' title='bbox 1316 1583 1484 1636; x_wconf 78' lang='grc' dir='ltr'><em>Μηλιάς</em></span> <span class='ocrx_word' id='word_1_212' title='bbox 1522 1588 1571 1629; x_wconf 88' lang='lat' dir='ltr'>de</span> 
     </span>
     <span class='ocr_line' id='line_1_23' title="bbox 89 1645 1573 1697; baseline 0.003 -8"><span class='ocrx_word' id='word_1_213' title='bbox 89 1647 222 1689; x_wconf 88' lang='lat' dir='ltr'>Ulcer.</span> <span class='ocrx_word' id='word_1_214' title='bbox 252 1646 345 1687; x_wconf 78' lang='lat'>319.</span> <span class='ocrx_word' id='word_1_215' title='bbox 377 1647 418 1687; x_wconf 91' lang='grc' dir='ltr'><strong>Τ.</strong></span> <span class='ocrx_word' id='word_1_216' title='bbox 450 1648 514 1688; x_wconf 90' lang='lat' dir='ltr'>III.</span> <span class='ocrx_word' id='word_1_217' title='bbox 547 1652 587 1688; x_wconf 87' lang='lat' dir='ltr'>et</span> <span class='ocrx_word' id='word_1_218' title='bbox 619 1646 822 1697; x_wconf 86' lang='lat' dir='ltr'>Theophr.</span> <span class='ocrx_word' id='word_1_219' title='bbox 862 1645 914 1697; x_wconf 77' lang='grc' dir='ltr'>γῆ</span> <span class='ocrx_word' id='word_1_220' title='bbox 944 1645 1084 1697; x_wconf 79' lang='grc' dir='ltr'><em>Μηλίς</em></span> <span class='ocrx_word' id='word_1_221' title='bbox 1112 1646 1314 1689; x_wconf 83' lang='lat' dir='ltr'>Plutarch.</span> <span class='ocrx_word' id='word_1_222' title='bbox 1367 1649 1573 1694; x_wconf 87' lang='lat' dir='ltr'>Nonnulla</span> 
     </span>
     <span class='ocr_line' id='line_1_24' title="bbox 89 1710 1570 1791; baseline 0.003 -37"><span class='ocrx_word' id='word_1_223' title='bbox 89 1714 209 1754; x_wconf 88' lang='lat' dir='ltr'>unius</span> <span class='ocrx_word' id='word_1_224' title='bbox 241 1713 396 1752; x_wconf 81' lang='lat' dir='ltr'>formae</span> <span class='ocrx_word' id='word_1_225' title='bbox 427 1712 545 1764; x_wconf 88' lang='lat' dir='ltr'>quasi</span> <span class='ocrx_word' id='word_1_226' title='bbox 574 1711 747 1752; x_wconf 87' lang='lat' dir='ltr'>vinculis</span> <span class='ocrx_word' id='word_1_227' title='bbox 778 1710 971 1751; x_wconf 84' lang='lat' dir='ltr'>adstricta</span> <span class='ocrx_word' id='word_1_228' title='bbox 1002 1714 1096 1750; x_wconf 85' lang='lat' dir='ltr'>sunt</span> <span class='ocrx_word' id='word_1_229' title='bbox 1127 1714 1371 1791; x_wconf 56' lang='grc' dir='ltr'><strong>111,Δελφίς,</strong></span> <span class='ocrx_word' id='word_1_230' title='bbox 1408 1717 1570 1770; x_wconf 77' lang='grc' dir='ltr'><strong><em>Περσίς,</em></strong></span> 
     </span>
     <span class='ocr_line' id='line_1_25' title="bbox 81 1773 1573 1838; baseline 0.003 -18.025"><span class='ocrx_word' id='word_1_231' title='bbox 81 1776 287 1832; x_wconf 76' lang='grc' dir='ltr'>Ελληυίς,</span> <span class='ocrx_word' id='word_1_232' title='bbox 319 1788 423 1829; x_wconf 88' lang='lat' dir='ltr'>quae</span> <span class='ocrx_word' id='word_1_233' title='bbox 452 1788 657 1829; x_wconf 87' lang='lat' dir='ltr'>nunquam</span> <span class='ocrx_word' id='word_1_234' title='bbox 687 1780 892 1829; x_wconf 87' lang='lat' dir='ltr'>crescunt,</span> <span class='ocrx_word' id='word_1_235' title='bbox 923 1773 1573 1838; x_wconf 58' lang='lat' dir='ltr'>etAiyltoig‚’01tvuntocg,&#39;Ava-</span> 
     </span>
     <span class='ocr_line' id='line_1_26' title="bbox 88 1841 1571 1894; baseline 0.003 -8"><span class='ocrx_word' id='word_1_236' title='bbox 88 1842 177 1893; x_wconf 81' lang='grc' dir='ltr'><em>τιάς</em></span> <span class='ocrx_word' id='word_1_237' title='bbox 214 1843 254 1884; x_wconf 90' lang='lat' dir='ltr'>id</span> <span class='ocrx_word' id='word_1_238' title='bbox 285 1847 349 1883; x_wconf 87' lang='lat' dir='ltr'>est</span> <span class='ocrx_word' id='word_1_239' title='bbox 378 1843 545 1892; x_wconf 83' lang='lat' dir='ltr'>Martia,</span> <span class='ocrx_word' id='word_1_240' title='bbox 591 1853 695 1894; x_wconf 84' lang='lat' dir='ltr'>quae</span> <span class='ocrx_word' id='word_1_241' title='bbox 725 1853 930 1894; x_wconf 87' lang='lat' dir='ltr'>nunquam</span> <span class='ocrx_word' id='word_1_242' title='bbox 960 1841 1216 1885; x_wconf 86' lang='lat' dir='ltr'>decrescunt.</span> <span class='ocrx_word' id='word_1_243' title='bbox 1273 1846 1385 1887; x_wconf 86' lang='lat' dir='ltr'>Haec</span> <span class='ocrx_word' id='word_1_244' title='bbox 1416 1858 1487 1889; x_wconf 90' lang='lat' dir='ltr'>cur</span> <span class='ocrx_word' id='word_1_245' title='bbox 1516 1851 1571 1891; x_wconf 85' lang='lat' dir='ltr'>ita</span> 
     </span>
     <span class='ocr_line' id='line_1_27' title="bbox 88 1906 1570 1960; baseline 0.002 -7"><span class='ocrx_word' id='word_1_246' title='bbox 88 1912 167 1953; x_wconf 82' lang='lat' dir='ltr'>fixa</span> <span class='ocrx_word' id='word_1_247' title='bbox 197 1911 278 1952; x_wconf 86' lang='lat' dir='ltr'>siut</span> <span class='ocrx_word' id='word_1_248' title='bbox 305 1919 389 1949; x_wconf 89' lang='lat' dir='ltr'>non</span> <span class='ocrx_word' id='word_1_249' title='bbox 418 1907 547 1958; x_wconf 84' lang='lat' dir='ltr'>magis</span> <span class='ocrx_word' id='word_1_250' title='bbox 578 1906 694 1947; x_wconf 82' lang='lat' dir='ltr'>reddi</span> <span class='ocrx_word' id='word_1_251' title='bbox 725 1911 865 1960; x_wconf 88' lang='lat' dir='ltr'>potest</span> <span class='ocrx_word' id='word_1_252' title='bbox 903 1919 1023 1960; x_wconf 86' lang='lat' dir='ltr'>quam</span> <span class='ocrx_word' id='word_1_253' title='bbox 1055 1920 1125 1949; x_wconf 87' lang='lat' dir='ltr'>cur</span> <span class='ocrx_word' id='word_1_254' title='bbox 1162 1910 1232 1950; x_wconf 85' lang='lat' dir='ltr'>illa</span> <span class='ocrx_word' id='word_1_255' title='bbox 1261 1911 1428 1955; x_wconf 84' lang='lat' dir='ltr'>fluitent.</span> <span class='ocrx_word' id='word_1_256' title='bbox 1488 1915 1570 1957; x_wconf 84' lang='lat' dir='ltr'>Sed</span> 
     </span>
     <span class='ocr_line' id='line_1_28' title="bbox 89 1974 1569 2030; baseline 0.002 -11"><span class='ocrx_word' id='word_1_257' title='bbox 89 1980 262 2030; x_wconf 85' lang='lat' dir='ltr'>apparet</span> <span class='ocrx_word' id='word_1_258' title='bbox 293 1978 427 2015; x_wconf 86' lang='lat' dir='ltr'>tamen</span> <span class='ocrx_word' id='word_1_259' title='bbox 456 1984 746 2025; x_wconf 84' lang='lat' dir='ltr'>nonnunquam</span> <span class='ocrx_word' id='word_1_260' title='bbox 776 1974 1013 2026; x_wconf 82' lang='lat' dir='ltr'>ampliorem</span> <span class='ocrx_word' id='word_1_261' title='bbox 1044 1975 1214 2016; x_wconf 85' lang='lat' dir='ltr'>formam</span> <span class='ocrx_word' id='word_1_262' title='bbox 1247 1988 1271 2017; x_wconf 90' lang='lat' dir='ltr'>a</span> <span class='ocrx_word' id='word_1_263' title='bbox 1300 1977 1490 2020; x_wconf 89' lang='lat' dir='ltr'>breviore</span> <span class='ocrx_word' id='word_1_264' title='bbox 1520 1992 1569 2022; x_wconf 85' lang='lat' dir='ltr'>ea</span> 
     </span>
     <span class='ocr_line' id='line_1_29' title="bbox 87 2039 1570 2098; baseline 0.002 -14"><span class='ocrx_word' id='word_1_265' title='bbox 87 2044 248 2084; x_wconf 84' lang='lat' dir='ltr'>ratione</span> <span class='ocrx_word' id='word_1_266' title='bbox 286 2039 479 2091; x_wconf 82' lang='lat' dir='ltr'>distingui</span> <span class='ocrx_word' id='word_1_267' title='bbox 518 2050 598 2091; x_wconf 87' lang='lat' dir='ltr'>qua</span> <span class='ocrx_word' id='word_1_268' title='bbox 636 2039 820 2080; x_wconf 86' lang='lat' dir='ltr'>derivata</span> <span class='ocrx_word' id='word_1_269' title='bbox 860 2051 884 2080; x_wconf 88' lang='lat' dir='ltr'>a</span> <span class='ocrx_word' id='word_1_270' title='bbox 913 2040 1125 2091; x_wconf 77' lang='lat' dir='ltr'>primitivis</span> <span class='ocrx_word' id='word_1_271' title='bbox 1156 2041 1372 2084; x_wconf 87' lang='lat' dir='ltr'>discedunt</span> <span class='ocrx_word' id='word_1_272' title='bbox 1403 2049 1446 2085; x_wconf 87' lang='lat' dir='ltr'>ut</span> <span class='ocrx_word' id='word_1_273' title='bbox 1477 2047 1570 2098; x_wconf 87' lang='lat' dir='ltr'>epi—</span> 
     </span>
     <span class='ocr_line' id='line_1_30' title="bbox 88 2101 1568 2160; baseline 0.003 -10"><span class='ocrx_word' id='word_1_274' title='bbox 88 2109 201 2150; x_wconf 77' lang='lat' dir='ltr'>theta</span> <span class='ocrx_word' id='word_1_275' title='bbox 224 2102 434 2155; x_wconf 74' lang='grc' dir='ltr'>Ἀδωνιάς,</span> <span class='ocrx_word' id='word_1_276' title='bbox 465 2101 663 2155; x_wconf 80' lang='grc' dir='ltr'><em>Δαυλιάς,</em></span> <span class='ocrx_word' id='word_1_277' title='bbox 700 2103 923 2160; x_wconf 77' lang='grc' dir='ltr'><em>Θυμβριάς,</em></span> <span class='ocrx_word' id='word_1_278' title='bbox 955 2103 1118 2159; x_wconf 80' lang='grc' dir='ltr'><em>Νησιάς</em></span> <span class='ocrx_word' id='word_1_279' title='bbox 1150 2108 1258 2149; x_wconf 85' lang='lat' dir='ltr'>Semi</span> <span class='ocrx_word' id='word_1_280' title='bbox 1288 2109 1392 2150; x_wconf 88' lang='lat' dir='ltr'>liber</span> <span class='ocrx_word' id='word_1_281' title='bbox 1420 2111 1568 2155; x_wconf 83' lang='lat' dir='ltr'>Athen.</span> 
     </span>
     <span class='ocr_line' id='line_1_31' title="bbox 85 2167 1568 2230; baseline 0.001 -15"><span class='ocrx_word' id='word_1_282' title='bbox 85 2174 151 2216; x_wconf 91' lang='lat'>111.</span> <span class='ocrx_word' id='word_1_283' title='bbox 184 2173 273 2216; x_wconf 87' lang='grc'><strong>125.</strong></span> <span class='ocrx_word' id='word_1_284' title='bbox 303 2173 348 2213; x_wconf 91' lang='lat' dir='ltr'>D.</span> <span class='ocrx_word' id='word_1_285' title='bbox 384 2167 543 2218; x_wconf 80' lang='grc' dir='ltr'><em>Φασιάς</em></span> <span class='ocrx_word' id='word_1_286' title='bbox 572 2170 808 2212; x_wconf 83' lang='lat' dir='ltr'>notabiliter</span> <span class='ocrx_word' id='word_1_287' title='bbox 839 2171 1073 2224; x_wconf 86' lang='lat' dir='ltr'>discrepant</span> <span class='ocrx_word' id='word_1_288' title='bbox 1103 2183 1127 2212; x_wconf 88' lang='lat' dir='ltr'>a</span> <span class='ocrx_word' id='word_1_289' title='bbox 1157 2173 1427 2217; x_wconf 87' lang='lat' dir='ltr'>substantivis</span> <span class='ocrx_word' id='word_1_290' title='bbox 1457 2178 1499 2218; x_wconf 90' lang='lat' dir='ltr'>in</span> <span class='ocrx_word' id='word_1_291' title='bbox 1519 2169 1568 2230; x_wconf 71' lang='lat' dir='ltr'>t},</span> 
     </span>
     <span class='ocr_line' id='line_1_32' title="bbox 86 2236 1568 2296; baseline 0.003 -16"><span class='ocrx_word' id='word_1_292' title='bbox 86 2250 163 2280; x_wconf 89' lang='lat' dir='ltr'>nec</span> <span class='ocrx_word' id='word_1_293' title='bbox 193 2239 324 2278; x_wconf 90' lang='lat' dir='ltr'>minus</span> <span class='ocrx_word' id='word_1_294' title='bbox 356 2248 404 2277; x_wconf 84' lang='lat' dir='ltr'>ea</span> <span class='ocrx_word' id='word_1_295' title='bbox 434 2247 538 2288; x_wconf 85' lang='lat' dir='ltr'>quae</span> <span class='ocrx_word' id='word_1_296' title='bbox 569 2236 949 2289; x_wconf 81' lang='lat' dir='ltr'>deuteroparagoga</span> <span class='ocrx_word' id='word_1_297' title='bbox 982 2237 1059 2278; x_wconf 85' lang='lat' dir='ltr'>dici</span> <span class='ocrx_word' id='word_1_298' title='bbox 1082 2243 1258 2290; x_wconf 87' lang='lat' dir='ltr'>possunt</span> <span class='ocrx_word' id='word_1_299' title='bbox 1288 2250 1311 2279; x_wconf 84' lang='lat' dir='ltr'>a</span> <span class='ocrx_word' id='word_1_300' title='bbox 1332 2244 1568 2296; x_wconf 83' lang='lat' dir='ltr'>prototypis</span> 
     </span>
     <span class='ocr_line' id='line_1_33' title="bbox 85 2299 1569 2358; baseline 0.003 -13"><span class='ocrx_word' id='word_1_301' title='bbox 85 2304 265 2358; x_wconf 82' lang='lat' dir='ltr'>propriis</span> <span class='ocrx_word' id='word_1_302' title='bbox 295 2308 337 2343; x_wconf 81' lang='lat' dir='ltr'>ut</span> <span class='ocrx_word' id='word_1_303' title='bbox 367 2302 547 2354; x_wconf 80' lang='grc' dir='ltr'><em>Κηφισίς</em></span> <span class='ocrx_word' id='word_1_304' title='bbox 575 2302 705 2352; x_wconf 85' lang='lat' dir='ltr'>lacus,</span> <span class='ocrx_word' id='word_1_305' title='bbox 735 2299 945 2355; x_wconf 75' lang='grc' dir='ltr'><em>Κηφισιάς</em></span> <span class='ocrx_word' id='word_1_306' title='bbox 976 2303 1105 2344; x_wconf 79' lang='lat' dir='ltr'>tribus</span> <span class='ocrx_word' id='word_1_307' title='bbox 1135 2304 1569 2358; x_wconf 74' lang='grc' dir='ltr'><strong>ν10111ἃ,κολοκυνθίς</strong></span> 
     </span>
     <span class='ocr_line' id='line_1_34' title="bbox 88 2364 1566 2435; baseline -0.001 -24"><span class='ocrx_word' id='word_1_308' title='bbox 88 2369 323 2421; x_wconf 78' lang='lat' dir='ltr'>cucurbita,</span> <span class='ocrx_word' id='word_1_309' title='bbox 371 2364 649 2418; x_wconf 75' lang='grc' dir='ltr'><em>κολοκυνθιὰς</em></span> <span class='ocrx_word' id='word_1_310' title='bbox 687 2365 849 2421; x_wconf 58' lang='lat' dir='ltr'>pomos</span> <span class='ocrx_word' id='word_1_311' title='bbox 886 2369 1007 2408; x_wconf 83' lang='lat' dir='ltr'>Anth.</span> <span class='ocrx_word' id='word_1_312' title='bbox 1038 2369 1103 2409; x_wconf 88' lang='lat' dir='ltr'>XI.</span> <span class='ocrx_word' id='word_1_313' title='bbox 1144 2369 1236 2411; x_wconf 80' lang='grc'><strong>371.</strong></span> <span class='ocrx_word' id='word_1_314' title='bbox 1276 2367 1440 2424; x_wconf 83' lang='grc' dir='ltr'><em>Κύπρις</em></span> <span class='ocrx_word' id='word_1_315' title='bbox 1479 2373 1566 2435; x_wconf 78' lang='lat' dir='ltr'>dea</span> 
     </span>
     <span class='ocr_line' id='line_1_35' title="bbox 87 2415 1566 2487; baseline 0.003 -11"><span class='ocrx_word' id='word_1_316' title='bbox 87 2432 308 2487; x_wconf 77' lang='grc' dir='ltr'><em>κυπριάδες</em></span> <span class='ocrx_word' id='word_1_317' title='bbox 335 2430 539 2486; x_wconf 79' lang='grc' dir='ltr'>φάλαγγες</span> <span class='ocrx_word' id='word_1_318' title='bbox 569 2433 728 2486; x_wconf 87' lang='lat' dir='ltr'>(omiss.</span> <span class='ocrx_word' id='word_1_319' title='bbox 758 2435 798 2474; x_wconf 93' lang='lat' dir='ltr'>in</span> <span class='ocrx_word' id='word_1_320' title='bbox 831 2434 918 2486; x_wconf 77' lang='lat' dir='ltr'>rh.)</span> <span class='ocrx_word' id='word_1_321' title='bbox 959 2434 1091 2475; x_wconf 91' lang='lat' dir='ltr'>Nonn.</span> <span class='ocrx_word' id='word_1_322' title='bbox 1121 2434 1222 2475; x_wconf 90' lang='lat' dir='ltr'>XIII.</span> <span class='ocrx_word' id='word_1_323' title='bbox 1255 2435 1348 2477; x_wconf 83' lang='lat'>432.</span> <span class='ocrx_word' id='word_1_324' title='bbox 1381 2431 1497 2486; x_wconf 77' lang='grc' dir='ltr'><em>αὖλις</em></span> <span class='ocrx_word' id='word_1_325' title='bbox 1527 2415 1566 2481; x_wconf 53' lang='lat' dir='ltr'>et,</span> 
     </span>
     <span class='ocr_line' id='line_1_36' title="bbox 87 2496 1568 2556; baseline 0.003 -14"><span class='ocrx_word' id='word_1_326' title='bbox 87 2496 277 2548; x_wconf 80' lang='grc' dir='ltr'><em>αὐλιάδες</em></span> <span class='ocrx_word' id='word_1_327' title='bbox 316 2496 518 2551; x_wconf 84' lang='grc' dir='ltr'><em>Νύμφαι,</em></span> <span class='ocrx_word' id='word_1_328' title='bbox 560 2499 702 2552; x_wconf 79' lang='grc' dir='ltr'><em>μητρίς</em></span> <span class='ocrx_word' id='word_1_329' title='bbox 741 2501 998 2541; x_wconf 81' lang='lat' dir='ltr'>substantive</span> <span class='ocrx_word' id='word_1_330' title='bbox 1036 2504 1080 2540; x_wconf 82' lang='lat' dir='ltr'>ut</span> <span class='ocrx_word' id='word_1_331' title='bbox 1108 2500 1251 2553; x_wconf 78' lang='grc' dir='ltr'><strong><em>πατρίς</em></strong></span> <span class='ocrx_word' id='word_1_332' title='bbox 1281 2505 1321 2542; x_wconf 83' lang='lat' dir='ltr'>et</span> <span class='ocrx_word' id='word_1_333' title='bbox 1351 2502 1568 2556; x_wconf 77' lang='grc' dir='ltr'><em>μητριάδες</em></span> 
     </span>
     <span class='ocr_line' id='line_1_37' title="bbox 88 2561 1567 2624; baseline 0.003 -17"><span class='ocrx_word' id='word_1_334' title='bbox 88 2562 263 2620; x_wconf 75' lang='grc' dir='ltr'><em>ἀγκάλαι</em></span> <span class='ocrx_word' id='word_1_335' title='bbox 290 2565 409 2606; x_wconf 77' lang='lat' dir='ltr'>Anth.</span> <span class='ocrx_word' id='word_1_336' title='bbox 439 2561 526 2613; x_wconf 77' lang='grc' dir='ltr'><strong><em>ἁλίς</em></strong></span> <span class='ocrx_word' id='word_1_337' title='bbox 553 2561 579 2619; x_wconf 79' lang='grc' dir='ltr'><em>ἡ</em></span> <span class='ocrx_word' id='word_1_338' title='bbox 609 2561 778 2621; x_wconf 79' lang='grc' dir='ltr'><strong><em>ἁλμυρίς</em></strong></span> <span class='ocrx_word' id='word_1_339' title='bbox 805 2566 917 2607; x_wconf 81' lang='lat' dir='ltr'>Eust.</span> <span class='ocrx_word' id='word_1_340' title='bbox 948 2570 988 2607; x_wconf 86' lang='lat' dir='ltr'>et</span> <span class='ocrx_word' id='word_1_341' title='bbox 1008 2561 1124 2614; x_wconf 77' lang='grc' dir='ltr'><em>ἁλιάς</em></span> <span class='ocrx_word' id='word_1_342' title='bbox 1142 2566 1390 2623; x_wconf 80' lang='lat' dir='ltr'>bigenerum,</span> <span class='ocrx_word' id='word_1_343' title='bbox 1417 2570 1567 2624; x_wconf 77' lang='grc' dir='ltr'><strong><em>Βακχίς</em></strong></span> 
     </span>
    </p>
   </div>
   <div class='ocr_carea' id='block_1_3' title="bbox 149 2709 1470 2809">
    <p class='ocr_par' dir='ltr' id='par_1_3' title="bbox 149 2709 1470 2809">
     <span class='ocr_line' id='line_1_38' title="bbox 149 2709 1470 2756; baseline 0.001 -10"><span class='ocrx_word' id='word_1_344' title='bbox 149 2709 152 2712; x_wconf 56' lang='lat'><strong>⁴</strong></span> <span class='ocrx_word' id='word_1_345' title='bbox 175 2711 235 2754; x_wconf 85' lang='lat'>55)</span> <span class='ocrx_word' id='word_1_346' title='bbox 262 2710 364 2747; x_wconf 82' lang='lat' dir='ltr'>Adde</span> <span class='ocrx_word' id='word_1_347' title='bbox 392 2711 626 2746; x_wconf 80' lang='lat' dir='ltr'>accusativum</span> <span class='ocrx_word' id='word_1_348' title='bbox 651 2710 819 2744; x_wconf 68' lang='grc' dir='ltr'><em>Σκυθίδα</em></span> <span class='ocrx_word' id='word_1_349' title='bbox 843 2709 962 2745; x_wconf 88' lang='lat' dir='ltr'>Schol.</span> <span class='ocrx_word' id='word_1_350' title='bbox 989 2710 1150 2756; x_wconf 89' lang='lat' dir='ltr'>Hermog.</span> <span class='ocrx_word' id='word_1_351' title='bbox 1176 2722 1210 2756; x_wconf 88' lang='lat' dir='ltr'>p.</span> <span class='ocrx_word' id='word_1_352' title='bbox 1239 2711 1314 2748; x_wconf 88' lang='lat'>113.</span> <span class='ocrx_word' id='word_1_353' title='bbox 1342 2711 1379 2746; x_wconf 88' lang='lat' dir='ltr'>T.</span> <span class='ocrx_word' id='word_1_354' title='bbox 1415 2712 1470 2747; x_wconf 89' lang='lat' dir='ltr'>IV.</span> 
     </span>
     <span class='ocr_line' id='line_1_39' title="bbox 1198 2767 1289 2809; baseline 0.011 -1"><span class='ocrx_word' id='word_1_355' title='bbox 1198 2767 1289 2809; x_wconf 70' lang='lat'>30*</span> 
     </span>
    </p>
   </div>
  </div>
 </body>
</html>
