1731 3021
151 177 216 221 90
622 173 1064 217 DISSERTATIO
1110 174 1156 216 ΙΙ.

152 281 379 334 ψοθάλλειν
396 289 550 337 ψοφεῖν
576 285 670 326 Hes.
693 280 805 337 παρὰ
823 280 870 324 τὸ
889 284 990 324 oali-o
1011 282 1262 337 παραγωγὸν
1282 281 1484 325 δαιδάλλω
1502 286 1626 325 πλεο-

153 352 298 407 νασμῷ
327 351 401 392 τοῦ
433 341 470 392 ὅ
499 351 586 392 ΕΜ.
615 350 708 403 251,
737 349 774 392 8.
817 350 882 390 vel
923 351 1061 402 potius
1100 349 1459 401 anadelasiasmo.
1522 351 1626 391 Hinc

154 418 206 460 ad
237 418 402 459 nomina
432 416 713 470 procedimus:
764 412 972 462 πάσσαλος
1009 412 1052 455 ἐκ
1088 416 1164 455 τοῦ
1201 412 1347 468 πήσσω
1383 417 1626 472 πλεονασμῷ

151 486 225 539 τῆς
262 475 317 525 (ιε-λ
339 483 542 536 συλλαβῆς
570 483 685 523 Eust.
716 494 751 533 p.
781 481 898 534 1358,
930 481 993 522 [53.
1026 482 1093 532 qui
1124 491 1360 534 paragogen
1390 482 1525 523 dicere
1551 482 1628 523 de-

152 551 289 605 bebai,
319 551 505 600 αἲθαλος,
534 545 735 602 βράχαλος
763 544 786 588 ὅ
814 544 1068 600 χρεμετισμός
1088 547 1182 587 Hes.
1202 544 1459 597 διδάσκαλος,
1489 545 1626 588 moa-

152 619 239 669 λον,
268 613 444 658 πέταλον
473 612 597 667 (πέτω
614 611 872 665 πετάννυμι),
903 609 947 652 ἐκ
972 613 1047 653 τοῦ
1067 615 1174 652 πιεῖν
1191 608 1217 665 ἡ
1239 610 1365 666 φιάλη
1394 613 1510 654 Eust.
1533 613 1625 667 561,

155 684 268 726 15.11
303 684 415 724 Haec
446 694 469 722 a
498 680 712 731 barytonis
744 678 925 719 oriunda.
981 679 1018 718 A
1049 678 1316 718 circumflexis
1345 675 1462 718 σπάω
1490 675 1627 718 ἄσπα-

152 751 225 797 λος
260 744 480 794 ἀσπαλιεύς
515 751 553 787 et
592 743 778 785 ἄσπαλον
813 741 859 783 τὸ
891 745 1040 791 σκῦτος
1070 744 1195 795 (cutis
1227 744 1393 795 corpori
1423 743 1625 796 detracta)

154 816 250 857 Hes.
270 810 388 867 ἀμάω
409 809 542 866 ἄμαλη
562 817 600 852 et
621 808 791 863 ἄμαλλα,
812 821 836 848 a
855 806 1005 860 φυσάω
1027 809 1179 860 (φῦσα)
1195 805 1392 860 φύσαλος.
1422 811 1458 849 Α
1480 809 1626 850 suturis

156 881 414 922 Grammatici
445 881 663 919 arcessunt
691 875 827 924 ἰ”ξαλος
857 875 967 927 quod
994 874 1138 915 melius
1164 875 1397 928 ignoratur,
1437 879 1477 915 et
1509 874 1627 915 κονί-

154 949 278 995 σαλος
305 947 420 988 Eust.
448 943 541 996 375,
570 942 633 983 25.
671 942 756 983 EM.
787 941 879 993 528,
910 941 974 982 53.
1005 936 1204 988 ἀνίψαλος
1232 936 1413 993 ἀβλαβής
1442 936 1522 981 ἀπὸ
1550 941 1627 981 τοῦ

153 1015 238 1063 ἴψω
270 1013 399 1053 Cram.
430 1010 457 1050 Ι.
485 1008 577 1050 205.
635 1009 671 1049 Α
700 1007 936 1048 verbalibus
969 1018 1072 1059 quae
1104 1007 1275 1058 perfecti
1306 1007 1426 1047 medii
1457 1008 1627 1047 sormam

155 1084 393 1132 sequuntur,
417 1071 627 1120 ‘Pdaauiog
654 1073 775 1113 PaUS.
807 1077 846 1113 et
876 1069 1060 1122 ῥόπαλον
1086 1073 1110 1113 i.
1139 1084 1175 1124 q.
1207 1069 1399 1125 ῥόπτρου,
1441 1069 1628 1124 στρόφα-

153 1148 225 1194 λος
260 1157 297 1186 v.
336 1142 491 1184 Fabric.
531 1138 581 1179 ad
616 1138 756 1179 Marin.
789 1151 824 1191 p.
855 1139 1027 1180 XXVIII.
1065 1136 1260 1191 τρόχαλος
1297 1150 1385 1178 cuni
1422 1138 1625 1189 adjectivo

153 1206 358 1265 τροχαλός.
415 1203 644 1258 Κρύφαλος
661 1205 694 1229 ¹2
723 1209 762 1244 ei
779 1202 1038 1257 κεκρύφαλος
1059 1201 1081 1245 ὁ
1100 1201 1354 1257 κορυφιστήρ
1373 1209 1505 1244 uirum
1525 1215 1628 1256 pro-

155 1278 243 1331 prie
284 1273 434 1326 capital
466 1271 645 1312 declaret
676 1282 699 1309 a
727 1268 944 1324 κορυφη113
973 1282 1025 1311 an
1053 1268 1292 1322 καλύπτραν
1322 1282 1346 1310 a
1372 1267 1546 1322 κρύφω,
1587 1270 1629 1310 111

152 1344 312 1384 incerto
332 1339 525 1389 habetur3
548 1336 621 1377 sed
640 1334 852 1389 σκάφαλος
871 1332 1070 1389 ἀντλητήρ
1089 1337 1183 1377 Hes.
1196 1337 1414 1376 manifesto
1434 1347 1458 1376 a
1474 1332 1626 1388 σκάφη.

156 1409 255 1450 Cum
284 1406 421 1447 verbis
453 1403 674 1444 cohaerent
705 1403 825 1443 eliam
844 1400 990 1455 κρότος
1014 1402 1119 1443 unde
1139 1399 1394 1453 ΚρόταλοςΗ
1416 1406 1455 1442 et
1474 1398 1628 1454 κρότα-

154 1476 224 1521 λος
255 1473 415 1524 (omiss.
439 1471 480 1509 in
496 1470 633 1520 Thes.)
667 1468 958 1521 Theophylact.
988 1469 1117 1520 Epist.
1149 1468 1194 1509 X.
1228 1467 1289 1509 16.
1319 1467 1379 1509 ed.
1408 1469 1558 1509 MeurS.
1587 1472 1628 1509 et.

153 1537 264 1592 κάπη
294 1534 472 1589 (ndum)
504 1532 687 1587 καπάλη,
730 1530 866 1587 κύμβη
897 1535 982 1575 sive
1012 1531 1167 1586 κύμβος
1198 1530 1374 1586 (κύπτω)
1404 1530 1627 1586 κύμβαλον.

155 1606 218 1648 Ad
247 1604 354 1645 aliud
383 1603 590 1643 nominum
620 1612 749 1652 genus
780 1601 985 1651 pertinent
1009 1597 1161 1652 βυσσός
1179 1624 1233 1628 -
1252 1596 1450 1652 βύσσαλοι
1479 1596 1628 1652 βόθροι

156 1673 251 1713 Hes.
279 1675 398 1722 γυῖον
420 1665 466 1708 τὸ
490 1670 630 1707 κοῖλον
649 1691 702 1695 ——
716 1663 872 1718 γύαλον
893 1666 1029 1706 Schol.
1051 1667 1097 1705 A.
1123 1665 1172 1705 ad
1196 1665 1237 1706 11.
1257 1665 1392 1706 XVIII.
1412 1667 1504 1707 517.
1529 1666 1630 1719 δρῦς

156 1763 206 1768 ——
220 1733 413 1788 Δρύαλος
434 1735 661 1774 Centaurus
683 1732 742 1783 (ut
762 1729 923 1783 Δρύας)
944 1728 1308 1784 dania—&aydam
1329 1729 1482 1785 Κνώδη
1501 1733 1630 1786 θηρία

154 1804 249 1845 Hes.
279 1797 504 1849 κνώδαλον,
535 1796 684 1846 σκύτος
714 1798 898 1850 (σκῦτος)
936 1793 982 1837 τὸ
1020 1798 1092 1852 τῆς
1128 1798 1308 1852 κεφαλῆς
1338 1794 1464 1851 δέρμα
1492 1797 1562 1839 καὶ
1601 1795 1628 1853 ἡ

153 1980 232 2007 raes
268 1970 311 2003 ad
342 1969 428 2003 Plut.
461 1968 497 2002 T.
531 1967 585 2001 IV.
610 1967 687 2002 429.
733 1963 1045 2009 Ἀποσπαράσσειν
1079 1969 1114 2000 et
1146 1964 1445 2011 ἀποσπαρθάζειν
1478 1966 1628 2001 Glosso-

154 2026 274 2072 graphi
299 2027 563 2068 interpretautur
587 2020 747 2065 σᾳύζειν.
795 2020 936 2054 Pliotius
954 2019 1166 2065 Ἲῑσπάριζεν
1193 2020 1256 2054 οὐκ
1282 2019 1478 2065 ἐσκιὶριζεν.

246 2092 303 2135 11]
336 2090 497 2124 Fortasse
525 2088 565 2122 ab
595 2086 710 2125 ὕαλος,
742 2087 832 2131 quod
857 2087 1091 2122 Schneiderus
1118 2096 1136 2120 a
1159 2085 1237 2130 χύω
1264 2090 1409 2132 reperim
1437 2089 1524 2123 alius
1551 2100 1628 2124 cum

154 2149 291 2185 σίαλυς,
318 2144 510 2191 σιγαλόεις,
538 2142 672 2188 ᾳιαρός
697 2144 942 2186 composuerit,
972 2142 1096 2186 quibus
1122 2142 1279 2177 omnibus
1305 2145 1396 2179 inest
1420 2145 1626 2188 significatio

151 2203 339 2248 splendidi.

243 2269 301 2313 12)
338 2266 538 2316 Κρύ([α).ον
572 2264 805 2308 σαβακάθιον
834 2264 915 2300 Hes.
947 2265 1012 2296 τοῦ
1043 2263 1233 2308 κρυτμὶλου
1269 2264 1403 2300 Oribas.
1440 2265 1482 2301 de
1514 2265 1624 2300 Fract.

152 2325 237 2360 XIX.
275 2324 347 2360 102.
388 2326 421 2357 et
464 2332 525 2366 pro
564 2321 800 2365 Κεκρυᾳαλία
835 2320 977 2355 Aristid.
1011 2320 1152 2354 Panath.
1192 2331 1225 2364 p.
1249 2320 1335 2357 155.
1372 2321 1448 2355 cod.
1481 2322 1625 2356 Barocc,

153 2380 345 2425 Κρυᾳαλία
369 2377 526 2422 praebet.

245 2440 301 2482 13)
333 2438 438 2482 Παρὰ
476 2442 550 2475 τοῖς
583 2438 768 2481 νεωτέροις
799 2435 991 2469 ἐκτείνεται
1024 2435 1062 2469 τὸ
1098 2441 1119 2468 ὗ
1152 2436 1215 2468 τοῦ
1248 2435 1476 2480 κεκρύφαλος
1507 2436 1624 2471 861101.

153 2498 192 2531 ll.
217 2496 319 2530 XXII.
346 2496 422 2530 469.
460 2494 604 2529 sortasse
637 2495 717 2536 quia
751 2493 959 2527 concisionis
992 2491 1053 2533 (ex
1087 2490 1248 2535 κορυφή)
1281 2493 1437 2535 speciem
1469 2492 1624 2536 praebet.

152 2552 253 2595 Apud
284 2551 494 2593 Hesychium
525 2548 752 2592 Κροβάντιυν
787 2547 914 2580 πόλιον
946 2546 1049 2581 scrib.
1081 2546 1209 2578 πιλίον.
1264 2546 1358 2580 Alibi
1389 2545 1628 2591 κορυβάντιον

154 2607 278 2640 dicitur
302 2616 332 2639 v.
361 2606 403 2639 ad
428 2606 482 2648 Aj.
511 2616 545 2649 p.
574 2605 649 2641 374.
676 2608 744 2639 not.

246 2667 303 2708 14)
337 2664 519 2709 Κρόταλος
544 2670 578 2700 et
604 2664 787 2708 Κρόκαλος
812 2664 998 2698 miscentur
1026 2662 1105 2696 Sch.
1132 2662 1228 2697 Pind.
1255 2661 1307 2697 Ol.
1333 2663 1359 2697 1.
1388 2663 1462 2699 127.
1487 2665 1525 2697 ut
1543 2671 1626 2697 cro-

152 2722 318 2757 talistriae
343 2730 467 2756 nomen
493 2720 510 2762 ἡ
537 2720 703 2765 Κροκάλη
731 2718 868 2764 ἐκρότει
896 2718 1036 2753 Lucian.
1062 2718 1151 2753 Dial.
1176 2717 1313 2755 Meretr.
1339 2718 1405 2753 XV.
