1731 3021
76 123 173 167 280
572 124 1004 169 DISSERTATIO
1035 126 1080 168 V.

78 227 276 275 suspecta
307 228 371 266 est
401 225 660 266 librariorum
700 224 822 275 sides3
871 221 1020 278 σισύρα
1051 228 1091 266 et
1121 221 1296 280 σισύρνα
1311 226 1348 253 ⁵⁷
1378 228 1563 279 quamvis

80 288 260 329 discreta
299 291 475 342 quodam
523 291 645 332 modo
693 303 730 332 v.
770 290 1009 342 Bernhardy
1050 290 1260 334 Eratosth.
1299 292 1393 335 222.
1432 297 1567 336 tamen

81 359 247 406 etymon
280 367 492 397 commune
522 357 673 397 habent
703 354 810 410 σύρα
840 358 904 398 vel
935 356 1056 410 συρία
1086 370 1122 398 v.
1153 358 1327 400 Meinek.
1358 360 1470 402 Com.
1503 361 1566 403 Fr.

80 421 123 461 P.
156 421 184 461 I.
221 421 311 462 132.
344 423 417 463 sed
447 423 532 463 fieri
563 426 703 475 potest
733 427 775 462 ut
806 434 829 463 a
859 423 975 471 σίσυς
1004 423 1115 474 (nam
1142 428 1182 464 et.
1210 425 1289 465 hoc
1311 426 1495 480 affertur)
1528 431 1568 469 et

14 497 19 504 ·
83 484 234 540 σισύρα
271 494 546 542 propagatum
587 491 640 530 sit
682 493 721 529 et
752 488 921 530 densius
953 490 1126 542 σίσυριά
1155 493 1198 530 ut
1230 490 1279 530 ab
1311 487 1390 545 ἄκη
1416 489 1569 541 ἄκανος

83 549 266 605 ἄκαρνα,
306 567 412 606 quae
444 568 467 596 a
498 555 786 607 Theophrasto
821 557 928 596 inter
960 551 1155 608 ἀκανώδη
1185 556 1373 611 refertur,
1406 570 1430 599 a
1453 559 1569 613 κίστη

86 619 191 658 cista
222 620 415 674 cisterna,
453 633 476 662 a
505 618 583 661 κέω
615 620 727 671 (κείω
758 617 905 673 κέαζω)
935 617 1112 673 κέαρνον
1143 625 1182 662 et
1212 618 1455 676 σκέπαρνον.
1493 626 1569 665 Κι-

84 681 193 737 βύρα
230 686 271 726 in
310 684 506 741 Κυβέρνα
536 690 772 738 corruptum
813 691 957 739 putant
997 699 1033 728 v.
1075 686 1174 727 Gau.
1212 686 1263 727 ad
1295 687 1442 740 Geogr.
1473 690 1568 732 Min.

89 750 131 791 T.
161 751 206 791 II.
237 752 329 793 556.
388 753 468 793 Pro
505 748 734 803 λάσταυρος
773 753 973 803 quosdam
1003 749 1233 805 λάσταρνος
1263 751 1418 794 dixisse
1449 757 1569 797 testis

87 818 152 855 est
189 816 433 868 Hesychius.
452 817 488 842 ⁵8
537 816 731 857 Vocalem
762 819 991 859 attexuisse
1020 818 1180 858 videtur
1214 818 1457 861 Theocritus
1487 822 1569 863 VII.

89 879 178 922 134.
210 883 400 934 palmites
433 879 600 936 οἰνάρεα
628 893 798 935 vocam,
829 884 909 924 nisi
938 889 1124 925 neutrum
1157 888 1220 925 est
1244 884 1434 937 adjectivi
1460 884 1572 928 οἰνά-

87 959 178 998 ρεος
217 948 517 998 significatione
556 947 803 988 substantivi
831 949 1034 1004 indutum,
1080 950 1190 1002 quod
1230 954 1269 991 et
1298 951 1347 992 de
1378 952 1572 1005 Hesychii

89 1011 234 1062 glossa
278 1011 516 1068 Καρβάρεοι
545 1010 721 1066 κάραβοι
758 1015 961 1066 suspicari
993 1016 1124 1066 subit3
1169 1012 1394 1068 καρχαρέος
1422 1017 1573 1070 ubique
1629 1032 1633 1036 ’

89 1077 130 1116 in
158 1077 380 1132 καρχαλέος
409 1079 643 1121 mutandum
676 1090 771 1119 esse
800 1079 1054 1120 demonstrat
1074 1081 1332 1122 Wernickius
1353 1081 1404 1122 ad
1425 1083 1573 1136 Tryph.

90 1142 182 1184 315.
214 1157 438 1199 parumque
466 1146 660 1186 momenti
691 1146 843 1186 faciunt
874 1147 1042 1198 propria
1076 1144 1298 1200 Πάνδαρος
1328 1150 1367 1187 et
1399 1145 1575 1188 Πανδά-

90 1222 201 1259 ρεος,
241 1210 455 1264 Τύνὸαρος
493 1216 532 1252 et
570 1207 871 1265 Τυνδάρεος,59
909 1213 986 1253 etsi
1017 1223 1100 1252 non
1131 1211 1270 1253 dubito
1303 1212 1399 1265 quin
1428 1218 1576 1256 natura

92 1275 232 1316 eadem
264 1283 303 1318 et
335 1290 358 1318 a
389 1277 662 1329 scriptoribus
692 1277 892 1317 interdum
925 1278 1097 1317 confusa
1128 1278 1221 1318 sint.
1260 1277 1320 1318 De
1341 1278 1573 1330 adjectione

91 1340 235 1383 literae
265 1344 352 1384 iota
381 1343 579 1384 dubitatio
615 1341 778 1394 eade1n3
819 1343 989 1394 primum
1019 1342 1116 1382 illud
1145 1343 1453 1385 Antiatticistae
1484 1345 1575 1386 edi-

95 1411 223 1461 ctum,
264 1409 374 1461 quod
413 1408 464 1449 ad
502 1409 648 1459 Phryn.
687 1407 779 1449 (551.
821 1407 1043 1462 edisserui,
1090 1406 1349 1462 θοινατήριον
1388 1406 1577 1460 ἀξιοῦσιν

94 1467 145 1512 οὐ
167 1473 405 1526 θανάσιμον
430 1471 570 1527 λέγειν,
602 1474 688 1514 sive
720 1473 780 1513 sic
810 1474 1009 1525 accipitur
1039 1477 1082 1514 ut
1109 1474 1236 1515 verba
1259 1475 1396 1516 valent
1417 1477 1504 1518 sive
1525 1490 1576 1519 ex

92 1538 433 1592 interpretatione
465 1539 704 1582 Schneideri
734 1538 784 1579 ad
813 1539 915 1581 Plat.
947 1540 1030 1581 Civ.
1063 1541 1104 1582 T.
1131 1540 1159 1581 Ι.
1189 1539 1282 1582 295.
1313 1541 1576 1584 vehementer

183 1688 243 1730 57)
274 1689 333 1722 Sic
360 1689 433 1724 sere
460 1688 589 1731 ubique
615 1686 777 1721 scribitur
805 1686 868 1722 sed
893 1687 1008 1723 verior
1032 1688 1170 1723 videtur
1194 1687 1252 1732 qui
1281 1688 1315 1721 in
1344 1687 1462 1723 Schol.
1488 1689 1573 1725 Plat.

92 1741 170 1777 466.
200 1752 218 1777 a
244 1743 406 1780 Beliliero
439 1745 542 1778 tacite
576 1744 708 1786 positus
735 1746 788 1778 est
813 1746 848 1778 et
873 1744 907 1776 in
939 1744 1106 1778 mendosa
1129 1744 1300 1777 Ammonii
1333 1746 1503 1788 scriptura
1528 1748 1576 1778 σί-

93 1808 214 1840 συρμα
237 1804 379 1844 apparet
402 1803 567 1835 accenltls
589 1802 624 1832 ut
637 1799 791 1841 1'chcha,
806 1798 1008 1842 ‘A).t'‹rthz¹‹c,
1034 1798 1219 1844 Κάλαριά,
1239 1798 1468 1845 Φαλάσαρνα
1480 1800 1577 1837 brevi

93 1852 212 1887 ultima
237 1854 442 1889 Dicaearch.
463 1855 585 1889 Descr.
614 1864 645 1888 v.
673 1855 748 1890 119.
774 1858 810 1889 ut
835 1854 1053 1899 quz‘sszpua
1072 1854 1201 1890 Herod.
1219 1855 1294 1889 VII.
1318 1855 1391 1890 122.
1417 1859 1486 1890 tum
1505 1855 1576 1890 Σά-

91 1918 234 1952 μορμα,
263 1909 448 1954 (Αλίχυριια
485 1912 559 1945 sive
584 1910 742 1953 Λίκυρνα
774 1920 805 1945 V.
833 1910 1024 1944 Tzscliucli.
1053 1910 1094 1944 ad
1120 1910 1218 1945 Strab
1243 1909 1283 1943 X.
1313 1911 1387 1946 114.
1416 1912 1508 1955 quod
1544 1916 1579 1948 et

92 1961 229 2006 Scy-laci
255 1966 409 2000 redditur
426 1975 487 2009 pro
509 1964 689 2009 Μύκαρνα
710 1966 909 2008 neglectum
930 1970 966 2000 ut
986 1966 1090 2000 multa
1112 1966 1313 2001 litausenio.
1350 1966 1462 2001 Minus
1480 1971 1575 2003 recte

86 2015 279 2063 Ἀλικάρνα
304 2021 426 2065 Slepli.
454 2020 677 2065 Καλασιὶρνα
703 2021 815 2056 Strub.
836 2022 891 2055 Vl.
909 2022 987 2057 254.
1030 2023 1195 2065 Προέρνα
1217 2020 1272 2055 ΙΧ.
1294 2022 1371 2056 434.
1399 2023 1492 2066 quod
1519 2023 1575 2057 sa-

93 2074 194 2107 cilius
222 2075 301 2111 ferri
327 2082 442 2120 potest
467 2079 502 2111 in
528 2078 642 2112 latinis
671 2079 837 2121 κιστιριια
864 2077 946 2112 Hes.
968 2078 1031 2111 etsi
1059 2087 1119 2120 pro
1144 2075 1350 2120 Μιντούριή
1378 2077 1576 2121 Stephanus

92 2131 231 2173 scripsit
250 2134 454 2177 Μίικτυριια.
496 2132 647 2177 Σισύρα,
675 2132 767 2176 quod
794 2133 971 2176 anapaesti
1002 2141 1194 2166 mensuram
1220 2131 1336 2174 habet,
1363 2142 1382 2166 a
1403 2133 1574 2178 dactylico

91 2187 228 2229 τίῑυρος
256 2187 446 2222 derivatum
474 2198 552 2224 esse
578 2188 747 2230 Scaliger-i
772 2192 825 2222 est
847 2190 1047 2230 conjectura
1068 2197 1185 2230 parum
1211 2187 1401 2230 probabilis
1423 2198 1453 2222 v.
1475 2189 1574 2224 Voss.

91 2239 201 2283 Etym.
232 2243 287 2275 cui
322 2244 415 2286 quod
441 2243 538 2278 Ottt'r.
566 2243 732 2277 Miillerus
765 2242 807 2276 de
833 2242 950 2276 Dorib.
980 2244 1023 2277 II.
1051 2243 1127 2279 346.
1159 2243 1203 2278 de
1239 2252 1302 2277 suo
1338 2243 1500 2288 adrogat,
1532 2254 1576 2281 ex

91 2297 250 2339 τιτυρίιίι
280 2300 434 2334 evasisse
460 2301 630 2345 σίσυρνα,
660 2296 823 2332 refellere
849 2307 916 2331 nOn
941 2299 1071 2333 attinet.

181 2352 240 2394 58)
266 2352 329 2386 Pro
355 2352 544 2399 ,ἰαστάριιη
569 2351 704 2396 μάστιξ
723 2352 954 2388 Doederlinus
976 2353 1102 2396 Synon.
1121 2353 1158 2387 T.
1178 2353 1233 2388 VI.
1257 2362 1290 2387 vs.
1315 2353 1475 2387 Lustrum
1495 2354 1576 2390 ele-

91 2408 212 2448 ganter
236 2408 398 2442 emendat
419 2397 641 2452 μαστρᾶπός.

182 2462 242 2505 59)
268 2462 461 2497 Freundius
486 2464 521 2496 in
545 2462 630 2498 Lex.
660 2463 718 2497 lat.
746 2463 925 2506 Tyndarus
953 2463 1082 2508 profert
1103 2473 1146 2499 ex
1167 2462 1301 2498 duobus
1320 2463 1444 2507 Hygini
1465 2464 1575 2506 locis3

91 2518 126 2551 in
151 2521 297 2563 utroque
327 2519 526 2563 Tyndareus
552 2521 716 2563 scriptum
746 2522 816 2562 est,
843 2520 906 2555 sed
933 2520 1025 2553 iilius
1053 2522 1172 2553 auctor
1200 2520 1411 2554 certissimus
1436 2519 1575 2554 Plautus

92 2573 127 2606 in
160 2572 325 2615 Caplivls.
366 2574 413 2607 Τὸ
437 2574 653 2621 Πανδαρέου
687 2575 805 2618 ὄνομα
839 2573 969 2618 ὅμοιοι]
1000 2574 1049 2618 τῷ
1074 2574 1280 2619 Τυνδαρέου
1314 2574 1374 2606 καὶ
1398 2574 1576 2614 Πηνελέου

90 2628 186 2663 Eust.
219 2630 314 2673 1875,
331 2630 386 2666 35.
433 2630 522 2664 Illud
551 2629 595 2664 ad
613 2629 808 2675 Πανδαρής
833 2630 938 2667 refert
963 2630 1080 2666 Schol.
1105 2630 1167 2665 Od.
1193 2629 1278 2665 XIX.
1309 2630 1388 2666 518.
1428 2627 1573 2663 Πανδά·

92 2695 181 2727 ρεως
206 2684 330 2719 Anton.
356 2685 432 2720 Lib.
460 2695 488 2720 c.
516 2684 571 2720 XI.
