1747 3005
201 140 265 180 DE
297 140 416 180 ΝΟΜ.
446 138 663 186 QUORUM
683 139 832 181 CHAR.
863 137 964 179 EST
990 138 1263 180 DENTALIS.
1296 140 1336 181 C.
1358 143 1383 182 Ι.
1416 147 1452 190 §.
1472 142 1509 183 2.
1542 141 1632 184 357

168 248 265 288 nihil
295 247 401 287 aliud
433 258 551 298 quam
591 259 665 299 pro
705 258 808 288 voce
847 250 1054 298 postrema
1096 248 1292 298 proponit
1327 245 1637 300 ὑποπετριδίωιν,

165 313 274 364 quod
305 325 392 353 eum
425 311 616 362 adjuncto
648 313 809 353 nomine
839 308 1012 363 ὀνείρων
1048 312 1278 352 consistere
1310 316 1467 368 nequit,
1511 316 1636 356 Sido—

163 379 352 428 niumque
380 378 488 418 illum
520 383 631 429 putat
659 387 777 417 unum
810 379 938 418 fuisse
967 381 1147 417 veterum
1173 377 1429 432 scriptorum,
1461 392 1631 432 eumque

162 443 330 493 primum
361 442 440 482 liae
470 445 608 494 specie
646 453 761 483 usum
792 453 908 492 esse3
957 442 1017 481 sic
1048 442 1150 481 enim
1182 442 1221 481 in
1252 443 1333 483 lnd.
1362 455 1509 484 nomeu
1540 443 1629 484 ἐπι-

159 503 260 558 βυλὴ
291 508 592 558 interpretatur.
661 508 741 549 Sed
780 508 899 559 hujus
940 507 1248 558 significationis
1285 509 1508 548 auotoritas
1540 521 1628 549 me-

158 573 326 612 moriam
357 583 484 613 meam
516 575 625 625 sugit,
657 584 788 625 neque
820 573 897 613 diei
927 576 1090 624 poterat
1114 571 1366 625 Dionysium,
1398 574 1627 625 quicunque

159 637 192 676 is
225 637 316 689 fuit,
356 638 524 688 primum
563 638 682 689 hujus
712 638 776 678 vel
807 638 890 689 typi
920 637 984 677 vel
1014 647 1247 690 paragogae
1281 637 1506 690 exemplum
1537 638 1626 678 edi·-

157 701 289 753 (lisse‚
337 713 428 741 nam
467 702 674 753 κουρίδιος
711 707 752 743 et
786 702 1000 753 παυρίὸιος
1036 701 1141 753 apud
1172 702 1388 742 Homerum
1424 703 1623 753 leguntur.

155 767 270 806 Nune
301 767 392 805 mihi
423 768 516 818 quid
540 768 723 808 videatur
754 779 1000 820 expromam,
1031 777 1113 807 non
1143 777 1230 819 quo·
1254 778 1415 818 sperem
1446 779 1508 808 me
1539 779 1621 808 rem

153 832 192 870 iu
231 832 341 871 clara
379 832 468 871 luce
507 833 800 873 collocaturum
833 844 927 873 esse
957 832 1031 873 sed
1068 832 1196 882 magis
1236 836 1278 872 ut
1309 832 1414 872 alios
1446 832 1496 872 ad
1527 844 1622 872 oer—

154 901 286 936 tameu
315 897 483 937 eliciam.
543 899 754 938 Sententia
782 899 902 950 igitur
933 899 993 938 sie
1024 901 1105 937 est:
1137 897 1376 947 Dionysium
1406 920 1458 925 —-
1490 898 1619 948 Syra—

151 971 345 1000 cusanum
380 962 557 1001 sortasse
591 963 657 1013 qui
688 964 811 1002 multa
842 964 880 1002 in
911 963 1127 1002 verborum
1158 974 1234 1001 usu
1266 963 1431 1002 novavit
1461 985 1515 991 —
1542 963 1618 1003 hae

148 1025 378 1076 adjectione
408 1038 523 1066 usum
555 1039 650 1067 esse
679 1028 862 1079 primum,
893 1029 1063 1077 ejusque
1094 1027 1338 1067 auctoritate
1368 1028 1439 1066 niti
1473 1026 1616 1067 Gram—

147 1091 341 1142 maticos,
389 1096 428 1131 et
469 1096 656 1143 tauquam
686 1093 833 1133 similia
870 1101 1079 1143 apponere
1113 1090 1347 1141 παυρίδιος,
1394 1091 1613 1142 τυμβίόιος,

145 1156 353 1207 μοιχιὸιος,
370 1156 403 1180 ¹⁴
433 1156 471 1196 id
502 1162 634 1197 ·1utem
664 1158 851 1198 r·eselle1e
871 1155 1141 1197 Herodianum
1162 1155 1392 1206 huJusmodi
1414 1157 1496 1196 sere
1518 1168 1613 1196 vei-

144 1220 208 1260 bis
237 1215 299 1266 οἷς
325 1217 403 1272 γὰο
430 1222 606 1272 χρῶνται
634 1220 904 1273 γραμματικοὶ
932 1218 987 1267 ὡς
1017 1217 1183 1271 ὁμοίοις,
1214 1220 1422 1271 τυμβίδιος
1449 1235 1484 1260 κ.
1516 1235 1548 1260 τ.
1578 1223 1610 1260 2.

142 1281 323 1336 διαφέρει
351 1281 434 1325 ἀπὸ
461 1287 618 1337 μακρᾶς
647 1282 860 1338 ἀρχόμενα.
904 1280 1051 1336 Έχρην
1081 1284 1158 1323 οὐν
1186 1280 1428 1336 ὑποπτέρων
1455 1283 1482 1337 ἦ
1511 1281 1611 1325 ὑπο-

139 1347 364 1401 πτερύγων.
428 1351 586 1391 Etenim
617 1363 719 1402 quae
751 1351 958 1390 attulimus
997 1349 1198 1400 adjectiva
1238 1350 1372 1389 omnia
1411 1349 1608 1400 syllabam

141 1426 164 1454 a
210 1415 286 1454 tine
324 1420 504 1466 quartam
543 1416 703 1467 longam
742 1416 908 1465 habent3
950 1415 992 1454 si*
1024 1426 1146 1455 secus
1187 1419 1271 1468 est,
1311 1418 1380 1455 aut
1418 1414 1608 1455 librarius

140 1480 325 1531 peccavit
346 1481 682 1521 autconsuetudo
705 1481 752 1521 de
783 1481 847 1520 via
877 1479 1049 1520 deflexit.
1084 1475 1303 1532 Ἀνεμίδιος
1333 1483 1372 1519 et
1401 1474 1610 1530 ἀκαρίδιος

134 1546 219 1595 jam
250 1544 394 1584 dudum
426 1558 447 1585 e
477 1546 608 1586 medio
641 1550 880 1596 cesserunt3
913 1544 1144 1597 νυκτερίδια
1172 1542 1384 1597 πνεύματα
1406 1545 1605 1596 Theophr.

139 1609 257 1650 Caus.
285 1610 329 1650 ΙΙ.
358 1610 395 1662 6,
427 1611 459 1651 1.
499 1612 680 1662 quamvis
719 1611 882 1662 optimis
921 1610 1037 1650 eodd.
1074 1610 1285 1662 firmatum,
1324 1613 1434 1649 recte
1472 1614 1604 1650 tamen

136 1674 327 1714 Heinsius
364 1675 528 1714 sustulit
565 1676 788 1715 substituto
828 1671 1065 1726 νυκτέρινα,
1106 1675 1215 1726 quod
1254 1679 1294 1714 et
1333 1674 1469 1725 paullo
1510 1680 1603 1715 aute

135 1739 282 1790 legitur
311 1744 350 1779 et
381 1740 571 1791 sermoni,
602 1744 643 1779 ut
674 1751 799 1791 supra
831 1738 1095 1792 ostendimus,
1125 1739 1246 1779 multo
1267 1743 1329 1778 est
1350 1740 1602 1780 convenien—

136 1805 214 1844 tius
232 1819 240 1855 ;
270 1799 500 1855 ἀργαλίὸιος
520 1805 737 1855 aliquoties
758 1805 797 1844 in
819 1805 957 1844 charta
976 1804 1207 1854 Borghiaua
1226 1804 1382 1856 legitur,
1410 1800 1600 1856 ὑπαγκα-

131 1869 257 1916 λίόιος
286 1868 391 1921 apud
422 1870 634 1909 Constant.
665 1871 842 1909 Manass.
872 1869 911 1907 iu
943 1869 1083 1920 Comp.
1106 1869 1252 1909 Chron.
1284 1880 1318 1908 v,
1346 1869 1461 1909 1445.
1492 1881 1599 1921 quo-

133 1946 218 1974 rum
257 1934 367 1973 nulla
414 1934 454 1972 in
490 1934 568 1973 hoo
607 1933 761 1984 judicio
805 1934 1041 1973 auctoritas,
1115 1933 1284 1974 Gravius
1325 1934 1596 1975 testimouium

132 1998 301 2051 praebet
337 1998 585 2038 Aristoteles
624 1999 741 2039 l'olit.
772 2000 813 2039 V.
844 1998 880 2039 6.
911 2011 947 2050 p.
981 1997 1097 2051 1306,
1127 1998 1191 2040 28.
1229 1995 1485 2050 ἐγχειρίζουσι
1521 1997 1596 2052 τὴν

129 2059 322 2116 φυλακὴν
360 2060 523 2114 ἄρχοντι
551 2064 714 2118 μεσιὸίῳ
744 2087 799 2093 —-—
826 2060 923 2114 ὅπερ
954 2059 1103 2115 συνέβη
1132 2060 1176 2103 ἐν
1206 2064 1413 2116 Λαρίσσῃ,
1451 2069 1489 2104 et
1519 2064 1594 2104 Ni—

128 2139 229 2169 com.
249 2129 294 2168 V.
316 2129 351 2168 7.
375 2140 411 2179 p.
435 2128 550 2181 1132,
579 2128 643 2173 33„
674 2129 836 2181 ζητοῦσι
863 2124 1058 2180 (δικαστὴν
1086 2123 1210 2179 μέσον
1238 2125 1306 2167 καὶ
1335 2127 1504 2167 καλοῦσί
1532 2143 1593 2167 τι-

126 2207 191 2239 νες
217 2192 441 2244 μεσιὸίους,
473 2193 546 2233 sed
576 2194 654 2233 hoe
684 2194 776 2234 loeo
808 2194 899 2233 libri
928 2193 1110 2233 nonnulli
1139 2192 1370 2244 μεσιὸίκους
1400 2196 1438 2233 et
1466 2202 1584 2243 μεσο-

124 2257 244 2310 ὅίκην
273 2258 468 2310 praebent
498 2263 536 2299 et
569 2259 755 2311 utrinque
794 2259 926 2300 elucet
963 2269 1106 2298 vocem
1146 2268 1167 2298 e
1206 2257 1380 2298 dialecto
1419 2257 1591 2309 quadam

214 2443 270 2484 14]
296 2443 369 2476 lloc
393 2443 551 2477 substitui
577 2453 636 2486 pro
663 2444 812 2486 σχίδιος.
841 2444 984 2486 Propius
1011 2441 1298 2485 cratgwalz'dtof.
1320 2440 1382 2474 sed
1402 2451 1419 2472 a
1436 2440 1587 2475 Schnei-

125 2499 208 2532 dero
235 2498 349 2531 lictum
376 2502 427 2532 est
453 2502 568 2531 contra
603 2499 767 2540 regulam.
819 2502 914 2539 Quae
940 2499 1140 2541 Sylburgius
1175 2497 1333 2539 proponit
1360 2496 1484 2538 σχίδος
1511 2499 1585 2539 σχί-

124 2545 212 2589 διός,
241 2553 393 2586 inaudita
422 2556 510 2585 sunt.
560 2553 751 2595 ᾹὶΙοιχίδιος
784 2554 867 2587 illud
896 2553 1142 2588 restituendum
1171 2555 1224 2587 est
1255 2552 1287 2584 in
1320 2549 1393 2583 EM.
1419 2551 1505 2593 380,
1530 2551 1584 2586 35.

123 2617 183 2651 pro
207 2607 385 2649 Διιαλίιῖιος,
413 2607 576 2649 idemque
603 2607 750 2642 Arcadio
776 2609 830 2650 39,
859 2610 909 2643 19.
937 2619 997 2652 pro
1025 2605 1238 2651 ⁴115111qn'‹)'to‚‹5‚
1266 2605 1356 2648 quod
1384 2606 1583 2642 Schneide—

123 2671 178 2695 rus
204 2663 237 2694 in
263 2662 399 2695 Auctar.
426 2661 507 2696 Lex.
534 2663 638 2698 tacite
664 2663 696 2696 in
720 2664 923 2707 μεμᾳίδιος
951 2662 1176 2705 transfigurat.
