1747 3005
267 169 335 211 DE
366 168 492 212 ΝΟΜ.
524 167 660 209 PRIM.
691 166 893 209 DECLIN.
922 166 976 209 IN
1001 155 1050 214 εἷς
1080 165 1271 208 PURUM.
1305 170 1344 215 §.
1368 167 1406 210 3.
1497 169 1591 213 493

111 279 320 334 proprium
358 284 396 320 et
435 277 677 330 adjectivum
706 273 841 325 πελιός
869 277 957 318 sive
984 272 1141 324 πελλός.
1209 276 1321 318 Haec
1350 288 1482 331 neque
1512 278 1589 320 ad-

104 346 261 398 jectiva
298 348 394 386 sunt
432 355 564 396 neque
610 342 868 383 substantiva
906 341 979 383 sed
1016 342 1189 383 medium
1228 344 1335 383 inter
1374 348 1588 397 utrumque

108 411 243 451 locum
275 413 414 450 tenent
444 410 627 450 similiter
657 409 738 449 illis
770 419 874 460 quae
902 408 1136 448 attributiva
1165 419 1375 462 vocamus,
1404 407 1587 463 ἱππότης,

108 472 246 529 σωτήρ
269 481 342 516 etc.
381 475 527 515 Verum
558 475 638 515 hoc
668 472 776 526 quod
805 478 948 514 natura
977 473 1097 514 fixum
1127 477 1190 514 est
1221 473 1439 515 discrimen
1460 487 1588 528 saepe

109 541 333 593 evanescit,
363 545 406 581 ut
438 539 650 592 Oppianus
681 540 848 592 piscem,
879 539 944 579 cui
973 549 1122 580 nomen
1153 534 1376 590 αὐλωπίας,
1406 551 1489 582 non
1509 553 1587 583 ve-

109 607 209 648 ritus
240 608 304 647 est
334 601 532 645 αὐλωπόν
561 604 719 655 dicere3
755 606 795 644 in
827 603 963 646 Schol.
996 603 1068 646 Od.
1100 604 1166 645 XI.
1197 604 1262 646 58.
1292 601 1372 646 οὐκ
1400 603 1482 646 ἔστι
1499 620 1586 661 κερ-

107 672 250 725 τομίας
286 666 310 711 ὁ
338 667 483 722 λόγος,
521 670 585 710 cui
616 670 858 710 simillimum
890 673 954 711 cst
981 667 1103 722 λόγος
1130 671 1383 724 πλασματίας
1408 672 1584 715 Aristot.

109 737 158 778 de
190 736 286 778 Gen.
317 736 489 776 Animm.
520 734 567 775 Π.
602 734 636 775 1.
671 747 707 786 p.
742 735 833 787 734,
865 735 930 776 33.
960 739 1000 777 et
1027 733 1149 788 λόγος
1185 737 1462 791 καυχηματίας
1491 738 1584 780 Sch.

107 802 151 844 Il.
179 802 280 843 XIII.
310 800 402 842 374.
433 801 468 842 si
497 797 693 853 κέρτομος
721 800 943 855 legeretur,
982 802 1150 854 perinde
1180 804 1307 854 soret,
1347 813 1424 844 nec
1451 803 1585 845 minus

108 867 281 908 dixisset
320 866 610 918 Theognostus
651 866 691 906 in
721 866 852 907 Praef.
883 879 920 919 p.
955 868 990 910 1.
1030 869 1064 909 si
1095 879 1170 920 pro
1201 865 1279 921 ἐγὼ
1322 863 1346 908 ὁ
1381 866 1585 922 τολμηρὸς

106 931 176 974 καὶ
206 929 414 980 αὐθαδίας
442 944 541 973 usus
574 932 720 973 fuisset
751 931 965 986 adjectivo,
995 934 1143 986 vixque
1173 946 1250 975 usu
1275 935 1411 976 veniet
1429 938 1472 976 ut
1491 930 1584 985 ὀξυ-

107 1002 244 1052 θυμος
283 1003 323 1040 et
364 993 614 1050 ὀξυθυμίας,
667 995 916 1050 στρογγύλος
955 1003 994 1039 et
1034 999 1354 1051 στρογγυλίας12
1387 1000 1494 1041 inter
1538 1012 1585 1043 se

108 1066 330 1119 permutari
368 1076 453 1105 non
489 1063 664 1116 possint.
738 1064 1078 1116 Impositiciorum
1125 1076 1223 1106 vero
1260 1065 1371 1106 nulla
1411 1077 1586 1119 prorsus

108 1136 174 1173 est
203 1131 426 1172 distinctio.
482 1130 585 1171 Nam
615 1128 725 1181 quod
755 1129 911 1170 Coraes
941 1129 992 1170 ad
1014 1130 1208 1182 Hippocr.
1229 1143 1267 1184 p.
1290 1131 1382 1173 327.
1414 1132 1587 1174 affirmat

113 1195 300 1247 Πυρρίας
328 1200 368 1237 et
398 1194 587 1242 Ξανθίας
615 1206 711 1235 esse
742 1205 955 1235 servorum
983 1195 1150 1235 nomina
1179 1197 1297 1248 quasi
1327 1195 1586 1251 deminutiva‚

106 1262 302 1303 refellitur
331 1261 467 1301 multis
497 1261 602 1301 locis
633 1260 701 1300 ubi
728 1259 923 1311 ByrrhIas
951 1263 991 1300 et
1013 1259 1203 1301 Glaucias
1221 1261 1488 1312 ingenuorum
1505 1274 1588 1304 no-

106 1328 215 1368 mina
245 1331 351 1368 sunt.
402 1327 662 1379 Ecquaenam
694 1336 819 1378 porro
851 1324 1060 1365 d1stinctio
1090 1336 1185 1366 csse
1216 1331 1356 1378 potest
1385 1328 1588 1369 substan-

108 1394 282 1434 tivorum
327 1394 551 1446 στρουθίας
589 1395 629 1432 ct
667 1391 875 1443 στροῦθος
912 1390 1024 1432 Com.
1062 1390 1124 1431 Fr.
1159 1390 1222 1432 IV.
1260 1390 1353 1433 647.
1390 1393 1588 1446 σπογγίας

109 1463 150 1500 et
188 1456 392 1512 σπόγγος,
435 1463 475 1499 et
511 1458 553 1498 in
592 1456 748 1509 Geopp.
787 1456 871 1498 XX.
902 1455 967 1498 27.
996 1453 1158 1508 κόχλων
1183 1451 1261 1509 τὴν
1289 1455 1423 1510 σάρκα
1449 1456 1589 1513 λαβὼν

107 1522 261 1576 δελέαζε
297 1523 352 1578 μὴ
381 1520 670 1577 ἀποχρώμενος
697 1523 754 1578 τῷ
783 1518 942 1574 μεγέθει
970 1522 1046 1562 τοῦ
1075 1522 1262 1574 κοχλίου,
1300 1525 1590 1578 nominumque

108 1591 158 1632 ab
187 1591 394 1642 Hesychio
427 1593 740 1642 conjunctorum
766 1583 967 1640 Ἀγγελίης
995 1584 1192 1640 ἄγγελοςῬ
1240 1588 1330 1629 Nisi
1358 1590 1450 1642 quis
1481 1591 1589 1632 sorte

108 1655 255 1697 dixerit
293 1656 460 1708 κοχλίου
497 1666 593 1696 esse
630 1653 851 1706 genitivum
883 1652 1116 1693 deminutivi
1142 1654 1325 1705 κοχλίον,
1366 1655 1475 1707 quod
1504 1667 1589 1699 non

107 1722 330 1774 reperItur,
369 1721 697 1772 Hesychiumque
728 1722 768 1758 et
798 1718 1135 1760 Choeroboscum
1167 1719 1290 1761 Gaiss.
1319 1720 1347 1761 Ι.
1380 1720 1472 1763 227.
1505 1723 1587 1763 fal-

109 1798 197 1829 sam
226 1787 391 1839 genitivi
428 1785 625 1827 homerici
653 1785 1030 1837 interpretationem
1061 1786 1190 1837 sequi.
1249 1785 1444 1828 Differunt
1473 1792 1587 1830 certe

108 1854 252 1895 nescio
292 1852 387 1905 quid
426 1852 465 1893 οἱ
501 1851 657 1904 κοχλίαι
693 1848 762 1891 καὶ
798 1849 838 1890 οἱ
874 1847 1012 1903 κόχλοι
1040 1851 1211 1892 Aristot.
1243 1851 1290 1893 Η.
1317 1852 1422 1893 Ann.
1452 1853 1516 1895 IV.
1544 1854 1583 1896 4.

109 1923 151 1961 et
178 1919 301 1970 longe
329 1919 504 1959 maxima
533 1928 629 1971 pars
661 1927 822 1970 eorum,
863 1928 968 1969 quae
1007 1928 1032 1958 a
1061 1917 1327 1958 substantivis
1357 1929 1586 1970 processe-

108 1989 223 2038 runt,
261 1984 464 2025 diversam
500 1984 652 2024 habent
682 1993 706 2023 a
734 1982 968 2035 prototypis
996 1983 1353 2035 significationem
1390 1985 1587 2027 nonnulla

107 2051 414 2093 assimilativam
459 2050 689 2104 Στημονίαι
728 2049 905 2090 κίκιννοι
942 2050 1028 2096 τοῖς
1069 2046 1267 2102 στήμοσιν
1313 2046 1449 2101 ὅμοιοι
1485 2051 1584 2092 Hes.

108 2113 335 2165 ἀλωπεκίας
373 2118 424 2171 τῇ
462 2114 593 2170 γεύσει
624 2112 766 2168 ὅμοιος
793 2115 851 2171 τῷ
879 2114 1052 2170 χερσαίῳ
1082 2112 1170 2170 ζώῳ
1200 2112 1265 2155 διὸ
1291 2112 1360 2155 καὶ
1386 2116 1462 2157 τοῦ
1491 2111 1585 2157 ὀνό-

107 2197 235 2237 ματος
262 2180 400 2236 ἔτυχεν
423 2183 596 2225 Aristot.
626 2182 812 2234 aliusque
843 2182 970 2234 piscis
1000 2181 1051 2221 ob
1083 2180 1265 2221 colorem
1294 2181 1382 2222 avis
1412 2181 1584 2224 similem

108 2249 304 2303 κορακίας
341 2250 582 2302 nominatur,
612 2259 757 2290 Scarus
786 2243 912 2298 ὀνίας,
943 2242 1059 2294 ἀετὸς
1086 2247 1256 2294 κυκνίας
1283 2242 1585 2300 ὀνομαζόμενος

108 2311 250 2363 ἐοικώς
290 2311 431 2370 κύκνῳ
467 2310 677 2366 λευκότητι
714 2314 835 2356 Paus.
874 2314 1016 2366 galeus
1047 2312 1259 2353 maculosa
1288 2317 1380 2354 cute
1410 2314 1583 2366 insignis

107 2381 269 2434 νεβρίας
308 2385 346 2421 et
374 2375 578 2433 ἀστερίας,
619 2380 729 2432 quod
769 2380 970 2431 adjectivo
1008 2379 1086 2420 dici
1124 2381 1287 2430 poterat
1326 2374 1584 2433 ἀστεροειδής

110 2448 217 2491 sicut
254 2447 296 2487 in
323 2446 495 2487 Aristot.
524 2446 660 2488 Probl.
692 2446 753 2488 IV.
782 2445 847 2488 26.
878 2457 915 2500 p.
946 2444 1038 2487 879.
1068 2444 1106 2486 b.
1137 2443 1175 2485 8.
1214 2442 1253 2484 οἱ
1289 2439 1479 2498 εὐνοῦχοι
1513 2442 1582 2486 καὶ

202 2606 260 2651 12)
294 2605 490 2650 Hesychius
525 2605 793 2650 Λαστρυγυλίας
825 2604 926 2641 λίθος
956 2602 1211 2645 τετριμμένος,
1248 2601 1306 2636 ubi
1340 2601 1580 2638 Ruhnkenius:

112 2667 204 2708 certa
227 2666 277 2695 est
302 2662 488 2695 emendatio
524 2661 744 2706 στραγαλίας
779 2680 819 2685 --
855 2660 1078 2703 τετρημένος.
1128 2657 1263 2694 Certior
1287 2661 1341 2694 est
1362 2657 1427 2696 λᾶς
1452 2668 1578 2704 στρογ-

109 2718 244 2763 γυλίας,
272 2726 340 2762 quo
365 2717 442 2760 ipse
466 2716 572 2752 utitur
594 2714 804 2761 Στραβαλός
828 2713 845 2749 ὁ
872 2713 1109 2759 στρογγυλίας
1130 2714 1336 2758 ἅνθρωπος.
