<?xml version="1.0" encoding="UTF-8"?>
<!DOCTYPE html PUBLIC "-//W3C//DTD XHTML 1.0 Transitional//EN"
    "http://www.w3.org/TR/xhtml1/DTD/xhtml1-transitional.dtd">
<html xmlns="http://www.w3.org/1999/xhtml" xml:lang="en" lang="en">
 <head>
  <title>
</title>
<meta http-equiv="Content-Type" content="text/html;charset=utf-8" />
  <meta name='ocr-system' content='tesseract 3.04.00' />
  <meta name='ocr-capabilities' content='ocr_page ocr_carea ocr_par ocr_line ocrx_word'/>
</head>
<body>
  <div class='ocr_page' id='page_1' title='image "./pathologiaesermo00lobeuoft_0496.png"; bbox 0 0 1731 3021; ppageno 0'>
   <div class='ocr_carea' id='block_1_1' title="bbox 151 166 1165 211">
    <p class='ocr_par' dir='ltr' id='par_1_1' title="bbox 151 166 1165 211">
     <span class='ocr_line' id='line_1_1' title="bbox 151 166 1165 211; baseline -0.001 0"><span class='ocrx_word' id='word_1_1' title='bbox 151 166 246 211; x_wconf 77' lang='lat'>1178</span> <span class='ocrx_word' id='word_1_2' title='bbox 638 166 1068 211; x_wconf 87' lang='lat' dir='ltr'>DISSERTATIO</span> <span class='ocrx_word' id='word_1_3' title='bbox 1119 168 1165 210; x_wconf 86' lang='lat' dir='ltr'><strong>X.</strong></span> 
     </span>
    </p>
   </div>
   <div class='ocr_carea' id='block_1_2' title="bbox 148 271 1643 2764">
    <p class='ocr_par' dir='ltr' id='par_1_2' title="bbox 148 271 1643 2764">
     <span class='ocr_line' id='line_1_2' title="bbox 155 271 1630 332; baseline 0 -13"><span class='ocrx_word' id='word_1_4' title='bbox 155 277 248 320; x_wconf 82' lang='lat'><strong>549.</strong></span> <span class='ocrx_word' id='word_1_5' title='bbox 288 287 312 317; x_wconf 91' lang='lat' dir='ltr'>a</span> <span class='ocrx_word' id='word_1_6' title='bbox 359 271 591 329; x_wconf 74' lang='grc' dir='ltr'><em>Κρηταιεύς</em></span> <span class='ocrx_word' id='word_1_7' title='bbox 628 276 828 329; x_wconf 79' lang='grc' dir='ltr'><em>Κρηταιίς</em></span> <span class='ocrx_word' id='word_1_8' title='bbox 873 277 948 318; x_wconf 87' lang='lat' dir='ltr'>sed</span> <span class='ocrx_word' id='word_1_9' title='bbox 986 289 1011 319; x_wconf 85' lang='lat' dir='ltr'>a</span> <span class='ocrx_word' id='word_1_10' title='bbox 1049 275 1253 332; x_wconf 79' lang='grc' dir='ltr'><em>Βησαιεύς</em></span> <span class='ocrx_word' id='word_1_11' title='bbox 1292 277 1455 332; x_wconf 82' lang='grc' dir='ltr'><strong>Βησηίς.</strong></span> <span class='ocrx_word' id='word_1_12' title='bbox 1518 277 1630 319; x_wconf 82' lang='lat' dir='ltr'>Haec</span> 
     </span>
     <span class='ocr_line' id='line_1_3' title="bbox 157 338 1632 397; baseline 0 -13"><span class='ocrx_word' id='word_1_13' title='bbox 157 347 292 384; x_wconf 89' lang='lat' dir='ltr'>autem</span> <span class='ocrx_word' id='word_1_14' title='bbox 321 342 550 383; x_wconf 84' lang='lat' dir='ltr'>terminatio</span> <span class='ocrx_word' id='word_1_15' title='bbox 581 353 690 383; x_wconf 84' lang='lat' dir='ltr'>nova</span> <span class='ocrx_word' id='word_1_16' title='bbox 718 343 970 384; x_wconf 87' lang='lat' dir='ltr'>incrementa</span> <span class='ocrx_word' id='word_1_17' title='bbox 1000 345 1109 396; x_wconf 83' lang='lat' dir='ltr'>capit</span> <span class='ocrx_word' id='word_1_18' title='bbox 1140 355 1164 384; x_wconf 93' lang='lat' dir='ltr'>a</span> <span class='ocrx_word' id='word_1_19' title='bbox 1191 344 1310 385; x_wconf 87' lang='lat' dir='ltr'>litera</span> <span class='ocrx_word' id='word_1_20' title='bbox 1331 344 1471 396; x_wconf 87' lang='lat' dir='ltr'>alpha:</span> <span class='ocrx_word' id='word_1_21' title='bbox 1497 338 1632 397; x_wconf 79' lang='grc' dir='ltr'><strong><em>Ἀρηίς</em></strong></span> 
     </span>
     <span class='ocr_line' id='line_1_4' title="bbox 151 404 1632 463; baseline 0 -14"><span class='ocrx_word' id='word_1_22' title='bbox 151 404 316 461; x_wconf 78' lang='grc' dir='ltr'><em>Ἀρηιάς</em></span> <span class='ocrx_word' id='word_1_23' title='bbox 344 407 474 457; x_wconf 84' lang='lat' dir='ltr'>Quint.</span> <span class='ocrx_word' id='word_1_24' title='bbox 504 409 531 450; x_wconf 92' lang='lat' dir='ltr'><strong>I.</strong></span> <span class='ocrx_word' id='word_1_25' title='bbox 561 408 653 450; x_wconf 81' lang='grc'><strong>206.</strong></span> <span class='ocrx_word' id='word_1_26' title='bbox 685 414 724 450; x_wconf 82' lang='lat' dir='ltr'>et</span> <span class='ocrx_word' id='word_1_27' title='bbox 756 409 846 451; x_wconf 69' lang='lat'><strong>187.</strong></span> <span class='ocrx_word' id='word_1_28' title='bbox 876 410 1028 462; x_wconf 77' lang='grc' dir='ltr'><strong><em>Βορηίς</em></strong></span> <span class='ocrx_word' id='word_1_29' title='bbox 1058 414 1097 450; x_wconf 80' lang='lat' dir='ltr'>et</span> <span class='ocrx_word' id='word_1_30' title='bbox 1126 407 1317 463; x_wconf 77' lang='grc' dir='ltr'><em>Βορηιάς,</em></span> <span class='ocrx_word' id='word_1_31' title='bbox 1339 409 1448 462; x_wconf 87' lang='lat' dir='ltr'>quod</span> <span class='ocrx_word' id='word_1_32' title='bbox 1465 409 1513 450; x_wconf 90' lang='lat' dir='ltr'>H.</span> <span class='ocrx_word' id='word_1_33' title='bbox 1533 410 1632 451; x_wconf 83' lang='lat' dir='ltr'>Ste-</span> 
     </span>
     <span class='ocr_line' id='line_1_5' title="bbox 156 470 1632 529; baseline 0.001 -16"><span class='ocrx_word' id='word_1_34' title='bbox 156 474 317 527; x_wconf 91' lang='lat' dir='ltr'>phanus</span> <span class='ocrx_word' id='word_1_35' title='bbox 359 484 409 514; x_wconf 84' lang='lat' dir='ltr'>ex</span> <span class='ocrx_word' id='word_1_36' title='bbox 447 474 738 526; x_wconf 79' lang='lat' dir='ltr'>epigrammate</span> <span class='ocrx_word' id='word_1_37' title='bbox 781 476 922 527; x_wconf 85' lang='lat' dir='ltr'>ignoto</span> <span class='ocrx_word' id='word_1_38' title='bbox 954 476 1089 529; x_wconf 81' lang='lat' dir='ltr'>affert⁷</span> <span class='ocrx_word' id='word_1_39' title='bbox 1129 475 1341 529; x_wconf 78' lang='grc' dir='ltr'><em>Κυθερηίς</em></span> <span class='ocrx_word' id='word_1_40' title='bbox 1379 470 1632 527; x_wconf 81' lang='grc' dir='ltr'><em>Κυθερηιάς,</em></span> 
     </span>
     <span class='ocr_line' id='line_1_6' title="bbox 161 535 1635 594; baseline -0.001 -15"><span class='ocrx_word' id='word_1_41' title='bbox 161 539 366 593; x_wconf 83' lang='grc' dir='ltr'><em>Πιμπληίς</em></span> <span class='ocrx_word' id='word_1_42' title='bbox 399 536 631 593; x_wconf 76' lang='grc' dir='ltr'><em>Πιμπληιάς</em></span> <span class='ocrx_word' id='word_1_43' title='bbox 671 541 832 581; x_wconf 79' lang='lat' dir='ltr'>Maxim.</span> <span class='ocrx_word' id='word_1_44' title='bbox 867 541 956 583; x_wconf 75' lang='grc'><strong>141.</strong></span> <span class='ocrx_word' id='word_1_45' title='bbox 990 537 1180 594; x_wconf 66' lang='lat' dir='ltr'>‘Ympm&#39;g</span> <span class='ocrx_word' id='word_1_46' title='bbox 1208 541 1320 582; x_wconf 85' lang='lat' dir='ltr'>Pind.</span> <span class='ocrx_word' id='word_1_47' title='bbox 1352 544 1391 582; x_wconf 82' lang='lat' dir='ltr'>et</span> <span class='ocrx_word' id='word_1_48' title='bbox 1413 535 1635 592; x_wconf 66' lang='lat' dir='ltr'>‘Tnepmoig</span> 
     </span>
     <span class='ocr_line' id='line_1_7' title="bbox 159 602 1634 660; baseline -0.001 -13"><span class='ocrx_word' id='word_1_49' title='bbox 159 605 300 658; x_wconf 91' lang='lat' dir='ltr'>Steph.</span> <span class='ocrx_word' id='word_1_50' title='bbox 330 605 593 658; x_wconf 69' lang='lat' dir='ltr'>similiterque</span> <span class='ocrx_word' id='word_1_51' title='bbox 620 602 862 660; x_wconf 75' lang='grc' dir='ltr'><em>Ὠκεανηιάς</em></span> <span class='ocrx_word' id='word_1_52' title='bbox 881 606 1013 648; x_wconf 86' lang='lat' dir='ltr'>Nonn.</span> <span class='ocrx_word' id='word_1_53' title='bbox 1034 608 1190 648; x_wconf 83' lang='lat' dir='ltr'>XXXII.</span> <span class='ocrx_word' id='word_1_54' title='bbox 1211 607 1275 649; x_wconf 88' lang='lat'><strong>33.</strong></span> <span class='ocrx_word' id='word_1_55' title='bbox 1294 606 1478 659; x_wconf 77' lang='grc' dir='ltr'><em>Μινυηίς</em></span> <span class='ocrx_word' id='word_1_56' title='bbox 1499 604 1634 657; x_wconf 91' lang='lat' dir='ltr'>Apol-</span> 
     </span>
     <span class='ocr_line' id='line_1_8' title="bbox 158 671 1633 727; baseline 0 -16"><span class='ocrx_word' id='word_1_57' title='bbox 158 671 240 712; x_wconf 90' lang='lat' dir='ltr'>lon.</span> <span class='ocrx_word' id='word_1_58' title='bbox 269 675 308 712; x_wconf 89' lang='lat' dir='ltr'>et</span> <span class='ocrx_word' id='word_1_59' title='bbox 338 671 550 725; x_wconf 78' lang='lat' dir='ltr'>Minyeias,</span> <span class='ocrx_word' id='word_1_60' title='bbox 580 672 812 726; x_wconf 84' lang='lat' dir='ltr'>Pelopeias,</span> <span class='ocrx_word' id='word_1_61' title='bbox 840 673 1083 727; x_wconf 73' lang='lat' dir='ltr'>Ephyreias‚</span> <span class='ocrx_word' id='word_1_62' title='bbox 1114 673 1356 726; x_wconf 81' lang='lat' dir='ltr'>quibuscum</span> <span class='ocrx_word' id='word_1_63' title='bbox 1385 682 1504 714; x_wconf 89' lang='lat' dir='ltr'>nemo</span> <span class='ocrx_word' id='word_1_64' title='bbox 1528 681 1633 712; x_wconf 91' lang='lat' dir='ltr'>con-</span> 
     </span>
     <span class='ocr_line' id='line_1_9' title="bbox 159 731 1633 791; baseline 0.001 -15"><span class='ocrx_word' id='word_1_65' title='bbox 159 736 299 777; x_wconf 88' lang='lat' dir='ltr'>tendet</span> <span class='ocrx_word' id='word_1_66' title='bbox 325 731 500 789; x_wconf 78' lang='grc' dir='ltr'><em>Ἀχαιιάς</em></span> <span class='ocrx_word' id='word_1_67' title='bbox 529 738 593 778; x_wconf 82' lang='lat' dir='ltr'>vel</span> <span class='ocrx_word' id='word_1_68' title='bbox 623 735 838 791; x_wconf 68' lang='grc' dir='ltr'><em>Λητωιὰς,</em></span> <span class='ocrx_word' id='word_1_69' title='bbox 879 739 971 778; x_wconf 92' lang='lat' dir='ltr'>solo</span> <span class='ocrx_word' id='word_1_70' title='bbox 1012 739 1134 790; x_wconf 89' lang='lat' dir='ltr'>alpha</span> <span class='ocrx_word' id='word_1_71' title='bbox 1174 743 1295 779; x_wconf 84' lang='lat' dir='ltr'>aucta</span> <span class='ocrx_word' id='word_1_72' title='bbox 1333 739 1435 779; x_wconf 89' lang='lat' dir='ltr'>citra</span> <span class='ocrx_word' id='word_1_73' title='bbox 1474 741 1633 789; x_wconf 85' lang='lat' dir='ltr'><strong>tropen.</strong></span> 
     </span>
     <span class='ocr_line' id='line_1_10' title="bbox 160 799 1632 857; baseline -0.001 -14"><span class='ocrx_word' id='word_1_74' title='bbox 160 801 243 843; x_wconf 91' lang='lat' dir='ltr'>Sed</span> <span class='ocrx_word' id='word_1_75' title='bbox 273 803 465 842; x_wconf 86' lang='lat' dir='ltr'>convenit</span> <span class='ocrx_word' id='word_1_76' title='bbox 494 802 572 843; x_wconf 88' lang='lat' dir='ltr'>huc</span> <span class='ocrx_word' id='word_1_77' title='bbox 600 799 823 857; x_wconf 74' lang='grc' dir='ltr'>Ἀγαθηιὰς</span> <span class='ocrx_word' id='word_1_78' title='bbox 857 800 995 851; x_wconf 74' lang='grc' dir='ltr'><strong><em>ἐννεὰς</em></strong></span> <span class='ocrx_word' id='word_1_79' title='bbox 1030 805 1182 856; x_wconf 76' lang='grc' dir='ltr'><em>βίβλων</em></span> <span class='ocrx_word' id='word_1_80' title='bbox 1217 804 1338 844; x_wconf 88' lang='lat' dir='ltr'>Anth.</span> <span class='ocrx_word' id='word_1_81' title='bbox 1367 803 1431 844; x_wconf 87' lang='lat' dir='ltr'><strong>VI.</strong></span> <span class='ocrx_word' id='word_1_82' title='bbox 1458 802 1526 844; x_wconf 82' lang='grc'>80.</span> <span class='ocrx_word' id='word_1_83' title='bbox 1556 811 1632 853; x_wconf 89' lang='lat' dir='ltr'>pro</span> 
     </span>
     <span class='ocr_line' id='line_1_11' title="bbox 159 863 1633 922; baseline 0.001 -16"><span class='ocrx_word' id='word_1_84' title='bbox 159 878 240 919; x_wconf 90' lang='lat' dir='ltr'>quo</span> <span class='ocrx_word' id='word_1_85' title='bbox 267 866 487 908; x_wconf 88' lang='lat' dir='ltr'>Jacobsius</span> <span class='ocrx_word' id='word_1_86' title='bbox 513 863 714 922; x_wconf 73' lang='grc' dir='ltr'>Ἀγαθηία</span> <span class='ocrx_word' id='word_1_87' title='bbox 745 870 884 921; x_wconf 89' lang='lat' dir='ltr'>posuit</span> <span class='ocrx_word' id='word_1_88' title='bbox 914 869 1087 911; x_wconf 85' lang='lat' dir='ltr'>dialecto</span> <span class='ocrx_word' id='word_1_89' title='bbox 1120 870 1361 922; x_wconf 78' lang='lat' dir='ltr'>discrepans</span> <span class='ocrx_word' id='word_1_90' title='bbox 1393 879 1417 909; x_wconf 90' lang='lat' dir='ltr'>a</span> <span class='ocrx_word' id='word_1_91' title='bbox 1445 868 1633 920; x_wconf 84' lang='lat' dir='ltr'>proximo</span> 
     </span>
     <span class='ocr_line' id='line_1_12' title="bbox 162 932 1634 987; baseline 0.001 -15"><span class='ocrx_word' id='word_1_92' title='bbox 162 933 309 986; x_wconf 77' lang='grc' dir='ltr'><em>Παφίη</em></span> <span class='ocrx_word' id='word_1_93' title='bbox 327 964 336 980; x_wconf 90' lang='grc'>,</span> <span class='ocrx_word' id='word_1_94' title='bbox 364 944 496 984; x_wconf 86' lang='lat' dir='ltr'>neque</span> <span class='ocrx_word' id='word_1_95' title='bbox 526 935 809 975; x_wconf 90' lang='lat' dir='ltr'>necessarium</span> <span class='ocrx_word' id='word_1_96' title='bbox 838 946 1156 987; x_wconf 80' lang='lat' dir='ltr'>usquequaque3</span> <span class='ocrx_word' id='word_1_97' title='bbox 1192 946 1285 975; x_wconf 91' lang='lat' dir='ltr'>nam</span> <span class='ocrx_word' id='word_1_98' title='bbox 1323 938 1367 975; x_wconf 89' lang='lat' dir='ltr'>ut</span> <span class='ocrx_word' id='word_1_99' title='bbox 1397 934 1447 974; x_wconf 89' lang='lat' dir='ltr'>ab</span> <span class='ocrx_word' id='word_1_100' title='bbox 1478 932 1634 974; x_wconf 88' lang='lat' dir='ltr'>andro-</span> 
     </span>
     <span class='ocr_line' id='line_1_13' title="bbox 157 990 1637 1054; baseline 0 -16"><span class='ocrx_word' id='word_1_101' title='bbox 157 999 330 1050; x_wconf 81' lang='lat' dir='ltr'>nymicis</span> <span class='ocrx_word' id='word_1_102' title='bbox 359 998 401 1038; x_wconf 88' lang='lat' dir='ltr'>in</span> <span class='ocrx_word' id='word_1_103' title='bbox 433 990 500 1046; x_wconf 38' lang='lat' dir='ltr'><em>&#39;LO—9</em></span> <span class='ocrx_word' id='word_1_104' title='bbox 539 1004 579 1040; x_wconf 92' lang='lat' dir='ltr'>et</span> <span class='ocrx_word' id='word_1_105' title='bbox 617 991 685 1049; x_wconf 59' lang='grc' dir='ltr'>ιῖξ</span> <span class='ocrx_word' id='word_1_106' title='bbox 720 1000 1001 1042; x_wconf 83' lang='lat' dir='ltr'>desinentibus</span> <span class='ocrx_word' id='word_1_107' title='bbox 1040 1002 1355 1054; x_wconf 86' lang='lat' dir='ltr'>proficiscuntur</span> <span class='ocrx_word' id='word_1_108' title='bbox 1392 999 1637 1053; x_wconf 84' lang='lat' dir='ltr'>possessiva</span> 
     </span>
     <span class='ocr_line' id='line_1_14' title="bbox 159 1065 1637 1120; baseline -0.001 -14"><span class='ocrx_word' id='word_1_109' title='bbox 159 1067 203 1106; x_wconf 90' lang='grc' dir='ltr'><strong><em>Γ</em></strong></span> <span class='ocrx_word' id='word_1_110' title='bbox 198 1065 380 1118; x_wconf 78' lang='grc' dir='ltr'><em>οργίειος,</em></span> <span class='ocrx_word' id='word_1_111' title='bbox 411 1065 672 1117; x_wconf 79' lang='grc' dir='ltr'><em>Ναυπλίειος,</em></span> <span class='ocrx_word' id='word_1_112' title='bbox 705 1068 952 1118; x_wconf 19' lang='grc' dir='ltr'><em>Κλειηνίειος,</em></span> <span class='ocrx_word' id='word_1_113' title='bbox 983 1068 1041 1108; x_wconf 82' lang='lat' dir='ltr'>ita</span> <span class='ocrx_word' id='word_1_114' title='bbox 1072 1067 1179 1120; x_wconf 84' lang='lat' dir='ltr'>quod</span> <span class='ocrx_word' id='word_1_115' title='bbox 1212 1067 1263 1107; x_wconf 87' lang='lat' dir='ltr'>ad</span> <span class='ocrx_word' id='word_1_116' title='bbox 1292 1066 1507 1118; x_wconf 86' lang='lat' dir='ltr'>Agathiam</span> <span class='ocrx_word' id='word_1_117' title='bbox 1538 1074 1637 1117; x_wconf 84' lang='lat' dir='ltr'>per-</span> 
     </span>
     <span class='ocr_line' id='line_1_15' title="bbox 160 1126 1637 1187; baseline -0.002 -15"><span class='ocrx_word' id='word_1_118' title='bbox 160 1131 273 1184; x_wconf 84' lang='lat' dir='ltr'>tinet,</span> <span class='ocrx_word' id='word_1_119' title='bbox 298 1126 531 1184; x_wconf 79' lang='grc' dir='ltr'><em>Ἀγαθίειον</em></span> <span class='ocrx_word' id='word_1_120' title='bbox 563 1132 730 1187; x_wconf 86' lang='lat' dir='ltr'>dicitur,</span> <span class='ocrx_word' id='word_1_121' title='bbox 769 1133 876 1174; x_wconf 92' lang='lat' dir='ltr'>unde</span> <span class='ocrx_word' id='word_1_122' title='bbox 914 1133 1039 1175; x_wconf 89' lang='lat' dir='ltr'>solita</span> <span class='ocrx_word' id='word_1_123' title='bbox 1079 1133 1272 1174; x_wconf 84' lang='lat' dir='ltr'>antithesi</span> <span class='ocrx_word' id='word_1_124' title='bbox 1296 1127 1534 1185; x_wconf 75' lang='grc' dir='ltr'><em>Ἀγαθιήιος</em></span> <span class='ocrx_word' id='word_1_125' title='bbox 1557 1140 1637 1170; x_wconf 92' lang='lat' dir='ltr'>na-</span> 
     </span>
     <span class='ocr_line' id='line_1_16' title="bbox 159 1191 1636 1252; baseline -0.002 -14"><span class='ocrx_word' id='word_1_126' title='bbox 159 1197 289 1238; x_wconf 83' lang='lat' dir='ltr'>scitur</span> <span class='ocrx_word' id='word_1_127' title='bbox 325 1201 365 1238; x_wconf 94' lang='lat' dir='ltr'>et</span> <span class='ocrx_word' id='word_1_128' title='bbox 403 1199 699 1250; x_wconf 88' lang='lat' dir='ltr'>praetermisso</span> <span class='ocrx_word' id='word_1_129' title='bbox 739 1200 826 1241; x_wconf 89' lang='lat' dir='ltr'>iota</span> <span class='ocrx_word' id='word_1_130' title='bbox 871 1200 1112 1240; x_wconf 85' lang='lat' dir='ltr'>refractario</span> <span class='ocrx_word' id='word_1_131' title='bbox 1145 1194 1367 1252; x_wconf 78' lang='grc' dir='ltr'>Ἀγαθήιος</span> <span class='ocrx_word' id='word_1_132' title='bbox 1399 1191 1636 1250; x_wconf 75' lang='grc' dir='ltr'><em>Ἀγαθηιάς,</em></span> 
     </span>
     <span class='ocr_line' id='line_1_17' title="bbox 160 1259 1638 1318; baseline -0.001 -16"><span class='ocrx_word' id='word_1_133' title='bbox 160 1273 265 1314; x_wconf 91' lang='lat' dir='ltr'>quae</span> <span class='ocrx_word' id='word_1_134' title='bbox 296 1262 346 1303; x_wconf 90' lang='lat' dir='ltr'>ad</span> <span class='ocrx_word' id='word_1_135' title='bbox 375 1264 621 1315; x_wconf 86' lang='lat' dir='ltr'>primitivum</span> <span class='ocrx_word' id='word_1_136' title='bbox 652 1266 850 1306; x_wconf 89' lang='lat' dir='ltr'>remotius</span> <span class='ocrx_word' id='word_1_137' title='bbox 881 1261 1042 1318; x_wconf 76' lang='grc' dir='ltr'><em>ἀγαθός</em></span> <span class='ocrx_word' id='word_1_138' title='bbox 1072 1264 1288 1306; x_wconf 87' lang='lat' dir='ltr'>referenda</span> <span class='ocrx_word' id='word_1_139' title='bbox 1308 1259 1638 1318; x_wconf 76' lang='grc' dir='ltr'>511ῐιῐ,υιἸλήιος</span> 
     </span>
     <span class='ocr_line' id='line_1_18' title="bbox 159 1323 1637 1384; baseline 0 -16"><span class='ocrx_word' id='word_1_140' title='bbox 159 1328 203 1369; x_wconf 94' lang='lat' dir='ltr'>Il.</span> <span class='ocrx_word' id='word_1_141' title='bbox 230 1328 333 1369; x_wconf 79' lang='lat' dir='ltr'><strong>XXI.</strong></span> <span class='ocrx_word' id='word_1_142' title='bbox 364 1329 457 1371; x_wconf 78' lang='lat'><strong>558.</strong></span> <span class='ocrx_word' id='word_1_143' title='bbox 490 1341 564 1382; x_wconf 91' lang='lat' dir='ltr'>pro</span> <span class='ocrx_word' id='word_1_144' title='bbox 596 1342 676 1382; x_wconf 86' lang='lat' dir='ltr'>quo</span> <span class='ocrx_word' id='word_1_145' title='bbox 709 1331 854 1371; x_wconf 88' lang='lat' dir='ltr'>Crates</span> <span class='ocrx_word' id='word_1_146' title='bbox 880 1328 1027 1384; x_wconf 77' lang='grc' dir='ltr'><em>Ἰὄήιος</em></span> <span class='ocrx_word' id='word_1_147' title='bbox 1059 1332 1227 1384; x_wconf 83' lang='lat' dir='ltr'>optavit,</span> <span class='ocrx_word' id='word_1_148' title='bbox 1258 1330 1308 1372; x_wconf 89' lang='lat' dir='ltr'>ad</span> <span class='ocrx_word' id='word_1_149' title='bbox 1330 1323 1446 1381; x_wconf 79' lang='grc' dir='ltr'><em>Ἶλος,</em></span> <span class='ocrx_word' id='word_1_150' title='bbox 1476 1340 1559 1370; x_wconf 90' lang='lat' dir='ltr'>non</span> <span class='ocrx_word' id='word_1_151' title='bbox 1587 1327 1637 1369; x_wconf 90' lang='lat' dir='ltr'>ad</span> 
     </span>
     <span class='ocr_line' id='line_1_19' title="bbox 148 1390 1636 1450; baseline -0.001 -16"><span class='ocrx_word' id='word_1_152' title='bbox 148 1390 278 1435; x_wconf 78' lang='grc' dir='ltr'><em>Ἴλιον</em></span> <span class='ocrx_word' id='word_1_153' title='bbox 303 1394 409 1435; x_wconf 87' lang='lat' dir='ltr'>unde</span> <span class='ocrx_word' id='word_1_154' title='bbox 440 1395 680 1437; x_wconf 87' lang='lat' dir='ltr'>solemnium</span> <span class='ocrx_word' id='word_1_155' title='bbox 711 1408 860 1437; x_wconf 89' lang='lat' dir='ltr'>nomen</span> <span class='ocrx_word' id='word_1_156' title='bbox 888 1393 940 1437; x_wconf 79' lang='grc' dir='ltr'>τὰ</span> <span class='ocrx_word' id='word_1_157' title='bbox 966 1393 1107 1447; x_wconf 78' lang='grc' dir='ltr'><em>Ἰλίεια,</em></span> <span class='ocrx_word' id='word_1_158' title='bbox 1140 1400 1179 1437; x_wconf 89' lang='lat' dir='ltr'>et</span> <span class='ocrx_word' id='word_1_159' title='bbox 1209 1397 1392 1450; x_wconf 79' lang='grc' dir='ltr'><em>Δωτηῐς,</em></span> <span class='ocrx_word' id='word_1_160' title='bbox 1431 1390 1636 1447; x_wconf 80' lang='grc' dir='ltr'><em>Δωτήιον,</em></span> 
     </span>
     <span class='ocr_line' id='line_1_20' title="bbox 163 1458 1638 1515; baseline -0.001 -14"><span class='ocrx_word' id='word_1_161' title='bbox 163 1461 382 1515; x_wconf 77' lang='grc' dir='ltr'><em>Ζεφυρηίς,</em></span> <span class='ocrx_word' id='word_1_162' title='bbox 414 1458 638 1514; x_wconf 75' lang='grc' dir='ltr'><em>σκορπήιος</em></span> <span class='ocrx_word' id='word_1_163' title='bbox 668 1459 918 1514; x_wconf 76' lang='grc' dir='ltr'><em>(σκόρπειος)</em></span> <span class='ocrx_word' id='word_1_164' title='bbox 951 1462 1111 1514; x_wconf 87' lang='lat' dir='ltr'>aliaque</span> <span class='ocrx_word' id='word_1_165' title='bbox 1138 1462 1180 1502; x_wconf 90' lang='lat' dir='ltr'>in</span> <span class='ocrx_word' id='word_1_166' title='bbox 1206 1462 1351 1503; x_wconf 82' lang='lat' dir='ltr'>Parall.</span> <span class='ocrx_word' id='word_1_167' title='bbox 1381 1461 1446 1503; x_wconf 75' lang='lat'><strong>28.</strong></span> <span class='ocrx_word' id='word_1_168' title='bbox 1480 1469 1638 1511; x_wconf 81' lang='lat' dir='ltr'>congc-</span> 
     </span>
     <span class='ocr_line' id='line_1_21' title="bbox 162 1523 1639 1580; baseline -0.002 -13"><span class='ocrx_word' id='word_1_169' title='bbox 162 1531 238 1580; x_wconf 87' lang='lat' dir='ltr'>sta⁷</span> <span class='ocrx_word' id='word_1_170' title='bbox 268 1538 374 1579; x_wconf 90' lang='lat' dir='ltr'>quae</span> <span class='ocrx_word' id='word_1_171' title='bbox 403 1527 439 1567; x_wconf 90' lang='lat' dir='ltr'>si</span> <span class='ocrx_word' id='word_1_172' title='bbox 469 1537 559 1566; x_wconf 90' lang='lat' dir='ltr'>cum</span> <span class='ocrx_word' id='word_1_173' title='bbox 590 1528 822 1579; x_wconf 76' lang='lat' dir='ltr'>prototypis</span> <span class='ocrx_word' id='word_1_174' title='bbox 854 1529 1051 1579; x_wconf 80' lang='lat' dir='ltr'>proximis</span> <span class='ocrx_word' id='word_1_175' title='bbox 1069 1528 1245 1577; x_wconf 77' lang='grc' dir='ltr'><em>Δωτίον,</em></span> <span class='ocrx_word' id='word_1_176' title='bbox 1273 1523 1495 1580; x_wconf 71' lang='grc' dir='ltr'><em>Ζεφύριον,</em></span> <span class='ocrx_word' id='word_1_177' title='bbox 1519 1533 1639 1577; x_wconf 78' lang='grc' dir='ltr'>σκορ-</span> 
     </span>
     <span class='ocr_line' id='line_1_22' title="bbox 160 1591 1639 1646; baseline -0.002 -13"><span class='ocrx_word' id='word_1_178' title='bbox 160 1591 254 1639; x_wconf 81' lang='grc' dir='ltr'><strong><em>πίος</em></strong></span> <span class='ocrx_word' id='word_1_179' title='bbox 284 1593 561 1645; x_wconf 78' lang='lat' dir='ltr'>conseruntur,</span> <span class='ocrx_word' id='word_1_180' title='bbox 593 1593 773 1644; x_wconf 87' lang='lat' dir='ltr'>speciem</span> <span class='ocrx_word' id='word_1_181' title='bbox 804 1593 960 1646; x_wconf 90' lang='lat' dir='ltr'>ellipsis</span> <span class='ocrx_word' id='word_1_182' title='bbox 992 1593 1190 1645; x_wconf 83' lang='lat' dir='ltr'>praebent</span> <span class='ocrx_word' id='word_1_183' title='bbox 1213 1604 1261 1633; x_wconf 89' lang='lat' dir='ltr'>ac</span> <span class='ocrx_word' id='word_1_184' title='bbox 1282 1592 1502 1645; x_wconf 80' lang='lat' dir='ltr'>praecipue</span> <span class='ocrx_word' id='word_1_185' title='bbox 1521 1599 1639 1642; x_wconf 80' lang='grc' dir='ltr'>σκορ-</span> 
     </span>
     <span class='ocr_line' id='line_1_23' title="bbox 159 1654 1641 1711; baseline -0.003 -12"><span class='ocrx_word' id='word_1_186' title='bbox 159 1654 292 1711; x_wconf 82' lang='grc' dir='ltr'><em>πήιος.</em></span> <span class='ocrx_word' id='word_1_187' title='bbox 349 1656 611 1709; x_wconf 82' lang='lat' dir='ltr'>Appellativa</span> <span class='ocrx_word' id='word_1_188' title='bbox 641 1657 761 1708; x_wconf 80' lang='lat' dir='ltr'>huJus</span> <span class='ocrx_word' id='word_1_189' title='bbox 791 1660 955 1710; x_wconf 85' lang='lat' dir='ltr'>generis</span> <span class='ocrx_word' id='word_1_190' title='bbox 985 1670 1118 1711; x_wconf 88' lang='lat' dir='ltr'>pauca</span> <span class='ocrx_word' id='word_1_191' title='bbox 1147 1663 1263 1710; x_wconf 82' lang='lat' dir='ltr'>sunt3</span> <span class='ocrx_word' id='word_1_192' title='bbox 1298 1669 1420 1699; x_wconf 89' lang='lat' dir='ltr'>unum</span> <span class='ocrx_word' id='word_1_193' title='bbox 1448 1655 1641 1698; x_wconf 87' lang='lat' dir='ltr'>Nicandri</span> 
     </span>
     <span class='ocr_line' id='line_1_24' title="bbox 164 1718 1639 1778; baseline -0.002 -13"><span class='ocrx_word' id='word_1_194' title='bbox 164 1723 282 1765; x_wconf 84' lang='lat' dir='ltr'>Ther.</span> <span class='ocrx_word' id='word_1_195' title='bbox 318 1722 410 1765; x_wconf 81' lang='lat'><strong>887.</strong></span> <span class='ocrx_word' id='word_1_196' title='bbox 450 1721 560 1763; x_wconf 82' lang='grc' dir='ltr'><em>σίδαι</em></span> <span class='ocrx_word' id='word_1_197' title='bbox 588 1746 642 1751; x_wconf 89' lang='lat'>—</span> <span class='ocrx_word' id='word_1_198' title='bbox 679 1718 888 1778; x_wconf 75' lang='grc' dir='ltr'><em>ἆμαθηιὰς</em></span> <span class='ocrx_word' id='word_1_199' title='bbox 918 1721 966 1772; x_wconf 72' lang='grc' dir='ltr'>ἃς</span> <span class='ocrx_word' id='word_1_200' title='bbox 1000 1721 1139 1778; x_wconf 76' lang='grc' dir='ltr'><em>τρέφει</em></span> <span class='ocrx_word' id='word_1_201' title='bbox 1168 1719 1258 1777; x_wconf 78' lang='grc' dir='ltr'><em>αἶα,</em></span> <span class='ocrx_word' id='word_1_202' title='bbox 1288 1724 1361 1765; x_wconf 86' lang='lat' dir='ltr'>sed</span> <span class='ocrx_word' id='word_1_203' title='bbox 1390 1724 1639 1764; x_wconf 86' lang='lat' dir='ltr'>immutatum</span> 
     </span>
     <span class='ocr_line' id='line_1_25' title="bbox 160 1786 1640 1844; baseline -0.002 -13"><span class='ocrx_word' id='word_1_204' title='bbox 160 1799 292 1841; x_wconf 85' lang='lat' dir='ltr'>nuper</span> <span class='ocrx_word' id='word_1_205' title='bbox 323 1787 373 1829; x_wconf 85' lang='lat' dir='ltr'>ad</span> <span class='ocrx_word' id='word_1_206' title='bbox 400 1792 539 1829; x_wconf 88' lang='lat' dir='ltr'>nutum</span> <span class='ocrx_word' id='word_1_207' title='bbox 570 1788 708 1829; x_wconf 84' lang='lat' dir='ltr'>Schol.</span> <span class='ocrx_word' id='word_1_208' title='bbox 741 1794 780 1831; x_wconf 82' lang='lat' dir='ltr'>et</span> <span class='ocrx_word' id='word_1_209' title='bbox 811 1790 900 1832; x_wconf 89' lang='lat' dir='ltr'>cod.</span> <span class='ocrx_word' id='word_1_210' title='bbox 930 1790 1199 1844; x_wconf 79' lang='grc' dir='ltr'><em>ψαμαθηίδας</em></span> <span class='ocrx_word' id='word_1_211' title='bbox 1229 1787 1276 1839; x_wconf 77' lang='grc' dir='ltr'>ἅς</span> <span class='ocrx_word' id='word_1_212' title='bbox 1295 1804 1336 1830; x_wconf 84' lang='grc' dir='ltr'>τε</span> <span class='ocrx_word' id='word_1_213' title='bbox 1363 1786 1543 1842; x_wconf 80' lang='grc' dir='ltr'><em>Τρόφεια</em></span> <span class='ocrx_word' id='word_1_214' title='bbox 1564 1791 1640 1829; x_wconf 83' lang='lat' dir='ltr'>etc.</span> 
     </span>
     <span class='ocr_line' id='line_1_26' title="bbox 162 1851 1643 1909; baseline -0.001 -13"><span class='ocrx_word' id='word_1_215' title='bbox 162 1855 335 1896; x_wconf 90' lang='lat' dir='ltr'>alterum</span> <span class='ocrx_word' id='word_1_216' title='bbox 371 1851 582 1909; x_wconf 77' lang='grc' dir='ltr'><em>πεληιάδες</em></span> <span class='ocrx_word' id='word_1_217' title='bbox 626 1856 798 1908; x_wconf 85' lang='lat' dir='ltr'>Oppian.</span> <span class='ocrx_word' id='word_1_218' title='bbox 839 1856 937 1908; x_wconf 75' lang='lat' dir='ltr'>Cyn.</span> <span class='ocrx_word' id='word_1_219' title='bbox 974 1857 1000 1897; x_wconf 94' lang='lat' dir='ltr'><strong>I.</strong></span> <span class='ocrx_word' id='word_1_220' title='bbox 1031 1856 1124 1898; x_wconf 78' lang='lat'><strong>350.</strong></span> <span class='ocrx_word' id='word_1_221' title='bbox 1164 1857 1228 1897; x_wconf 89' lang='lat' dir='ltr'>cui</span> <span class='ocrx_word' id='word_1_222' title='bbox 1268 1856 1398 1897; x_wconf 91' lang='lat' dir='ltr'>simile</span> <span class='ocrx_word' id='word_1_223' title='bbox 1439 1852 1643 1908; x_wconf 78' lang='grc' dir='ltr'><em>Πληιάδες</em></span> 
     </span>
     <span class='ocr_line' id='line_1_27' title="bbox 163 1919 1641 1975; baseline -0.001 -13"><span class='ocrx_word' id='word_1_224' title='bbox 163 1919 321 1962; x_wconf 90' lang='lat' dir='ltr'>Coraes</span> <span class='ocrx_word' id='word_1_225' title='bbox 370 1932 421 1962; x_wconf 80' lang='lat' dir='ltr'>ex</span> <span class='ocrx_word' id='word_1_226' title='bbox 466 1921 625 1962; x_wconf 92' lang='lat' dir='ltr'>Heliod.</span> <span class='ocrx_word' id='word_1_227' title='bbox 674 1922 718 1963; x_wconf 92' lang='lat' dir='ltr'>V.</span> <span class='ocrx_word' id='word_1_228' title='bbox 759 1922 829 1975; x_wconf 77' lang='lat'>18,</span> <span class='ocrx_word' id='word_1_229' title='bbox 871 1921 960 1963; x_wconf 77' lang='lat'><strong>106.</strong></span> <span class='ocrx_word' id='word_1_230' title='bbox 1000 1923 1167 1963; x_wconf 85' lang='lat' dir='ltr'>sustulit</span> <span class='ocrx_word' id='word_1_231' title='bbox 1214 1923 1365 1975; x_wconf 85' lang='lat' dir='ltr'>quippe</span> <span class='ocrx_word' id='word_1_232' title='bbox 1410 1921 1641 1974; x_wconf 88' lang='lat' dir='ltr'>poeticum;</span> 
     </span>
     <span class='ocr_line' id='line_1_28' title="bbox 162 1984 1642 2041; baseline -0.001 -15"><span class='ocrx_word' id='word_1_233' title='bbox 162 1997 240 2027; x_wconf 88' lang='lat' dir='ltr'>nec</span> <span class='ocrx_word' id='word_1_234' title='bbox 271 1985 389 2027; x_wconf 87' lang='lat' dir='ltr'>facile</span> <span class='ocrx_word' id='word_1_235' title='bbox 418 1987 661 2039; x_wconf 85' lang='lat' dir='ltr'>Hippocrati</span> <span class='ocrx_word' id='word_1_236' title='bbox 693 1987 942 2028; x_wconf 87' lang='lat' dir='ltr'>concedetur</span> <span class='ocrx_word' id='word_1_237' title='bbox 972 1986 1117 2040; x_wconf 79' lang='grc' dir='ltr'><em>κριθαὶ</em></span> <span class='ocrx_word' id='word_1_238' title='bbox 1140 1984 1408 2041; x_wconf 77' lang='grc' dir='ltr'><em>Ἀχιλληιάδες</em></span> <span class='ocrx_word' id='word_1_239' title='bbox 1437 1988 1478 2027; x_wconf 91' lang='lat' dir='ltr'>in</span> <span class='ocrx_word' id='word_1_240' title='bbox 1501 1986 1642 2027; x_wconf 88' lang='lat' dir='ltr'>Galeni</span> 
     </span>
     <span class='ocr_line' id='line_1_29' title="bbox 165 2049 1642 2111; baseline -0.001 -18"><span class='ocrx_word' id='word_1_241' title='bbox 165 2051 302 2093; x_wconf 90' lang='lat' dir='ltr'>Gloss.</span> <span class='ocrx_word' id='word_1_242' title='bbox 339 2052 546 2104; x_wconf 80' lang='lat' dir='ltr'>vulgatum</span> <span class='ocrx_word' id='word_1_243' title='bbox 587 2066 662 2106; x_wconf 92' lang='lat' dir='ltr'>pro</span> <span class='ocrx_word' id='word_1_244' title='bbox 698 2049 957 2111; x_wconf 33' lang='lat' dir='ltr'>’Axtmryt&#39;oegss</span> <span class='ocrx_word' id='word_1_245' title='bbox 997 2053 1107 2106; x_wconf 86' lang='lat' dir='ltr'>quod</span> <span class='ocrx_word' id='word_1_246' title='bbox 1143 2054 1277 2094; x_wconf 86' lang='lat' dir='ltr'>nostri</span> <span class='ocrx_word' id='word_1_247' title='bbox 1312 2053 1404 2094; x_wconf 85' lang='lat' dir='ltr'>libri</span> <span class='ocrx_word' id='word_1_248' title='bbox 1442 2052 1642 2105; x_wconf 89' lang='lat' dir='ltr'>praebent</span> 
     </span>
     <span class='ocr_line' id='line_1_30' title="bbox 162 2109 1643 2171; baseline 0 -13"><span class='ocrx_word' id='word_1_249' title='bbox 162 2116 206 2159; x_wconf 90' lang='lat' dir='ltr'>L.</span> <span class='ocrx_word' id='word_1_250' title='bbox 236 2117 300 2159; x_wconf 88' lang='lat' dir='ltr'><strong>III.</strong></span> <span class='ocrx_word' id='word_1_251' title='bbox 332 2117 381 2158; x_wconf 91' lang='lat' dir='ltr'>de</span> <span class='ocrx_word' id='word_1_252' title='bbox 407 2119 537 2160; x_wconf 84' lang='lat' dir='ltr'>Morb.</span> <span class='ocrx_word' id='word_1_253' title='bbox 568 2131 606 2171; x_wconf 94' lang='lat' dir='ltr'>p.</span> <span class='ocrx_word' id='word_1_254' title='bbox 637 2120 728 2162; x_wconf 85' lang='lat'><strong>321.</strong></span> <span class='ocrx_word' id='word_1_255' title='bbox 758 2124 797 2160; x_wconf 89' lang='lat' dir='ltr'>et</span> <span class='ocrx_word' id='word_1_256' title='bbox 827 2119 919 2160; x_wconf 89' lang='lat'><strong>322.</strong></span> <span class='ocrx_word' id='word_1_257' title='bbox 940 2109 994 2160; x_wconf 80' lang='lat' dir='ltr'><strong>T.</strong></span> <span class='ocrx_word' id='word_1_258' title='bbox 1024 2120 1071 2160; x_wconf 95' lang='grc' dir='ltr'>ΙΙ.</span> <span class='ocrx_word' id='word_1_259' title='bbox 1125 2119 1237 2160; x_wconf 88' lang='lat' dir='ltr'>Haec</span> <span class='ocrx_word' id='word_1_260' title='bbox 1267 2119 1371 2160; x_wconf 91' lang='lat' dir='ltr'>enim</span> <span class='ocrx_word' id='word_1_261' title='bbox 1411 2122 1506 2159; x_wconf 88' lang='lat' dir='ltr'>sunt</span> <span class='ocrx_word' id='word_1_262' title='bbox 1535 2128 1643 2170; x_wconf 92' lang='lat' dir='ltr'>poe-</span> 
     </span>
     <span class='ocr_line' id='line_1_31' title="bbox 163 2183 1643 2238; baseline 0.001 -16"><span class='ocrx_word' id='word_1_263' title='bbox 163 2187 293 2223; x_wconf 91' lang='lat' dir='ltr'>tarum</span> <span class='ocrx_word' id='word_1_264' title='bbox 324 2184 494 2225; x_wconf 85' lang='lat' dir='ltr'>artificia</span> <span class='ocrx_word' id='word_1_265' title='bbox 525 2186 706 2238; x_wconf 84' lang='lat' dir='ltr'>propria,</span> <span class='ocrx_word' id='word_1_266' title='bbox 738 2185 885 2237; x_wconf 89' lang='lat' dir='ltr'>quibus</span> <span class='ocrx_word' id='word_1_267' title='bbox 918 2185 1037 2226; x_wconf 88' lang='lat' dir='ltr'>iidem</span> <span class='ocrx_word' id='word_1_268' title='bbox 1069 2186 1226 2226; x_wconf 87' lang='lat' dir='ltr'>confine</span> <span class='ocrx_word' id='word_1_269' title='bbox 1256 2195 1385 2236; x_wconf 86' lang='lat' dir='ltr'>genus</span> <span class='ocrx_word' id='word_1_270' title='bbox 1406 2183 1643 2236; x_wconf 82' lang='lat' dir='ltr'>gentilicio—</span> 
     </span>
     <span class='ocr_line' id='line_1_32' title="bbox 162 2248 1642 2304; baseline 0.001 -16"><span class='ocrx_word' id='word_1_271' title='bbox 162 2259 270 2302; x_wconf 86' lang='lat' dir='ltr'>rum,</span> <span class='ocrx_word' id='word_1_272' title='bbox 312 2252 685 2301; x_wconf 70' lang='lat' dir='ltr'>patronymicorum</span> <span class='ocrx_word' id='word_1_273' title='bbox 723 2256 761 2291; x_wconf 87' lang='lat' dir='ltr'>et</span> <span class='ocrx_word' id='word_1_274' title='bbox 803 2252 921 2303; x_wconf 86' lang='lat' dir='ltr'>quasi</span> <span class='ocrx_word' id='word_1_275' title='bbox 959 2251 1334 2304; x_wconf 72' lang='lat' dir='ltr'>patronymicorum</span> <span class='ocrx_word' id='word_1_276' title='bbox 1372 2249 1516 2290; x_wconf 91' lang='lat' dir='ltr'>usibus</span> <span class='ocrx_word' id='word_1_277' title='bbox 1556 2248 1642 2290; x_wconf 88' lang='lat' dir='ltr'>suis</span> 
     </span>
     <span class='ocr_line' id='line_1_33' title="bbox 164 2309 1643 2370; baseline 0.001 -16"><span class='ocrx_word' id='word_1_278' title='bbox 164 2313 381 2367; x_wconf 91' lang='lat' dir='ltr'>adaptant:</span> <span class='ocrx_word' id='word_1_279' title='bbox 413 2313 731 2370; x_wconf 72' lang='grc' dir='ltr'><em>Εὐρωπηιάόης,</em></span> <span class='ocrx_word' id='word_1_280' title='bbox 762 2316 1045 2367; x_wconf 70' lang='lat' dir='ltr'>Epliyreiades</span> <span class='ocrx_word' id='word_1_281' title='bbox 1078 2316 1135 2367; x_wconf 90' lang='lat' dir='ltr'>(id</span> <span class='ocrx_word' id='word_1_282' title='bbox 1167 2321 1231 2356; x_wconf 92' lang='lat' dir='ltr'>est</span> <span class='ocrx_word' id='word_1_283' title='bbox 1263 2313 1519 2368; x_wconf 86' lang='lat' dir='ltr'>Corinthius)</span> <span class='ocrx_word' id='word_1_284' title='bbox 1548 2309 1643 2355; x_wconf 84' lang='grc' dir='ltr'>Αὐ-</span> 
     </span>
     <span class='ocr_line' id='line_1_34' title="bbox 164 2378 1641 2436; baseline 0 -16"><span class='ocrx_word' id='word_1_285' title='bbox 164 2378 348 2434; x_wconf 69' lang='grc' dir='ltr'><em>γηιάόης,</em></span> <span class='ocrx_word' id='word_1_286' title='bbox 374 2379 617 2436; x_wconf 75' lang='grc' dir='ltr'><em>Βορηιάὸης,</em></span> <span class='ocrx_word' id='word_1_287' title='bbox 646 2378 969 2435; x_wconf 78' lang='grc' dir='ltr'><em>Ἀμφιαρηιάδης</em></span> <span class='ocrx_word' id='word_1_288' title='bbox 998 2394 1034 2421; x_wconf 84' lang='lat' dir='ltr'><strong>v.</strong></span> <span class='ocrx_word' id='word_1_289' title='bbox 1053 2381 1320 2422; x_wconf 80' lang='lat' dir='ltr'>Valckenaer.</span> <span class='ocrx_word' id='word_1_290' title='bbox 1343 2381 1470 2422; x_wconf 83' lang='lat' dir='ltr'>Diatr.</span> <span class='ocrx_word' id='word_1_291' title='bbox 1492 2391 1529 2432; x_wconf 87' lang='lat' dir='ltr'>p.</span> <span class='ocrx_word' id='word_1_292' title='bbox 1548 2379 1641 2421; x_wconf 76' lang='lat'><strong>287.</strong></span> 
     </span>
     <span class='ocr_line' id='line_1_35' title="bbox 159 2441 1641 2500; baseline -0.001 -14"><span class='ocrx_word' id='word_1_293' title='bbox 159 2441 377 2500; x_wconf 79' lang='grc' dir='ltr'>Ἀρηιάδης</span> <span class='ocrx_word' id='word_1_294' title='bbox 409 2447 540 2488; x_wconf 84' lang='lat' dir='ltr'>Cram.</span> <span class='ocrx_word' id='word_1_295' title='bbox 573 2449 618 2489; x_wconf 90' lang='grc' dir='ltr'>ΙΙ.</span> <span class='ocrx_word' id='word_1_296' title='bbox 649 2448 742 2489; x_wconf 76' lang='grc'><strong>346.</strong></span> <span class='ocrx_word' id='word_1_297' title='bbox 778 2443 1084 2500; x_wconf 80' lang='grc' dir='ltr'><em>Πελοπηιάδης,</em></span> <span class='ocrx_word' id='word_1_298' title='bbox 1127 2450 1243 2499; x_wconf 84' lang='lat' dir='ltr'>cujus</span> <span class='ocrx_word' id='word_1_299' title='bbox 1282 2458 1410 2487; x_wconf 81' lang='lat' dir='ltr'>causa</span> <span class='ocrx_word' id='word_1_300' title='bbox 1446 2445 1641 2487; x_wconf 79' lang='lat' dir='ltr'>Matthiae</span> 
     </span>
     <span class='ocr_line' id='line_1_36' title="bbox 164 2508 1640 2565; baseline 0 -14"><span class='ocrx_word' id='word_1_301' title='bbox 164 2512 206 2551; x_wconf 88' lang='lat' dir='ltr'>in</span> <span class='ocrx_word' id='word_1_302' title='bbox 245 2512 415 2554; x_wconf 88' lang='lat' dir='ltr'>Gramm.</span> <span class='ocrx_word' id='word_1_303' title='bbox 456 2518 496 2561; x_wconf 83' lang='lat'><strong>§.</strong></span> <span class='ocrx_word' id='word_1_304' title='bbox 530 2513 619 2555; x_wconf 86' lang='lat'><strong>100.</strong></span> <span class='ocrx_word' id='word_1_305' title='bbox 660 2514 773 2565; x_wconf 80' lang='lat' dir='ltr'>fingit</span> <span class='ocrx_word' id='word_1_306' title='bbox 809 2512 1033 2553; x_wconf 87' lang='lat' dir='ltr'>inauditum</span> <span class='ocrx_word' id='word_1_307' title='bbox 1079 2509 1307 2564; x_wconf 69' lang='grc' dir='ltr'><em>Πελοπεύς,</em></span> <span class='ocrx_word' id='word_1_308' title='bbox 1343 2508 1640 2565; x_wconf 76' lang='grc' dir='ltr'><em>θαλαμηιάδης,</em></span> 
     </span>
     <span class='ocr_line' id='line_1_37' title="bbox 167 2577 1642 2630; baseline 0 -14"><span class='ocrx_word' id='word_1_309' title='bbox 167 2588 337 2629; x_wconf 87' lang='lat' dir='ltr'>quorum</span> <span class='ocrx_word' id='word_1_310' title='bbox 370 2590 489 2630; x_wconf 87' lang='lat' dir='ltr'>quam</span> <span class='ocrx_word' id='word_1_311' title='bbox 521 2584 635 2619; x_wconf 84' lang='lat' dir='ltr'>arcta</span> <span class='ocrx_word' id='word_1_312' title='bbox 666 2580 718 2620; x_wconf 92' lang='lat' dir='ltr'>sit</span> <span class='ocrx_word' id='word_1_313' title='bbox 750 2590 838 2619; x_wconf 90' lang='lat' dir='ltr'>cum</span> <span class='ocrx_word' id='word_1_314' title='bbox 869 2577 1207 2619; x_wconf 88' lang='lat' dir='ltr'>antecedentibus</span> <span class='ocrx_word' id='word_1_315' title='bbox 1239 2578 1427 2630; x_wconf 84' lang='lat' dir='ltr'>cognatio</span> <span class='ocrx_word' id='word_1_316' title='bbox 1458 2588 1538 2617; x_wconf 88' lang='lat' dir='ltr'>uno</span> <span class='ocrx_word' id='word_1_317' title='bbox 1566 2587 1642 2617; x_wconf 85' lang='lat' dir='ltr'>ex-</span> 
     </span>
     <span class='ocr_line' id='line_1_38' title="bbox 169 2637 1643 2696; baseline 0 -15"><span class='ocrx_word' id='word_1_318' title='bbox 169 2643 302 2694; x_wconf 91' lang='lat' dir='ltr'>emplo</span> <span class='ocrx_word' id='word_1_319' title='bbox 335 2644 438 2685; x_wconf 88' lang='lat' dir='ltr'>satis</span> <span class='ocrx_word' id='word_1_320' title='bbox 472 2646 739 2696; x_wconf 82' lang='lat' dir='ltr'>cognoscitur</span> <span class='ocrx_word' id='word_1_321' title='bbox 770 2656 793 2685; x_wconf 90' lang='lat' dir='ltr'>a</span> <span class='ocrx_word' id='word_1_322' title='bbox 822 2644 974 2685; x_wconf 89' lang='lat' dir='ltr'>Persae</span> <span class='ocrx_word' id='word_1_323' title='bbox 1004 2644 1224 2696; x_wconf 81' lang='lat' dir='ltr'>gentilibus</span> <span class='ocrx_word' id='word_1_324' title='bbox 1255 2647 1405 2685; x_wconf 89' lang='lat' dir='ltr'>sumto:</span> <span class='ocrx_word' id='word_1_325' title='bbox 1441 2637 1643 2695; x_wconf 83' lang='grc' dir='ltr'><em>Περσηιά-</em></span> 
     </span>
     <span class='ocr_line' id='line_1_39' title="bbox 167 2704 1642 2764; baseline 0.001 -18"><span class='ocrx_word' id='word_1_326' title='bbox 167 2705 241 2760; x_wconf 80' lang='grc' dir='ltr'>δης</span> <span class='ocrx_word' id='word_1_327' title='bbox 276 2707 393 2748; x_wconf 89' lang='lat' dir='ltr'>Hom.</span> <span class='ocrx_word' id='word_1_328' title='bbox 428 2710 602 2764; x_wconf 73' lang='grc' dir='ltr'><strong><em>Περσηίς</em></strong></span> <span class='ocrx_word' id='word_1_329' title='bbox 639 2711 777 2762; x_wconf 84' lang='lat' dir='ltr'>Eurip.</span> <span class='ocrx_word' id='word_1_330' title='bbox 810 2705 1018 2762; x_wconf 74' lang='grc' dir='ltr'><em>Περσὴιον</em></span> <span class='ocrx_word' id='word_1_331' title='bbox 1047 2704 1146 2762; x_wconf 77' lang='grc' dir='ltr'><em>αἷμα</em></span> <span class='ocrx_word' id='word_1_332' title='bbox 1177 2709 1348 2750; x_wconf 80' lang='lat' dir='ltr'>Theocr.</span> <span class='ocrx_word' id='word_1_333' title='bbox 1376 2708 1416 2750; x_wconf 90' lang='lat' dir='ltr'>id</span> <span class='ocrx_word' id='word_1_334' title='bbox 1447 2712 1511 2749; x_wconf 83' lang='lat' dir='ltr'>est</span> <span class='ocrx_word' id='word_1_335' title='bbox 1540 2706 1642 2748; x_wconf 88' lang='lat' dir='ltr'>Alc-</span> 
     </span>
    </p>
   </div>
  </div>
 </body>
</html>
