1699 3021
36 719 95 795 Si
125 752 215 805 quis
244 749 475 793 Buttmanni
505 752 545 791 et
572 748 819 790 Matthiadae
849 749 971 790 Artes
1003 760 1092 791 curn
1122 749 1299 792 Conradi
1330 750 1506 792 Schnei-

37 819 122 860 deri
154 828 278 869 opere
308 816 510 856 uberrimo
541 816 606 856 vel
637 815 738 856 adeo
770 826 859 855 cum
880 819 1019 856 vetere
1041 815 1110 856 illo
1131 816 1371 856 Aristarcho
1393 816 1506 857 Vos-

35 885 152 926 siano
176 882 486 934 comparaverit,
518 882 705 932 protinus
736 882 803 921 ille
832 881 1030 932 intelliget
1058 882 1098 921 in
1128 893 1318 933 graecum
1344 893 1507 922 sermo-

34 960 126 990 nem
155 948 280 988 multo
312 947 443 987 miuus
476 958 626 997 operae
667 952 706 987 et
736 946 891 986 laboris
929 947 1147 987 insumtum
1186 959 1280 988 esse
1318 958 1437 999 quam
1466 947 1507 987 in

34 1015 212 1056 latinum.
286 1013 345 1052 Ac
387 1012 421 1051 si
464 1011 658 1063 deinceps
697 1012 947 1063 reputaverit
995 1023 1018 1050 a
1055 1017 1224 1052 nostrae
1263 1012 1507 1053 vernaculae

35 1081 196 1131 linguae
227 1082 348 1129 atque
380 1087 516 1116 earum
548 1087 651 1127 quae
684 1077 905 1117 orientales
936 1080 1136 1115 vocantur
1164 1077 1372 1127 magistris
1402 1087 1506 1128 quae

36 1157 103 1186 res
134 1144 274 1196 quaeri
305 1146 343 1182 et
375 1141 573 1192 disputari
605 1141 786 1195 soleant,
826 1146 907 1181 tum
940 1152 1038 1181 vero
1072 1141 1192 1181 etiam
1222 1142 1351 1193 magis
1381 1142 1508 1182 mira-

34 1211 141 1252 bitur
179 1219 297 1261 quam
336 1207 448 1247 multi
489 1206 783 1247 Grammaticae
829 1207 909 1247 loci
953 1218 1152 1258 quamque
1189 1218 1336 1258 graves
1377 1217 1507 1258 usque

37 1275 87 1316 ad
116 1274 156 1314 id
188 1274 371 1313 locorum
403 1277 471 1311 aut.
503 1272 622 1323 plane
653 1277 774 1324 atque
815 1275 976 1312 omniuo
1008 1273 1218 1324 praeteriti
1258 1276 1325 1312 aut
1364 1271 1508 1312 leviter

38 1346 229 1391 tanquam
270 1348 294 1378 a
335 1337 623 1377 festinantibus
665 1339 848 1388 percursi
889 1339 981 1378 sint.
1055 1339 1214 1379 Etenim
1255 1337 1385 1377 omnis
1423 1338 1507 1377 sere

37 1405 253 1446 doctorum
296 1414 422 1454 opera
459 1407 625 1443 versata
665 1406 729 1442 est
766 1402 922 1443 duabus
962 1404 1002 1443 in
1039 1405 1184 1457 rebus,
1223 1414 1323 1456 una,
1363 1413 1508 1454 quem-

36 1469 250 1511 admodum
288 1468 490 1508 vocabula
528 1479 551 1507 a
590 1472 704 1508 recto
737 1468 989 1509 declinentur
1019 1469 1059 1509 in
1090 1469 1319 1520 obliquum3
1365 1468 1507 1521 altera,

35 1540 78 1577 ut
108 1547 156 1577 ea
182 1536 288 1574 inter
327 1544 373 1574 se
409 1534 568 1573 ratione
597 1536 819 1585 conjuncta
855 1535 1099 1575 sententiam
1131 1534 1309 1574 efferant.
1365 1533 1507 1573 Decli-

33 1602 239 1642 nationem
269 1610 367 1639 vero
404 1599 604 1650 duplicem
635 1610 728 1639 esse
753 1604 930 1653 constat,
960 1611 1079 1639 unam
1109 1599 1334 1639 naturalem
1362 1599 1403 1638 in
1434 1609 1508 1639 ea-

36 1678 128 1720 sus,
176 1676 391 1717 numeros,
441 1675 611 1717 genera,
656 1664 830 1717 gradus,
878 1669 1083 1717 tempora,
1123 1663 1293 1714 modos;
1340 1674 1420 1715 qua
1459 1663 1508 1704 de

36 1731 292 1773 Grammatici
330 1730 462 1769 nostri
512 1734 666 1769 tantum
708 1729 870 1768 tradunt
909 1733 1101 1781 quantum
1138 1728 1188 1768 ad
1229 1730 1404 1769 tironum
1441 1730 1509 1769 in-

37 1796 290 1837 stitutionem
328 1796 430 1835 satis
469 1794 646 1846 videtur,
699 1794 867 1833 alteram
897 1794 1166 1833 voluntariam
1197 1788 1278 1832 ἀπὸ
1308 1789 1511 1845 ὀνόματος

35 1860 92 1908 εἰς
119 1857 252 1912 ὄνομα
291 1859 442 1900 Anecd.
472 1859 596 1901 Bekk.
628 1858 720 1900 858.
759 1859 838 1899 hoc
869 1863 932 1899 est
971 1859 1006 1899 si
1036 1870 1059 1898 a
1088 1858 1291 1898 vocabulo
1321 1859 1510 1900 vocabu-

37 1926 118 1967 lum
147 1925 373 1967 declinatur
402 1929 516 1966 recta
546 1925 752 1976 positione
781 1925 976 1975 singulari
1005 1925 1045 1963 in
1074 1928 1227 1964 rectam
1250 1924 1507 1976 singularem.

35 1991 149 2033 Hanc
179 2002 277 2032 vero
308 1991 375 2030 vix
405 1991 546 2042 primis
577 1990 695 2029 lineis
727 1988 980 2041 designatam
1003 1990 1211 2031 habemus.
1269 1990 1411 2042 Neque
1442 1994 1509 2031 ta-

36 2068 127 2099 men
159 2057 277 2097 saeile
308 2056 459 2097 dixeris
496 2060 588 2095 utra
627 2066 723 2106 pars
763 2055 812 2095 ad
851 2060 1031 2096 veterum
1070 2056 1316 2107 scriptorum
1352 2056 1510 2097 intelli-

36 2123 212 2174 gentiam
232 2122 361 2173 magis
384 2122 436 2161 sit
456 2121 705 2161 necessaria.
764 2121 947 2173 Namque
976 2133 1088 2174 casu,
1116 2132 1278 2173 genere,
1311 2125 1508 2175 tempore,

36 2187 163 2240 gradu
193 2187 529 2239 significationem
560 2186 704 2225 mutari
737 2191 776 2226 et
815 2198 894 2238 quo
937 2191 1125 2239 mutetur,
1163 2186 1400 2238 plerumque
1431 2197 1510 2238 pa-

37 2258 114 2304 tet3
164 2253 237 2295 sed
276 2252 402 2294 multo
445 2251 645 2292 occultior
686 2255 750 2292 est
781 2251 1046 2292 derivationis
1075 2253 1204 2302 rati03
1253 2251 1317 2291 cui
1355 2252 1507 2292 nomini

37 2319 274 2370 subjicimus
313 2328 454 2359 omnes
494 2318 646 2368 primae
687 2321 726 2356 et
763 2318 959 2369 simplicis
999 2317 1220 2369 positionis
1249 2317 1506 2358 vicissitudi—

36 2394 130 2437 nes,
178 2385 266 2424 sive
313 2387 508 2423 accentus
560 2387 738 2422 mutatur
783 2387 825 2423 ut
873 2380 1052 2435 γλαυκός
1094 2384 1304 2432 Γλαῦκος,
1350 2381 1508 2436 πυῤῥός

41 2446 211 2499 Πύῤῥος
249 2450 308 2499 (et
335 2445 475 2500 πύρῤα
504 2448 590 2487 avis
625 2449 804 2502 nomen),
844 2450 930 2489 sive
967 2449 1129 2501 literae,
1169 2447 1278 2500 quod
1304 2447 1346 2488 fit
1376 2447 1508 2501 pluri-

39 2514 114 2554 bus
145 2513 297 2555 modis:
342 2514 406 2554 vel
434 2514 683 2554 intrinsecus
715 2510 854 2565 ὀβελός
882 2537 935 2543 —
965 2510 1123 2567 ὀβολός,
1160 2510 1315 2564 θρόνος
1337 2537 1385 2543 -—
1406 2515 1508 2567 θρᾶ-

37 2593 132 2630 νος,
178 2576 331 2629 ξανθός
354 2602 408 2609 ——
433 2575 610 2629 ξουθός,
648 2575 762 2618 κνάω
792 2603 846 2610 —-
877 2577 1023 2633 κυήθω
1044 2604 1096 2610 -
1115 2579 1235 2630 κνίζω
1252 2604 1305 2609 -
1323 2577 1436 2621 κνύω
1454 2604 1508 2610 —-

37 2641 185 2696 κνύζω,
207 2641 302 2693 ψάω
320 2669 375 2675 --
392 2641 517 2692 ψαύω
537 2668 590 2674 -
609 2644 745 2696 ψαίρω
765 2668 817 2674 ——-
836 2643 978 2694 ψάλλω
994 2670 1049 2676 --
1065 2642 1183 2698 ψήχω
1203 2650 1292 2699 ete„
1318 2646 1382 2686 vel
1402 2646 1506 2687 ssexu

39 2709 212 2762 quodam
235 2711 531 2751 terminationis
553 2708 880 2763 πῦρ-πυρά-
895 2707 1266 2764 πυρός-πυρσός,
1291 2710 1356 2751 vel
1374 2712 1509 2751 utrin-

1173 2775 1232 2818 1ἤί-
