1731 3021
161 160 253 202 320
623 161 1051 206 DISSERTATIO
1105 165 1186 206 VII.

164 268 266 311 Poll.
296 269 343 310 X.
384 268 473 311 146.
517 269 697 312 fortasse
735 272 921 322 legerunt
958 269 1150 322 πέλεκκος
1188 274 1253 315 vel
1290 271 1507 325 πέλεκκον,
1546 286 1638 316 nam

163 345 293 386 genus
334 335 563 386 ambiguum
604 341 678 378 est.
748 338 931 389 Simplici
968 338 1130 380 lambda
1177 340 1410 381 scribuntur
1457 337 1638 390 πέλεκυς,

163 401 377 453 aviumque
407 401 572 442 nomina
599 404 767 449 πελεκᾶς
797 407 836 443 et
865 405 1091 455 πελεκῐνος,
1124 406 1328 457 quomodo
1361 407 1481 447 etiam
1511 407 1639 447 herba

165 471 357 519 vocatur,
398 478 517 518 quam
546 468 678 508 Latini
709 481 733 509 a
762 469 888 520 figura
929 471 1209 512 securidacam
1250 472 1314 512 vel
1353 473 1639 513 securiclatam

166 530 322 584 dicunt,
366 533 536 573 00311315
567 534 655 574 5130
687 534 807 574 dubio
841 535 876 575 ei
907 548 1011 587 quae
1040 534 1199 588 βέλεκος
1230 542 1268 578 et
1297 535 1459 590 βέλεκυς
1489 537 1638 590 appel-

165 595 248 636 lata
279 601 354 638 cst.
411 598 523 638 Haeo
552 604 685 640 autem
719 602 852 642 omnia
883 602 1159 644 Schneiderus
1191 603 1241 644 ad
1273 604 1474 656 Theopbr.
1509 604 1552 643 T.
1573 603 1638 644 III.

164 660 256 702 689.
297 663 347 703 ab
378 674 458 703 uno
491 664 600 704 ducit
638 667 764 706 verbo
801 668 912 718 pello
951 668 1152 720 πελεμίζω.
1211 669 1345 709 Nihilo
1390 670 1543 710 certior
1573 672 1638 709 est

165 727 381 778 originatio
423 729 717 781 adjectivorum
757 726 926 785 ἀτρεκής
965 738 1004 773 et
1043 729 1208 787 ἠνεκής,
1256 746 1428 786 quorum
1474 733 1572 775 illud
1613 745 1638 775 a

162 788 264 842 τρέω
294 794 359 833 vel
387 791 524 847 τρέχω,
557 796 665 847 quod
695 796 799 836 idem
831 801 905 850 est,
936 803 1073 840 natum
1104 805 1267 853 putant,
1300 800 1471 841 alterum
1503 799 1638 840 ambi-

162 861 262 908 gunt
302 863 433 899 utrum
474 861 523 900 ab
563 858 652 913 ἥκω
683 873 733 901 33
780 864 931 917 potius,
973 866 1068 917 quia
1102 867 1294 906 usitatius
1334 870 1397 907 est
1435 862 1636 918 διηνεκής,

165 923 215 962 31)
246 920 395 976 ἐνέγκω
426 930 636 978 repetant,
668 938 903 980 paragogae
934 932 1151 983 utrobique
1182 932 1365 984 suspicio
1397 932 1527 985 33113,
1558 931 1638 972 3151

163 988 270 1029 forte
300 988 482 1044 ὁιηνεκής
514 992 590 1046 vel,
621 997 664 1032 ut
693 994 818 1033 Attici
849 994 1050 1050 dicebant,
1080 995 1268 1048 ὅιανεκής
1292 1009 1444 1049 perpes
1467 1009 1490 1037 3
1508 997 1636 1038 verbo

163 1051 291 1095 διιὶνω
331 1055 489 1097 ὁιανύω
526 1063 719 1110 perpetro
762 1066 1031 1113 propagatum
1077 1066 1152 1103 est.
1209 1063 1476 1115 Femininum,
1516 1063 1637 1114 quale

167 1118 318 1175 Ζεβέκι]
348 1124 413 1164 vel
445 1121 604 1178 Βεζέκη,
636 1125 787 1165 nullum
807 1128 1047 1168 invenimus.
1100 1128 1385 1180 Diphthongus
1417 1120 1460 1168 οἷ
1489 1128 1637 1181 appel-

162 1186 286 1227 lativa
317 1200 399 1229 non
429 1191 565 1244 intrat,
595 1203 672 1232 1100
701 1193 831 1244 magis
863 1204 911 1234 ea
939 1205 1044 1245 quae
1075 1198 1246 1246 apparet
1276 1195 1316 1234 in
1346 1194 1533 1235 barbaris
1566 1208 1637 1234 κα-

160 1251 402 1306 μηλαύκιον,
433 1256 697 1311 Μανὸαύκης
730 1258 847 1299 Diod.
878 1259 923 1299 ΙΙ.
954 1260 1018 1302 31.
1068 1261 1243 1300 Tertiam
1287 1261 1556 1301 substantivis
1594 1261 1635 1301 in

160 1310 207 1367 (ῖς
236 1323 478 1362 exeuntibus
510 1323 748 1374 denegatam
780 1335 875 1364 esse
906 1323 1027 1364 docet
1055 1326 1140 1366 EM.
1170 1325 1263 1378 407,
1295 1326 1331 1366 3.
1369 1323 1419 1365 τὰ
1455 1325 1511 1373 εἰς
1549 1316 1636 1373 bfo}

161 1381 458 1440 ἀποστρέφεται
483 1379 622 1442 τὴνᾙ
651 1389 904 1441 δίφθογγον,
951 1394 990 1430 et
1032 1390 1225 1430 disertius
1266 1391 1444 1442 Theogn.
1483 1391 1546 1433 59.
1585 1389 1636 1432 τὰ

160 1453 215 1501 εἰς
243 1445 315 1501 3-ιοῖἱ
343 1451 521 1506 λήγοντα
548 1452 741 1508 καθαρὸν
769 1452 981 1508 βαρύτονα
1009 1457 1085 1496 εἴτε
1114 1454 1236 1507 κύρια
1263 1456 1337 1496 εἴτε
1357 1454 1633 1511 προςηγορικα

160 1516 216 1572 μὴ
246 1521 434 1573 κτητικῆς
462 1517 622 1568 ἐννοίας
651 1519 820 1573 ἐχόμενα
850 1518 917 1561 διὰ
944 1522 1020 1561 τοῦ
1050 1527 1068 1560 E
1097 1519 1314 1574 γράφεται,
1346 1524 1414 1574 qui
1444 1522 1553 1574 quod
1584 1523 1633 1564 de

163 1585 459 1636 significatione
497 1588 741 1638 possessiva
781 1588 899 1641 dicit,
939 1586 1129 1627 indicium
1166 1587 1336 1638 praebet
1377 1593 1472 1640 post
1510 1586 1635 1643 βαρύ-

160 1664 263 1690 τονα
292 1650 518 1690 addendum
549 1663 644 1692 esse
675 1649 862 1707 ὀξύτονα,
894 1656 1010 1705 cujus
1041 1653 1204 1703 generis
1237 1656 1332 1692 sunt
1372 1651 1557 1706 δαρεικός
1596 1658 1636 1695 et

160 1712 435 1768 Κεραμεικός,
477 1728 582 1769 quae
622 1720 974 1760 substantivorum
1013 1719 1147 1759 locum
1187 1718 1372 1759 obtinent
1411 1719 1483 1760 sed
1522 1724 1635 1761 recte

161 1781 211 1821 ab
241 1781 327 1821 EM.
358 1780 423 1834 29,
452 1782 516 1823 44.
548 1783 761 1836 adjectivis
789 1786 1103 1826 adnumerantur
1132 1785 1387 1836 possessivis
1410 1785 1635 1837 eodemque

160 1850 333 1887 accentu
362 1851 477 1899 sunt,
507 1845 557 1888 τὰ
587 1849 641 1898 εἰς
670 1866 776 1899 &mog
805 1847 1001 1899 ὀξύνεται,
1040 1847 1239 1903 δαρεικός,
1269 1847 1440 1902 βοεικός,
1471 1850 1634 1891 δεκελει-

159 1909 244 1962 κός,
282 1911 518 1965 κεραμεικός
556 1916 649 1957 Arc.
688 1917 752 1958 52.
809 1918 920 1957 Η300
962 1916 1219 1957 Grammatici
1257 1917 1403 1968 partim
1443 1928 1493 1957 ex
1531 1928 1634 1968 syn—

161 1988 266 2029 cope
299 1982 389 2017 orta
417 1978 554 2020 dicunt
583 1977 665 2021 (ἷπὸ
694 1984 771 2023 τοῦ
801 1985 976 2034 Δαρεῖος
1003 1978 1142 2034 γέγονε
1181 1978 1394 2034 δαρειακός
1431 1980 1500 2022 καὶ
1529 1978 1631 2021 κατὰ

161 2039 375 2096 συγκοπὴ-ν
404 2043 589 2096 δαρεικός
618 2049 703 2089 EM.
733 2049 826 2102 248,
856 2050 920 2090 40.
951 2042 1033 2087 ἀπὸ
1061 2048 1137 2087 τοῦ
1166 2044 1355 2087 Δεκέλεια
1384 2043 1633 2094 ὄεκελειακός

160 2106 230 2150 καὶ
258 2107 477 2158 δεκελεικός
506 2108 561 2160 ὡς
597 2114 699 2166 βοῦς
732 2111 830 2168 βοός
868 2110 1054 2167 βοειακός
1091 2112 1230 2165 βοεικὰ
1268 2110 1384 2165 ζεύγη
1423 2112 1525 2166 254,
1565 2113 1630 2154 43.

159 2177 306 2228 partim
337 2188 386 2217 ex
415 2180 630 2228 synaeresi
658 2178 854 2234 κεραμεύς
889 2180 963 2220 τοῦ
991 2174 1195 2232 κεραμέως
1230 2179 1287 2233 τῷ
1317 2175 1482 2230 κεραμέί·
1508 2193 1632 2230 κερα-

159 2238 297 2294 μεϊκός
327 2242 529 2285 Choerob.
561 2245 652 2287 233.
685 2258 788 2298 quae
820 2247 924 2286 ratio
955 2246 996 2285 in
1026 2239 1244 2289 ὄεκελεικός
1271 2244 1476 2297 convenit,
1505 2244 1546 2283 in
1563 2244 1631 2296 βο-

160 2305 267 2355 εικός
295 2308 406 2348 33110
446 2309 581 2352 modo.
651 2312 896 2364 Apollonius
936 2310 1109 2362 simplici
1148 2308 1431 2361 productionis
1469 2310 1632 2350 nomine

161 2372 392 2425 defungitur
422 2375 471 2416 de
500 2376 602 2417 Adv.
643 2378 735 2419 577.
776 2378 843 2417 ubi
883 2377 1046 2417 Atticos
1085 2374 1178 2415 dicit
1214 2371 1491 2427 μηκυντικοὺς
1528 2372 1632 2415 κατὰ

159 2434 209 2478 τὰ
238 2437 469 2493 φωνήεντα,
500 2454 619 2493 quam
649 2444 689 2483 in
719 2454 802 2483 rem
832 2442 946 2482 affert
977 2446 1016 2481 et
1045 2441 1268 2500 paeras
1298 2441 1473 2493 μᾶλλον,
1514 2455 1632 2493 πρω-

160 2500 342 2555 πέρυσιν,
375 2510 415 2546 et
445 2506 662 2558 adjectiva:
694 2509 895 2562 κτητικῶν
922 2507 1006 2546 τῶν
1035 2506 1090 2553 εἰς
1117 2520 1189 2553 κος
1217 2503 1429 2558 ληγόντων
1447 2502 1472 2559 ἡ
1502 2519 1630 2560 παρε-

162 2567 367 2621 δρεύουσα
403 2571 570 2625 βραχεῖά
606 2571 713 2614 ἐστιν
744 2570 845 2614 ἄλλα
876 2572 915 2613 οἱ
940 2569 1111 2612 Ἀττικοὶ,
1152 2569 1386 2625 κῖραμεικός
1423 2570 1523 2626 φασὶ
1559 2570 1630 2613 καὶ

160 2633 340 2686 βοεικός,
381 2649 484 2688 quae
524 2641 686 2681 nomina
717 2640 782 2679 1110
812 2651 895 2678 non
927 2639 985 2679 510
1023 2637 1096 2677 sed
1136 2650 1207 2689 per
1237 2639 1322 2678 iota
1352 2638 1484 2679 solum
1521 2639 1629 2679 scri-

160 2701 296 2750 psisse
328 2703 485 2744 videtur
514 2710 553 2745 ut
585 2707 828 2757 saepissime
868 2705 1055 2757 leguntur
1086 2705 1123 2743 13
1142 2704 1255 2744 libris
1282 2705 1437 2744 nostris
1457 2708 1495 2744 et
1526 2715 1627 2744 533-
