1699 3021
93 191 160 233 DE
191 187 603 232 Arrncriomnus
633 187 815 231 NOMIN.
845 189 899 230 IN
926 178 981 230 ἆλ
1009 188 1123 231 ETC.
1175 189 1217 231 c,
1236 191 1297 232 vl.
1328 195 1366 240 ς.
1387 191 1424 234 2.
1480 192 1557 235 1!ss

92 297 271 352 στρεύγω
301 299 474 352 (luctam,
504 298 610 343 unde
627 295 885 351 στροφάλιγξ,
915 295 1114 350 στρεβλός,
1146 299 1346 353 striblig0‚
1377 305 1559 354 etprae-

91 367 253 407 valente
282 364 474 417 gutturali
509 361 765 416 στρογγύλος,
797 360 1046 416 στραγγάλη,
1078 359 1331 416 ἀστράγαλος
1363 369 1559 411 vertebra

92 432 270 484 praefixo
308 431 429 482 alpha
457 435 499 470 ut
529 426 780 482 ἀστράβηλος
810 441 884 481 pro
914 427 1149 483 στράβηλος.
1205 431 1256 471 Et
1286 432 1392 483 apud
1421 433 1559 486 Hesy-

91 497 222 537 chium
252 499 293 537 Γ
289 497 429 548 αγγίας
470 494 493 548 ἢ
522 496 761 547 γαγγαλίας,
800 494 839 535 οἱ
865 491 940 547 μὲν
967 492 1041 535 τὸν
1068 497 1302 548 γελασῖνον,
1343 497 1383 538 οἱ
1411 496 1454 538 δὲ
1481 497 1559 554 τὴν

90 563 173 602 τῶν
206 559 368 614 νεύρων
396 559 636 615 συστροφήν
664 562 805 602 neseio
838 572 889 601 an
928 561 968 600 in
997 561 1197 614 principio
1227 564 1419 614 γαγγλίας
1449 567 1557 607 sori-

90 627 264 667 bendum
295 629 359 668 sit.
401 629 632 668 Motaeillae
660 627 819 679 quidem
849 637 997 667 nomen
1026 627 1188 679 κίγκλος
1217 628 1338 669 etiam
1367 630 1557 682 κίγκαλος

91 692 301 743 scribitur;
332 693 450 745 hujiis
473 699 604 734 mitem
623 693 731 745 quod
756 694 881 733 fertur
911 693 1152 744 primitivum
1176 694 1326 746 κιγκλίς
1350 695 1388 735 id
1409 700 1556 749 estja-

88 768 181 810 nna⁷
203 762 245 797 ut
266 758 493 809 Hesychius
512 760 814 811 interpretatur,
834 757 1061 798 cancellata
1080 770 1169 799 eum
1186 761 1379 812 καρκίνος
1397 772 1556 813 cogna-

89 827 171 862 tum
193 834 287 863 esse
307 825 481 875 probant
503 825 610 865 Festi
630 824 754 864 verba
768 824 919 864 Cancri
941 823 1189 864 dicebantur
1209 824 1261 865 ab
1280 827 1467 879 antiquis
1485 831 1556 881 qui

89 900 199 928 nimo
218 900 297 940 per
321 889 649 930 deminutionem
673 890 847 930 cancelli
863 903 878 938 ,·
910 889 1080 929 cancelli
1103 890 1208 930 enim
1237 891 1324 932 sive
1346 897 1388 932 ut
1410 893 1555 935 Graeci

87 953 224 993 dieunt
249 950 437 1005 κάγκελοι
457 956 662 995 imitantur
683 960 921 995 transversa
946 955 1116 1006 forcipis
1142 957 1359 1008 cancrique
1387 958 1554 1000 brachia

87 1019 137 1058 es.
170 1019 315 1059 l'arall.
348 1019 488 1060 12-1.1⁰
546 1019 759 1060 Secundae
795 1021 953 1060 vocalis
995 1020 1058 1059 vel
1089 1020 1250 1061 additae
1279 1022 1343 1062 vel
1375 1024 1555 1065 omissae

85 1085 292 1136 specimen
331 1084 500 1136 praebet
538 1083 718 1137 στύφλος
757 1086 844 1126 Sive
881 1082 1060 1137 στυφλός
1099 1090 1137 1125 et
1178 1083 1377 1139 στυφελός
1411 1101 1445 1130 v.
1480 1089 1555 1130 Ja-

86 1150 201 1190 cobs.
243 1149 293 1190 ad
321 1150 453 1191 Anall.
488 1151 574 1191 Vol.
603 1151 648 1191 Il.
680 1151 722 1192 Ρ.
750 1151 796 1191 II.
826 1150 917 1192 340.
957 1150 1066 1202 quod
1103 1155 1266 1192 veteres
1306 1152 1356 1193 ad
1396 1150 1549 1205 τύπτω,

84 1212 286 1265 στυπάζω,
317 1217 509 1268 referunt,
551 1227 682 1267 neque
713 1215 932 1256 excludunt
962 1213 1106 1268 στύφω
1139 1221 1177 1257 et
1207 1216 1424 1271 στρυφνός.
1481 1220 1553 1260 Li-

86 1285 173 1320 tera
213 1285 279 1321 eta
320 1285 503 1321 assumta
542 1286 691 1332 poetae
731 1281 860 1322 dorici
900 1293 973 1333 pro
1015 1282 1128 1335 κίχλη
1170 1282 1356 1323 dixerunt
1394 1281 1551 1338 κιχήλα,

85 1347 239 1386 omisso
279 1346 365 1386 iota
402 1346 570 1387 Romani
603 1347 803 1389 trochlear.
862 1347 1038 1399 Triglam
1074 1348 1236 1399 Sophro
1267 1347 1458 1401 τριγόλαν
1487 1351 1553 1391 di-

83 1421 177 1452 cere
215 1411 373 1451 videtur
410 1413 502 1452 Ath.
537 1413 614 1453 VII.
646 1413 738 1454 324.
772 1413 814 1454 C.
886 1413 989 1453 Huic
1019 1414 1150 1454 simile
1177 1414 1405 1465 Hesychius
1437 1417 1552 1458 affert

82 1475 300 1530 Λάγκολου
327 1474 543 1530 δρέπανον,
576 1479 685 1530 quod
715 1484 755 1520 el
786 1476 933 1532 ζάγκλη
962 1478 1107 1519 dicitur
1137 1484 1177 1520 el
1205 1475 1371 1532 ἀγκαλίς
1400 1493 1424 1522 a
1454 1493 1552 1522 cur-

81 1548 246 1595 vatura3
279 1544 384 1584 unde
415 1549 527 1596 patet
556 1545 725 1596 stirpem
756 1546 884 1586 fuisse
912 1535 990 1597 ocy—Jc
1022 1544 1181 1598 (ancus,
1211 1552 1358 1598 uncus)
1390 1547 1552 1589 lambda

82 1613 215 1650 autem
246 1609 295 1649 ad
327 1611 650 1650 terminationem
681 1612 898 1665 pertinere,
940 1612 1003 1651 eui
1033 1611 1155 1652 modo
1180 1612 1337 1653 voculis
1368 1624 1551 1665 praepo-

81 1675 189 1714 nitur
219 1677 246 1713 ἇ
276 1675 339 1714 vel
371 1677 394 1714 ὃ
424 1676 487 1715 vel
517 1678 557 1728 ὕ,
595 1676 716 1716 modo
748 1677 879 1729 nulla,
922 1681 965 1716 ut
996 1681 1034 1717 et
1064 1677 1234 1716 Romani
1277 1689 1351 1729 pro
1389 1674 1547 1733 ἀγκύλη

82 1741 169 1780 sive
198 1735 364 1791 ἀγκυλίς
393 1740 579 1781 dixerunt
610 1742 728 1793 aclis,
760 1741 808 1781 de
838 1752 918 1792 quo
951 1741 1158 1781 disserunt
1187 1743 1263 1782 viri
1283 1742 1393 1783 docti
1418 1756 1441 1784 a
1462 1745 1547 1785 nu-

81 1806 214 1858 pertio
247 1805 296 1844 ad
331 1805 400 1845 Sil.
432 1805 494 1845 Ill.
527 1806 618 1846 3tj3.
649 1807 858 1846 nominati.
901 1806 1106 1858 Iidemque
1134 1807 1317 1848 vocalem
1349 1811 1378 1850 ᾖ
1408 1810 1549 1851 detra-

81 1871 179 1910 hunt
207 1871 426 1920 catlaster,
462 1871 621 1917 Callus,
653 1870 839 1922 Proeliis,
872 1871 945 1912 sed
974 1883 1057 1912 non
1086 1873 1112 1912 ii
1141 1884 1245 1924 quos
1266 1874 1305 1913 in
1327 1876 1545 1917 scribendo

80 1937 287 1987 sequimur
317 1940 521 1976 auctores.
578 1936 629 1975 Et
659 1936 844 1976 similiter
876 1936 1019 1977 Graeci
1046 1938 1182 1989 μίτλος
1209 1939 1301 1979 Ath.
1333 1941 1547 1984 111.85.E.

78 2003 232 2055 τίτλος,
275 1998 464 2052 Πρόκλος
493 2005 569 2041 ete.
608 2001 914 2053 Adjectivorum
952 2003 992 2043 in
1022 1996 1142 2052 οίλῖοξ
1166 2006 1396 2045 exeuntium
1428 2018 1548 2048 unum

79 2068 352 2108 contractioni
390 2067 618 2118 subjeetum
657 2072 719 2107 est
749 2065 981 2120 κερδαλέος,
1021 2070 1095 2111 sed
1132 2071 1172 2110 in
1202 2071 1392 2112 feminino
1423 2072 1545 2112 modo

78 2133 251 2187 κερδαλῆ
281 2133 317 2173 si
346 2132 604 2173 substantive
634 2131 780 2173 dieitur
809 2133 858 2174 de
887 2134 1021 2187 vulpe.

168 2345 225 2387 10)
260 2343 462 2381 Calceorum
488 2353 598 2386 genus
622 2354 746 2380 nomen
770 2345 890 2379 habuit
912 2347 1075 2389 καρκίνοι
1107 2355 1126 2380 a
1162 2344 1339 2388 multiplici
1376 2347 1546 2389 corrigia—

77 2409 150 2434 rum
178 2410 267 2435 nexu
296 2404 329 2433 ut
354 2399 529 2434 Meinekio
555 2400 689 2435 videtur
713 2403 808 2437 Com.
841 2401 893 2435 Fr.
921 2402 946 2435 1.
973 2402 1050 2436 356.
1099 2401 1232 2436 Eodem
1264 2400 1406 2435 tendunt
1442 2401 1546 2436 verba

77 2455 360 2499 καρκιιόῦσθαι,
394 2456 749 2498 συγκιερκινοῦσῧαι,
784 2456 909 2500 hisque
944 2456 1120 2490 linllintuni
1153 2456 1455 2500 συγκιιρβιιλῶσαι
1486 2467 1544 2489 συ-

77 2512 230 2553 στρέψαι
247 2510 329 2545 lles.
355 2520 373 2544 a
399 2508 567 2554 κάραβος,
597 2514 632 2544 ut
657 2521 676 2545 a
700 2521 886 2555 synonymo
911 2515 1078 2556 καρκίνος
1103 2513 1329 2555 compositum
1353 2522 1544 2556 συγκαρκι-

77 2565 231 2597 νοΐ-σθαι
258 2566 383 2599 dicitur
410 2565 453 2600 ‹le
479 2566 713 2608 implicatione
740 2568 914 2611 radicum,
942 2569 1069 2602 inserto
1097 2567 1176 2601 beta
1203 2570 1239 2600 ut
1262 2565 1459 2611 κιιρβιὶρεοι
1483 2566 1545 2599 κά-

77 2623 181 2663 ραβοι
207 2620 289 2655 iles,
335 2621 371 2654 Si
397 2622 474 2664 quis
499 2624 610 2656 tamen
637 2621 922 2658 demonstraverit
945 2633 1069 2657 nomen
1097 2622 1232 2665 κιγκλίς
1266 2623 1405 2665 proprie
1430 2626 1544 2656 mota-

78 2675 190 2709 cillam
215 2675 410 2718 significare
439 2686 481 2712 ex
509 2680 621 2719 etymo
647 2678 741 2713 verbi
767 2682 882 2711 κινεῖν
905 2689 1032 2711 mouere
1057 2679 1177 2719 cillere,
1203 2679 1451 2720 argumentatio
1478 2688 1545 2711 no-

76 2733 144 2764 stra
168 2730 281 2765 cadet.
