1731 3021
119 166 210 208 :322
582 150 1015 197 DISSERTATIO
1055 150 1137 192 vn.

120 273 310 326 grinitate
327 268 548 310 excusatur
563 269 602 306 et
618 265 873 317 proprietate
893 258 1217 313 significationis,
1235 269 1327 298 nam
1339 256 1409 318 —de
1422 257 1596 297 nummis

123 339 269 380 dieitur
300 335 426 384 solis3
470 332 547 372 tria
577 342 681 383 quae
712 332 891 378 restant,
932 338 956 366 a
995 325 1228 365 nominibus
1265 324 1306 363 in
1343 337 1410 370 ευς
1439 332 1598 363 exeun-

123 406 231 445 tibus
263 401 448 442 derivata
477 403 570 438 sunt
601 400 760 437 retento
801 393 955 445 epsilO,
999 390 1109 442 quod
1148 394 1241 429 ante
1273 388 1599 429 terminationem

125 460 224 516 Εἴο-ς-
243 467 363 518 abjici
395 464 516 517 solet,
546 458 766 516 βασιλικός,
789 453 1060 505 Μαντινικός,
1080 466 1156 496 neo
1179 454 1451 495 aberrationis
1473 462 1600 493 eausa

127 539 239 589 patet
268 533 347 573 nisi
380 532 484 571 sorte
527 540 655 580 opera
685 527 779 567 data
817 528 880 563 est
911 527 954 562 ut
984 532 1132 562 nomen
1170 521 1249 561 loei
1289 520 1356 559 ubi
1386 518 1494 569 siguli
1522 517 1602 557 ha-

126 602 256 642 bitant
288 597 606 646 distingueretur
635 593 684 633 ab
717 590 897 643 epitheto
929 583 1056 640 πηλὸς
1085 582 1299 637 κεραμικός
1322 583 1451 624 Medd.
1469 583 1602 633 Mosq.

128 679 166 719 p.
196 664 288 705 310.
309 663 344 687 2²
377 666 416 701 et
445 665 488 699 ut
518 659 614 699 belli
643 655 986 707 Peloponnesiaci
1007 651 1236 704 episodium
1257 649 1407 701 aliquid
1428 648 1604 689 differret

132 732 180 771 ab
213 726 304 778 ὄξος
334 721 557 772 densatum
598 731 830 773 quanquam
870 720 909 759 id
950 729 1113 770 quoque
1144 715 1369 757 Meinekius
1409 714 1460 754 ad
1491 713 1604 754 Com.

133 797 175 836 T.
207 794 272 834 III.
302 792 394 833 514.
427 800 498 841 per
538 788 830 839 diphthongum
870 783 1128 824 scribendum
1160 785 1313 822 censet.
1373 778 1491 828 Quod
1518 778 1606 818 He-

132 859 328 900 rodianus
358 855 487 906 Epim.
521 852 609 894 180.
641 850 750 890 addit
777 846 1054 901 Ἀντιοχεικός,
1085 859 1232 888 vereor
1251 851 1293 886 ut
1314 844 1480 897 probari
1501 854 1607 895 pos-

134 926 210 975 sit3
240 921 398 963 Libanii
429 916 588 970 quidem
620 927 755 956 sermo
786 915 1010 966 inscriptus
1042 917 1105 953 est
1133 910 1254 964 λόγος
1286 906 1534 962 Ἀντιοχικός
1563 912 1607 949 ut

134 983 393 1032 Μαντινικός
424 996 447 1024 a
478 983 565 1034 pari
596 982 811 1033 principio⁷
842 984 882 1020 et
922 974 1129 1030 ἀντιοχικὴ
1174 973 1287 1028 ἰσχάς
1330 975 1465 1016 Strab.
1504 974 1607 1015 XIII.

136 1055 228 1097 630.
268 1050 388 1093 Aliud
418 1050 538 1099 huJ'us
569 1049 732 1099 generis
765 1046 997 1097 Stephanus
1030 1043 1227 1095 explosit:
1269 1037 1520 1093 Χαιρώνεια,
1561 1035 1609 1078 τὸ

135 1114 326 1172 κτητικὸν
347 1111 606 1166 Χαιρωνικός
635 1137 687 1141 ——
707 1109 839 1164 μάτην
859 1107 901 1150 δὲ
930 1110 1055 1149 τοῦτο
1085 1104 1152 1147 διὰ
1178 1107 1251 1159 τῆς
1279 1098 1318 1146 ᾗ
1349 1103 1497 1158 γράφει
1522 1100 1608 1156 ’Λρ-

136 1183 287 1230 monog.
345 1182 431 1222 Neo
461 1179 697 1231 probaverit
726 1173 974 1222 πεντελεικός
1003 1175 1129 1215 Inser.
1159 1177 1229 1213 att.
1259 1184 1297 1211 n.
1332 1172 1421 1212 160.
1454 1171 1520 1214 lin,
1546 1169 1610 1211 95.

138 1263 175 1303 p.
206 1249 299 1290 263.
332 1247 368 1287 b.
408 1246 704 1285 Femininorum
724 1253 932 1282 numerum
953 1251 1033 1279 uno
1059 1238 1245 1290 exemplo
1275 1237 1410 1278 definit
1434 1237 1611 1287 Theogn.

141 1314 230 1356 109.
271 1309 321 1352 τὰ
350 1311 403 1358 εἰς
432 1302 503 1362 Hei—J
535 1309 738 1361 μονογενῆ
769 1303 836 1346 διὰ
865 1308 939 1345 τοῦ
968 1302 991 1345 ἶ
1007 1337 1016 1353 ,
1042 1300 1192 1355 Ἑλίκη,
1231 1304 1417 1355 Φοινίκη,
1446 1301 1609 1354 μυρίκη,

143 1378 324 1429 Κυζίκη,
365 1372 498 1426 μόνον
534 1372 579 1413 τὸ
610 1372 740 1426 ἐρείκη
781 1369 848 1411 διὰ
884 1372 955 1423 τῆς
983 1361 1041 1418 ft,
1081 1368 1130 1408 de
1169 1379 1249 1420 quo
1290 1368 1611 1408 Choeroboscus

142 1456 180 1495 p.
212 1443 303 1483 272.
334 1442 413 1481 hoe
444 1440 616 1491 amplius
650 1438 840 1489 disserit,
879 1434 959 1476 ἔστι
999 1431 1042 1474 ok
1080 1429 1184 1480 εἶδος
1219 1431 1413 1485 δένδρου,
1453 1431 1552 1485 ὅπερ
1590 1429 1613 1472 ὁ

134 1503 392 1558 ‘Hooeoiavog
422 1503 465 1545 ἐν
492 1506 541 1557 τῇ
572 1501 760 1543 καθόλου
790 1499 857 1541 διὰ
892 1502 967 1541 τοῦ
998 1499 1019 1539 ἶ
1059 1497 1322 1551 ἐκτεταμένον
1360 1496 1530 1552 γράφει,
1571 1502 1615 1538 ut

137 1572 386 1625 Ἐρικοῦσσα
416 1570 608 1610 scribitur
639 1573 678 1608 et
708 1566 891 1618 ἐρικίτης,
920 1576 997 1605 nec
1028 1576 1121 1604 raro
1147 1560 1340 1616 Ἐρείκεια
1363 1565 1616 1605 convenien-

146 1644 207 1679 ter
246 1636 371 1677 verbo
412 1632 572 1687 ἐρείκω,
604 1632 710 1673 uude
740 1632 826 1671 EM.
856 1640 1005 1670 nomen
1033 1629 1185 1669 herbae
1215 1629 1374 1679 repetit.
1432 1631 1492 1670 De
1522 1630 1618 1669 Κυ-

145 1704 230 1755 ζὶκη
270 1700 484 1742 eonsilium
523 1710 606 1738 non
647 1697 841 1749 suppetit.
906 1694 1193 1746 Diphthongus
1231 1684 1277 1734 Ξ)
1306 1705 1388 1735 non
1417 1694 1620 1746 reperitur

146 1769 225 1810 nisi
255 1769 295 1807 in
325 1765 505 1818 propriis
538 1760 756 1812 Ζάλευκος,
788 1758 1000 1809 Σέλευκος.

260 1838 299 1881 §.
331 1832 367 1873 5.
426 1831 537 1871 Duas
576 1830 723 1880 longas
769 1827 938 1868 vocales
989 1826 1278 1877 Theognostus
1325 1836 1406 1865 nna
1448 1825 1622 1866 formula

149 1896 456 1952 comprehendit
486 1906 605 1947 quam
637 1894 838 1935 exhibebo
869 1896 913 1933 ut
944 1892 1099 1943 scripta
1129 1896 1212 1932 est:
1242 1889 1293 1931 τὰ
1321 1890 1377 1937 εἰς
1404 1880 1482 1938 ’ᾗ
1507 1891 1566 1946 τῷ
1596 1896 1623 1931 6

149 1959 462 2017 παραληγόμενα
492 1958 518 2012 ἢ
547 1960 605 2015 τῷ
634 1963 669 1999 ὦ
710 1955 890 2011 ὀλίγιστά
919 1957 995 1997 εἰσι
1022 1954 1092 1996 καὶ
1118 1954 1163 1996 ἐν
1194 1953 1402 2009 morawa
1439 1954 1622 2008 ποσότη-

150 2044 220 2077 τος
258 2024 457 2080 εἰρημένα.
510 2023 605 2065 Εἰσὶ
643 2022 686 2065 δὲ
715 2026 784 2065 καὶ
823 2019 1237 2077 βαρύτοναᾝτρικος
1276 2020 1392 2069 πόλις
1424 2018 1620 2074 Κρητική,

152 2091 318 2147 μάλικος
347 2089 480 2143 ὄνομα
509 2086 657 2142 ὀρνέου
683 2086 1057 2143 βαρυτονούμενον,
1089 2083 1340 2139 ὀξυνόμενον
1368 2084 1411 2127 δὲ
1440 2083 1522 2127 ἀπὸ
1547 2088 1624 2127 τοῦ

152 2155 335 2212 μαλακός
363 2153 502 2209 γέγονε
531 2157 662 2209 τροπῇ
689 2157 765 2196 τοῦ
795 2163 822 2195 ᾶ
859 2154 914 2202 εἰς
944 2158 992 2206 ἦ,
1034 2153 1232 2206 πίθηκος,
1276 2153 1456 2206 Πίληκος
1492 2150 1626 2206 νήσου

154 2221 307 2275 ὄνομα,
343 2220 528 2274 Ζάληκος
556 2223 756 2273 ποταμοῦ,
790 2218 1000 2265 Κάθωκος
1028 2215 1159 2270 ὄνομα
1187 2215 1345 2271 ἥρωος,
1388 2216 1518 2273 ὥςπερ
1557 2217 1626 2259 καὶ

150 2284 313 2335 Ἰωλκός
343 2283 543 2336 ὀξύτονον
572 2287 605 2326 εἰ
633 2286 703 2327 καὶ
729 2284 785 2339 μὴ
815 2281 1007 2334 καθαρὸν
1034 2281 1109 2335 ἔχει
1136 2281 1183 2324 τὸ
1213 2284 1247 2323 ὦ
1278 2285 1457 2336 Theogn.
1488 2297 1525 2337 p.
1561 2284 1625 2326 59.

156 2359 195 2394 et
223 2353 426 2394 Arcadius
470 2366 506 2405 p.
539 2353 603 2394 51.
640 2349 690 2392 τὰ
729 2352 784 2399 εἰς
823 2343 919 2398 oze-o}
972 2340 1178 2403 (senff)
1217 2351 1354 2405 μακρᾷ
1390 2351 1627 2403 παραληγο-

154 2434 255 2472 μενα
284 2417 436 2459 σπάνια
466 2415 565 2458 ὄντα
593 2416 834 2471 βαρύνεται,
865 2415 1068 2470 ἔστρηκος,
1100 2414 1300 2469 μάληκος,
1330 2416 1518 2468 πίθηκος.
1568 2412 1626 2456 Τὸ

244 2575 304 2616 22)
330 2575 364 2607 Si
391 2574 458 2608 hoc
481 2577 655 2609 constaret
676 2573 717 2607 ab
737 2573 894 2607 omnibus
915 2573 1133 2607 observatum
1153 2581 1244 2614 esse,
1269 2572 1303 2605 in
1324 2571 1447 2606 Athen.
1473 2570 1528 2606 XI.
1549 2572 1627 2606 410.

158 2628 197 2662 Ε.
227 2627 243 2668 ἢ
268 2629 417 2668 πλησίον
440 2629 511 2662 τῶν
535 2632 725 2673 κεραμέων
748 2628 836 2669 πύλη
863 2627 1041 2673 κεραμικὴ
1075 2627 1256 2664 καλεῖται,
1288 2626 1509 2662 scribendum
1535 2630 1629 2662 esset

158 2694 367 2726 κεραμεικη,
