1731 3021
152 182 239 223 '410
621 181 1051 224 DISSERTATIO
1103 183 1168 223 IX.

150 285 356 340 ὀξύνεται,
389 291 612 342 eodemque
649 291 769 331 modo
803 291 982 342 Theogn.
1014 291 1077 332 72.
1108 290 1177 331 ubi
1216 290 1411 331 mendose
1442 287 1624 338 Εὐεσσός

151 356 300 396 editum
332 361 406 409 est,
438 361 477 396 et
509 356 743 408 Stephanus
778 352 960 403 Θυεσσός
991 355 1149 402 Λυδίας
1178 350 1260 395 ἀπὸ
1285 356 1473 396 Θυεσσοῦ
1494 357 1624 408 sigma

151 422 301 473 duplici
332 427 375 462 ut
404 423 445 461 in
476 423 647 462 nummis
677 422 842 462 Eckbel.
875 422 1012 462 Doctr.
1043 422 1084 462 T.
1110 422 1174 462 ΙΙΙ.
1204 420 1269 461 23.
1311 421 1484 473 simplici
1525 431 1621 460 vero

151 485 336 540 Κόρεσος
375 487 623 538 Calydonius
666 487 785 529 Paus.
815 484 987 539 Ἕμεσος
1022 488 1196 528 Emesus
1234 487 1376 527 Avien.
1415 486 1555 526 Desor.
1587 497 1622 526 v.

153 554 270 595 1085.
303 564 407 605 quae
436 554 602 604 saepius
633 549 828 605 ἡἝμεσα
859 552 1005 593 dicitur
1036 558 1074 593 et
1101 549 1323 605 τὰἝμεσα.
1380 550 1624 591 verbalibus

150 630 276 670 supra
306 619 447 659 relatis
468 615 666 665 Ἵππασος
696 623 772 658 etc.
803 618 1028 669 respondet
1055 616 1251 671 ’Ἄρκεσος
1282 617 1384 658 Plut.
1412 616 1458 656 V.
1495 615 1620 666 Ages.

151 696 184 726 c.
215 685 278 725 XI.
309 684 358 724 de
391 683 486 724 Gen.
519 684 633 724 Socr.
663 684 781 723 XVII.
813 684 862 723 ab
894 683 1037 724 eodem
1067 685 1194 724 verbo
1224 683 1387 724 ductum
1418 681 1523 722 unde
1538 676 1624 733 Ἀρ-

148 747 270 797 κέσας
301 755 339 791 et
363 746 568 802 Ἀρκέσων
597 753 639 788 ut
679 746 851 795 Τελέσας
881 752 920 789 el
957 746 1140 788 Τελέσων
1168 761 1203 790 v.
1234 748 1379 788 Parall.
1409 747 1501 788 348.
1544 747 1624 787 Fe-

149 817 300 858 minina
337 816 449 855 nulla
490 819 582 854 sunt.
619 817 783 864 praeter
821 814 989 864 propria
1024 810 1203 863 Ἀκέσαι,
1237 809 1409 865 Γενέση,
1457 808 1622 864 Τεμέσῃ,

137 878 325 930 ’Έὸεσσα,
357 878 524 920 Eur-6605
554 875 634 918 ἀπὸ
664 875 853 930 Συέσσης
881 876 1018 930 γραός,
1038 876 1214 919 ’Ἀκεσσα
1244 877 1353 931 quod
1373 878 1413 917 in
1432 877 1622 918 Philostr.

149 948 242 988 Her.
276 948 316 988 V.
355 947 401 999 2,
434 945 524 986 703.
569 945 700 984 minus
740 948 852 984 reete
880 941 1030 984 ’Ἀκεσοι
1068 945 1272 986 scribitur.
1336 943 1479 995 Neque
1519 942 1622 983 alius

148 1013 312 1065 generis
354 1015 449 1052 sunt
494 1010 691 1050 tritoclita
718 1006 880 1056 ’Ἀθεσις
922 1010 1115 1065 Athesis,
1155 1007 1396 1059 Συέννεσις,
1436 1004 1622 1058 Βέλεσυς,

150 1079 333 1130 exceptis
366 1077 598 1118 verbalibus
630 1087 734 1128 quae
774 1075 824 1115 ad
863 1075 984 1116 alium
1019 1076 1154 1116 locum
1194 1076 1420 1129 pertinent,
1456 1070 1621 1125 γένεσις,

147 1141 303 1197 νέμεσις
338 1148 413 1183 etc.
454 1147 493 1183 et
530 1141 790 1182 sacerdotum
830 1142 1071 1192 Argivarum
1117 1152 1267 1182 nomen
1298 1137 1503 1193 “Ηρεσίὸ“ες
1541 1134 1623 1179 ἀπὸ

145 1212 218 1263 τῆς
243 1207 376 1262 Ἵ-Ιρας
413 1206 436 1261 ἢ
473 1204 584 1258 παρὰ
621 1203 694 1247 τὸν
732 1203 874 1258 ἀρύσω
914 1204 1111 1259 μέλλοντα
1148 1208 1265 1248 ΕΜ.ῡ
1322 1205 1621 1258 Diphthongum

148 1286 356 1328 perpauca
385 1279 646 1326 receperunt,
677 1270 922 1325 παράὸεισος
962 1284 1134 1325 peregre
1176 1272 1410 1324 advectum,
1448 1267 1621 1320 ἄλεισον,

147 1343 264 1392 quus
296 1344 460 1390 etymon
491 1340 674 1388 evanuit3
716 1339 918 1389 permulta
956 1350 1054 1379 vero
1084 1339 1270 1379 vocalem
1301 1342 1367 1377 eta
1397 1337 1470 1377 sed
1498 1334 1619 1376 modo

146 1406 334 1459 propria:
355 1402 537 1456 ’Όνησος
565 1404 691 1443 Inscr.
723 1404 842 1444 2356.
873 1405 1039 1455 saepius
1071 1404 1208 1444 dorice
1246 1402 1476 1454 appellatus
1496 1399 1622 1440 Ὄνα-

148 1483 241 1521 σος,
284 1482 363 1522 quo
402 1470 563 1509 nomine
596 1473 658 1509 est
688 1469 856 1509 Macedo
890 1469 1050 1520 quidam
1079 1471 1237 1510 Arri-an.
1268 1469 1383 1508 Alex.
1417 1467 1481 1507 III.
1512 1465 1550 1518 5,
1582 1466 1617 1506 7.

147 1543 187 1579 et
217 1537 321 1577 alius
358 1537 610 1586 Segestanus
644 1534 724 1574 Cic.
764 1534 876 1574 Verr.
906 1535 950 1574 V.
981 1535 1045 1575 45.
1089 1535 1313 1585 tertiusque
1339 1531 1619 1573 Amazonico-

147 1614 233 1643 rum
265 1602 444 1652 scriptor
475 1601 542 1651 qui
574 1604 612 1639 et
645 1597 825 1645 Ὄνατος
867 1599 1012 1639 (licitur
1043 1612 1077 1640 v.
1111 1600 1271 1650 Taylor.
1300 1599 1428 1638 Lectt.
1458 1598 1553 1648 Lys.
1586 1607 1618 1637 c.

146 1669 209 1708 IV.
240 1667 331 1707 242.
363 1666 496 1705 omnia
526 1665 576 1704 ab
610 1664 753 1704 eodem
782 1666 908 1706 verbo
931 1665 1036 1706 unde
1060 1661 1261 1717 Ὀνήτωρ,
1287 1660 1473 1716 Ὀνήτης,
1501 1658 1620 1702 Ὀνα-

144 1734 228 1785 wig,
254 1728 485 1784 Ὀνήσιμος,
512 1726 725 1783 Ὀνησίων.
785 1731 1005 1771 Praeterea
1033 1732 1120 1771 noti
1151 1734 1245 1771 sunt
1282 1729 1507 1769 Dorienses
1526 1723 1619 1767 ’Ἀν-

143 1809 267 1845 τασος
294 1798 414 1837 Paus.
444 1797 490 1836 II.
520 1796 557 1848 4,
586 1797 623 1836 4.
654 1808 728 1847 pro
762 1808 841 1847 quo
875 1797 916 1837 V.
951 1797 1011 1850 13,
1043 1797 1079 1837 3.
1098 1793 1325 1841 ’'Avwooog
1354 1794 1562 1846 subrepsit
1594 1805 1618 1834 a

146 1864 364 1906 Siebelisio
394 1862 614 1914 repulsum,
647 1866 685 1901 et
706 1862 891 1908 Νίκασος
915 1863 1036 1901 Thuc.
1069 1863 1131 1903 IV.
1155 1862 1242 1904 119.
1265 1861 1327 1901 cui
1350 1859 1617 1910 Goettliugius

146 1931 193 1971 de
224 1930 321 1970 Ace.
355 1928 445 1968 211.
478 1927 737 1979 penultimam
770 1928 932 1968 brevem
966 1929 1116 1980 tribuit,
1149 1928 1220 1968 sed
1242 1926 1436 1967 mihinon
1454 1924 1617 1965 dubium

143 1996 302 2035 videtur
332 1994 426 2045 quin
459 2006 480 2031 a
514 1994 646 2033 futuro
678 1990 832 2045 νικήσω
863 1993 1024 2033 ductum
1057 1995 1109 2034 sit
1140 1998 1181 2033 ut
1213 1992 1429 2043 superiora
1466 1991 1536 2030 illa
1577 1995 1617 2030 et

144 2067 187 2101 ut
216 2056 388 2112 Νικησώ
428 2060 543 2098 navis
573 2070 722 2099 nomen
752 2060 790 2098 in
821 2060 946 2100 Inscr.
980 2060 1117 2099 Naval.
1149 2071 1185 2110 p.
1215 2058 1279 2099 89.
1321 2052 1494 2096 Νικασώ
1523 2067 1616 2096 mu-

143 2128 255 2167 lieris
296 2126 421 2165 Inscr.
452 2124 595 2176 Delph.
629 2124 744 2165 1710.
786 2124 962 2171 Νικασίς
998 2124 1118 2164 Anth.
1149 2124 1229 2163 VII.
1269 2124 1361 2164 482.
1400 2123 1615 2163 Νικασίων

141 2193 268 2233 Insor.
298 2192 381 2230 Att.
413 2201 450 2230 n.
479 2189 571 2230 613.
630 2190 764 2240 Atque
793 2190 886 2230 hinc
906 2191 1166 2230 occasionem
1188 2189 1332 2228 sumsit
1351 2189 1615 2230 Antimachus

141 2257 204 2297 Fr.
230 2256 294 2296 ΙΙΙ.
328 2255 516 2295 Teumesi
545 2256 696 2294 montis
728 2266 875 2295 nomen
907 2266 930 2295 a
950 2255 1075 2294 verbo
1096 2251 1378 2306 τευμήσασθαι
1398 2259 1614 2306 repetens;

142 2321 252 2374 quod
286 2321 320 2361 si
350 2320 625 2370 grammaticis
656 2320 883 2359 rationibus
915 2318 1120 2358 fundatum
1152 2324 1290 2371 esset,
1328 2316 1540 2372 Τεύμησος
1573 2319 1614 2359 in

140 2388 226 2429 EM.
258 2387 410 2426 rectius
442 2386 691 2425 scriberetur
722 2396 840 2436 quam
878 2383 1112 2437 Τευμησσός
1140 2387 1181 2426 in
1211 2387 1331 2435 H.‚H.
1361 2386 1402 2425 in
1420 2386 1496 2438 Ap.
1521 2384 1613 2426 225.

142 2458 182 2494 et
210 2452 343 2492 Noun.
375 2451 416 2491 V.
449 2450 512 2491 (50.
543 2449 593 2490 ad
620 2451 846 2502 exemplum
885 2451 1107 2490 verbalium
1142 2448 1504 2498 illorum’vvaoog
1534 2455 1610 2490 etc.

142 2517 223 2559 Sed
253 2516 455 2557 vocabula
484 2516 667 2556 locorum
698 2520 737 2556 et
767 2516 947 2569 heroum,
978 2528 1082 2568 quos
1106 2520 1256 2568 poetae
1280 2517 1614 2569 grammaticique

230 2664 266 2701 6]
294 2662 502 2697 Credibilius
528 2665 580 2696 est
606 2662 646 2695 ab
673 2662 788 2706 ἀρέσῃ)
815 2662 1005 2697 derivatum
1030 2673 1108 2698 esse
1145 2665 1199 2699 vel
1235 2664 1275 2698 ab
1310 2662 1512 2709 εἰρήσομαι,
1547 2661 1609 2698 sed

141 2730 183 2753 nc
214 2719 314 2760 liujiis
341 2717 479 2761 quidem
506 2716 729 2751 derivationis
756 2717 791 2759 (a
819 2732 868 2750 ‹m›
895 2720 926 2752 in
949 2710 1024 2762 ET.)
1051 2720 1246 2763 exemplum
1279 2722 1381 2754 extat.
