1747 3005
172 173 239 214 DE
257 172 383 214 NOM.
405 171 622 222 QUORUM
641 172 792 213 CHAR.
816 171 916 214 EST
936 171 1208 214 DENTALIS.
1240 172 1281 214 C.
1301 173 1363 214 lv.
1390 178 1428 221 §.
1447 173 1484 215 4.
1525 173 1616 216 377

141 276 307 334 ἀλείτης,
340 286 408 322 aut
438 287 481 322 ut
511 282 703 322 usitatum
733 276 882 334 ἀλήτης
910 284 1132 338 mutaretur
1161 282 1202 321 in
1231 276 1386 335 ἀλείτης
1405 282 1484 323 leni
1507 295 1613 336 qua-

141 346 230 387 dam
269 348 361 387 soni
404 347 677 388 declinatione
717 359 796 399 qua
828 347 1008 388 Graecos
1048 346 1097 387 ad
1128 347 1376 388 colorandas
1409 351 1612 400 conjuga-

140 415 272 452 torum
302 413 621 464 significationes
653 424 777 464 saepe
808 424 909 452 usos
949 422 1044 453 esse
1083 416 1267 465 constat,
1306 413 1370 453 vel
1411 414 1531 454 etiam
1570 416 1611 454 in

138 472 295 530 ἀλίτης,
338 481 454 529 cujus
493 479 666 530 vestigia
697 481 918 530 supersunt
948 478 988 517 in
1018 477 1220 528 syntlietis
1251 477 1428 530 διηλίτης
1463 483 1503 518 et
1534 493 1612 531 νη-

137 544 248 593 λῖτις,
281 543 389 595 quod
428 544 664 584 Eustathius
705 544 856 596 reperit
886 544 924 583 in
954 542 1025 584 Od.
1055 542 1156 583 XIX.
1195 542 1288 584 498.
1329 548 1518 596 γυναῖκες
1556 567 1610 572 -

139 608 182 648 αἳ
209 609 380 661 νηλιτεΐς
409 609 508 650 εἰσιν
536 607 562 662 ἢ
590 609 784 662 νηλίτιδες
813 604 894 648 ἀπὸ
924 604 1087 655 εὐθείας
1121 605 1355 660 βαρυτόνου
1395 604 1489 649 καθ’
1531 605 1609 649 ἑτέ-

141 687 221 724 ραν
248 671 430 727 γραφήν,
464 675 567 715 etis
599 676 665 727 qui
703 674 852 716 Suidae
889 674 1072 725 glossam
1111 671 1275 727 νηλιτής
1311 669 1333 715 ὁ
1372 672 1610 728 ἁμαρτωλός

145 739 351 790 supplevit
381 739 459 780 hoc
498 740 619 780 modo
659 737 811 781 τούτου
851 741 945 790 (τοῦ
975 740 1153 793 νηλίτης)
1193 737 1274 781 ἐστὶ
1313 738 1383 781 καὶ
1420 737 1610 793 θηλυκὸν

136 804 331 856 νηλίτιδες
359 802 403 844 ἐν
428 801 643 860 Ὀδυσσείᾳ
675 803 719 846 ἐκ
747 807 823 846 τοῦ
852 803 1087 859 βαουτόνου
1117 803 1346 859 ἀρσενικοῦ.
1405 805 1491 847 Καὶ
1528 804 1609 847 ἔστι

136 866 211 921 μὲν
238 885 264 923 η
295 867 461 923 δευτέρα
490 868 669 924 συλλαβὴ
700 867 913 923 ἀναλόγως
941 868 986 911 ἐν
1012 872 1070 926 τῷ
1099 872 1239 927 βιβλίῳ
1273 869 1407 928 τούτῳ
1437 869 1505 913 διὰ
1532 874 1609 914 τοῦ

137 935 178 974 [-
222 935 262 976 οἱ
297 932 340 976 δὲ
367 934 541 988 τεχνικοὶ
578 933 646 977 διὰ
683 938 759 978 τοῦ
787 937 815 990 ἦ
855 934 1002 984 εἰδότες
1037 933 1168 990 αὐτὴν
1209 937 1417 978 αἰτιῶνται
1451 935 1610 993 τροπὴν

138 1001 214 1041 τοῦ
246 1016 259 1041 ι
297 1001 352 1049 εἰς
379 1002 406 1055 ἦ
437 998 492 1049 ὡς
520 999 760 1055 ψηιιύθιον,
791 1003 1024 1054 significans
1058 1002 1129 1043 Od.
1159 1002 1258 1044 XVL
1288 1004 1380 1046 317.
1418 1008 1610 1057 γυναῖκες

136 1089 189 1096 ·--
218 1067 261 1106 αἳ
289 1069 471 1120 νηλητεῖς
500 1067 575 1108 εἰσι
604 1068 671 1108 ubi
703 1069 839 1109 Schol.
874 1068 1057 1120 σημαίνει
1096 1064 1194 1114 τοὺς
1231 1064 1497 1121 ἁμαρτωλοὺς
1527 1067 1607 1112 ἀπὸ

137 1133 213 1172 τοῦ
251 1131 428 1186 νηλητής
463 1129 519 1180 ὡς
560 1129 728 1186 εὐσεβὴς
766 1129 958 1186 εὐσεβεῖς·
998 1134 1122 1174 τοῦτο
1159 1130 1201 1173 δὲ
1231 1129 1313 1174 ἀπὸ
1349 1138 1425 1176 τοῦ
1455 1134 1608 1177 ἀλιτεῖν

136 1194 241 1238 κατὰ
272 1195 430 1251 τροπὴν
457 1197 654 1251 αἰολικήν.
712 1202 845 1251 Atque
872 1200 972 1240 liaeo
999 1200 1202 1251 scriptura
1234 1200 1455 1242 translucet
1487 1203 1608 1244 etiam

137 1275 186 1303 ex
216 1263 410 1314 Hesyohii
446 1265 590 1315 glossa
636 1261 828 1318 Νηλιτεές
869 1260 1048 1317 ἀνηλεεῖς
1089 1261 1272 1304 &vomeret
1315 1262 1607 1320 ἀναμάρτητοι,

134 1339 225 1368 nam
256 1329 334 1369 hoe
365 1329 523 1380 quidem
556 1329 606 1369 ad
634 1332 806 1383 νηλιτεῑς
836 1331 1024 1382 pertinet,
1056 1329 1130 1370 sed
1169 1330 1281 1381 prior
1319 1332 1605 1383 interpretatio

134 1393 185 1434 ad
212 1396 405 1446 νηλητεῑς,
438 1395 545 1446 quod
577 1401 747 1447 apparet
791 1395 1010 1437 nonnullos
1049 1406 1123 1447 pro
1163 1392 1349 1448 νηλέητοι
1392 1398 1608 1449 accepisse

136 1458 315 1500 adhibito
357 1461 671 1513 metaplasmo.5
735 1462 825 1502 Hoc
871 1462 1027 1513 recepit
1070 1461 1295 1503 Barnesius
1346 1463 1388 1502 in
1433 1467 1608 1515 utroque

136 1523 348 1575 Odysseae
379 1525 486 1579 loco,
517 1527 686 1567 Wolfius
715 1529 886 1580 νηλιτεῖς
917 1539 967 1567 ex
996 1531 1090 1567 vett,
1128 1526 1227 1568 Edd.
1271 1528 1455 1581 retinuit,
1498 1529 1607 1581 quod

135 1591 277 1630 nescio
318 1602 397 1642 quo
440 1592 625 1643 exemplo
667 1592 827 1633 delendi
867 1592 1026 1644 possit3
1064 1589 1262 1644 νημερτής
1300 1604 1383 1634 non
1422 1594 1607 1645 quadrat.

135 1655 242 1695 Nihil
271 1666 368 1696 vero
401 1656 648 1697 difficultatis
680 1658 799 1697 habet
827 1657 998 1709 νηλίτιες
1028 1657 1087 1707 (ut
1125 1654 1303 1709 νήστιες)
1335 1658 1398 1698 vel
1436 1659 1610 1712 νηλίτεες

134 1720 316 1772 νηλίτεις,
348 1732 423 1761 nec
454 1721 642 1773 displicet
671 1719 865 1775 νηλήτεις·
894 1733 985 1762 nam
1024 1721 1134 1773 quod
1173 1733 1247 1773 pro
1287 1718 1437 1776 ἀλήτης
1476 1725 1609 1766 ambi-

135 1787 302 1838 guitatis
333 1787 521 1828 vitandae
552 1800 677 1828 causa
707 1793 914 1839 receptum
947 1792 1010 1828 est
1039 1783 1186 1840 ἀλίτης,
1216 1799 1297 1828 non
1339 1789 1506 1830 obstare
1544 1791 1609 1831 vi—

137 1853 253 1892 detur
281 1853 495 1904 quominus
528 1855 758 1904 composito
799 1855 966 1893 sormam
998 1854 1203 1904 propriam
1244 1853 1439 1895 redditam
1481 1856 1608 1897 fuisse

137 1923 337 1969 putemus.
368 1942 418 1946 —
450 1917 564 1965 Quod
595 1924 724 1958 restat
755 1916 885 1971 ἀείτης
914 1919 1060 1970 legitur
1090 1919 1128 1958 in
1164 1919 1346 1970 plurimis
1378 1920 1493 1962 oodd.
1523 1922 1608 1972 Ly·-

138 1983 278 2034 eoplir.
312 1983 402 2023 461.
435 1983 507 2023 sed
539 1983 645 2034 apud
678 1984 935 2025 Theocritum
968 1989 1027 2024 ter
1058 1984 1097 2023 in
1130 1984 1315 2024 omnibus
1355 1979 1489 2038 ἀΐτης,
1531 1997 1609 2027 ne-

138 2060 215 2099 que
247 2060 296 2088 ex
327 2053 461 2098 etymo
502 2048 711 2100 dijudicari
754 2055 892 2102 potest
932 2054 1062 2089 utrum
1113 2054 1319 2100 praestet3
1370 2061 1461 2090 nam
1498 2051 1607 2102 quod

139 2113 255 2154 Ottsr.
285 2113 506 2153 Muellerus
538 2115 728 2165 opinatus
761 2121 821 2156 est
856 2117 894 2156 in
925 2116 1019 2156 Dor.
1055 2115 1096 2156 T.
1126 2114 1171 2156 Il.
1201 2114 1292 2155 290.
1332 2114 1411 2156 lioo
1447 2117 1609 2157 nomine

227 2268 265 2311 5)
291 2268 492 2311 Apollonius
518 2270 572 2304 lV.
598 2271 674 2306 703.
702 2271 840 2312 ινηληεῖς
867 2272 984 2308 ἱκέτας
1009 2271 1093 2305 dixit
1118 2272 1171 2306 vel
1201 2281 1261 2306 eos
1288 2280 1374 2314 quos
1407 2280 1508 2306 nemo
1543 2271 1609 2306 ad-

138 2323 205 2357 huc
230 2324 465 2357 misericordia
489 2326 674 2368 impertivit
700 2336 812 2370 neque
840 2326 931 2360 domi
961 2331 1122 2370 receptos
1145 2328 1296 2371 expiavit
1320 2326 1374 2361 vel
1390 2328 1491 2361 etiam
1511 2326 1610 2362 valde

142 2378 379 2421 miserabiles,
407 2381 497 2412 sicut
522 2381 680 2420 νηλητεῖς
711 2381 929 2415 Aristarchus
964 2391 1030 2415 non
1057 2381 1331 2424 ἀναμαιριήιους
1370 2383 1612 2425 interpretatus

141 2438 195 2469 est
219 2434 281 2469 sed
308 2434 637 2477 ῑιολυαμαρτήτους.
686 2437 723 2470 In
750 2436 851 2470 codd.
878 2438 1042 2479 scriptum
1070 2440 1122 2471 est
1147 2436 1316 2476 νηλειεῖς,
1346 2436 1438 2480 quod
1474 2446 1493 2470 a
1529 2437 1610 2470 vul-

141 2493 220 2532 gato
251 2499 316 2522 non
345 2489 443 2524 aliter
469 2489 581 2524 dill'ert
609 2500 708 2534 quam
735 2491 896 2527 εὐκλεΐας
920 2496 953 2525 et
979 2491 1179 2535 ἀγακλῆος,
1213 2494 1425 2524 mir-‘hiemis
1460 2495 1494 2526 et
1529 2503 1609 2524 πεν-

143 2543 286 2583 ιἸηέτον,
313 2544 510 2587 α’καχιιίιτο
539 2549 572 2580 et
596 2545 784 2588 ἀκαχήατο
812 2550 878 2580 ele.
907 2547 967 2581 scd
993 2549 1134 2580 suavius
1160 2550 1259 2580 sonat
1283 2546 1406 2586 νηλῆες
1437 2551 1472 2581 ut
1503 2545 1612 2590 χήρηι

142 2598 339 2633 Aristarcho
369 2599 497 2641 placuit
521 2609 580 2643 pro
604 2602 730 2644 χέρειι.
779 2601 945 2636 Similiter
970 2603 1142 2645 antiquam
1169 2603 1371 2645 scripturam
1405 2601 1528 2642 ἀλίτης
1555 2602 1612 2636 alii

142 2656 176 2694 in
202 2653 339 2693 ἀλείιης
363 2655 510 2689 vertisse
535 2653 703 2697 videntur,
730 2656 788 2690 alii
817 2657 849 2690 in
876 2656 1015 2697 ἀλήτης,
1042 2657 1134 2700 quod
1159 2659 1300 2701 saepius
1336 2657 1462 2700 legitur
1495 2655 1612 2701 ἁμαρ-

146 2707 256 2741 namu
281 2707 490 2751 significans,
