1731 3021
161 166 253 209 1164
652 167 1080 211 DISSERTATIO
1128 169 1173 211 X.

166 290 221 327 ις,
261 275 437 327 Δαναΐς,
477 277 684 330 Κραναΐς,
723 274 906 331 Ἀγραῖοι
939 273 1159 331 Ἀγραῖς,48
1191 274 1402 331 Έλυμαῖοι
1435 272 1638 329 Ἐλυμαΐς,

162 337 322 395 Ἀχαιίς,
349 342 557 392 Πλαταιίς,
592 344 818 397 Πτολεμαῒς
847 368 900 374 ——
930 341 1161 397 Κρηταιεύς
1190 344 1399 399 Κρηταιίς,
1425 337 1641 388 Φωκαιεύς

170 408 349 455 Φωκαΐς.
393 408 506 457 Quae
533 420 631 450 vero
655 410 754 463 iota,
784 411 824 450 in
848 425 932 461 ιας,
969 412 1086 452 Φθία
1119 408 1277 460 Φθιὰς,
1309 410 1434 463 σηπία
1462 403 1639 461 Σηπιάς,

169 475 319 522 Πελίας
362 471 581 526 Πελιάς,49
626 473 861 530 Δημητριος
901 474 1162 531 Δημητριάς,
1211 473 1400 523 Κάσπιος
1437 470 1641 524 Κασπιάς,

153 538 321 582 ’Ἀκτιον
342 537 522 592 Ἀκτιοὲς,
567 538 756 582 Σούνιον
793 541 978 591 Σουνιάς
1018 547 1057 584 et
1088 543 1317 583 communia
1346 541 1396 582 ab
1428 539 1642 592 adjectivis

166 611 205 648 et
234 607 504 648 substantivis
535 606 718 648 derivata
747 604 874 660 ἁλιάς,
905 606 1092 659 ποντιάς,
1123 606 1304 662 ἐτησίας,
1334 604 1546 660 λυτηριάς,
1576 619 1644 658 φι-

165 669 303 726 ληλιάς
330 673 409 713 nisi
439 674 643 725 scriptura
674 675 774 715 fallit
801 675 947 716 Athen.
971 674 1070 716 XIV.
1101 674 1194 716 619.
1223 675 1267 716 B.
1300 670 1460 727 ῥοθιάς,
1490 667 1642 724 πεδιάς,

165 735 353 785 εὐπεόιάς
374 742 413 778 et
434 738 514 778 alia
534 751 570 779 v.
593 744 630 786 ς.
651 739 687 780 2.
726 740 798 780 His
829 741 1023 781 continuo
1056 741 1298 792 subjungam
1326 736 1483 788 πολιάς,
1513 734 1641 790 ληιάς,

160 801 293 852 Ἰσιοὲς.
350 803 506 844 Eodem
546 804 763 844 decurrunt
801 816 905 855 quae
946 801 970 844 ἕ
1002 806 1175 857 simplex
1214 810 1253 846 et
1284 816 1388 857 quie
1419 803 1643 856 diphthon-

164 882 256 923 gum
285 884 318 910 ει
347 880 421 922 pro
455 869 692 910 charactere
721 870 871 910 habent
901 867 1068 923 Βορεάς,
1099 867 1271 922 Νεμεάς,
1309 866 1455 922 Τεγεάς
1473 894 1525 901 »-
1538 863 1642 908 Ρ-οι

164 935 290 989 τειάς,
330 931 517 987 Σιγειάς,
555 932 730 986 γενειάς,
770 946 903 987 neque
942 936 1022 975 alia
1059 936 1215 978 vocalis
1255 937 1440 988 sequitur
1474 934 1642 986 ypsilon

164 999 318 1055 Λρνάς,
350 997 533 1050 Μινυάς,
565 998 743 1048 Μιλυάς.
787 1001 868 1042 Sed
897 1000 920 1041 ὁ
950 1002 1074 1042 breve
1105 1006 1144 1042 et
1172 1001 1337 1053 longum
1368 1000 1518 1052 exeipit
1549 999 1642 1051 syl-

163 1069 258 1110 laba
288 1060 334 1118 ιξ,
366 1063 543 1120 Εὐβοΐς,
582 1067 794 1121 Τηλεβοῖς,
826 1067 1005 1118 διπλοῖς,
1035 1068 1221 1121 προχοΐς,
1247 1060 1419 1116 Ἀθωίς,
1443 1062 1640 1118 ῗΑχελωίς,

163 1134 351 1184 Μινωίς,
397 1134 570 1180 Νειλωίς
605 1134 726 1174 Anth.
756 1133 820 1175 IX.
848 1134 939 1175 710.
998 1134 1150 1174 Horum
1180 1137 1314 1173 autem
1343 1133 1540 1173 nonnulla
1569 1143 1642 1184 per

165 1201 285 1254 alpha
311 1199 609 1252 protenduntur
634 1195 824 1253 Ἀχαιιάς,
849 1194 1038 1249 Ἀθωιάς,
1070 1195 1232 1251 ἁλωιάς,
1263 1195 1430 1251 δμωιάς,
1459 1195 1640 1251 λεχωιάς,

164 1264 366 1320 Λητωιάς,
397 1263 605 1313 Μινωιάς,
634 1277 805 1318 quorum
836 1270 1060 1318 prototypa
1089 1257 1131 1305 οἶι
1156 1269 1195 1306 et
1220 1256 1498 1305 {continent
1529 1264 1642 1313 Quae

165 1333 215 1373 ad
243 1331 465 1373 secundum
495 1342 624 1381 genus
656 1332 881 1384 pertinent,
922 1332 1008 1371 iota
1044 1332 1234 1384 primitivi
1275 1342 1401 1382 saepe
1433 1330 1640 1382 abjiciunt,

165 1395 406 1450 Λυῤῥάχιον
443 1396 672 1449 Λυῤῥαχίς,
712 1394 939 1449 μυστήριον
966 1398 1224 1450 μυστηρίς,5“
1261 1393 1452 1437 ὑπώπιον
1479 1391 1642 1443 ὑπωπίς

166 1464 323 1516 (planta
343 1463 672 1514 sugillationibus
696 1464 809 1513 apta)
836 1463 1006 1503 Θεσπιαί
1024 1464 1110 1503 sive
1136 1460 1310 1503 Θέσπεια
1337 1461 1497 1512 Θεσπίς,
1518 1465 1641 1502 Μαν-

163 1530 290 1570 τίνεια
308 1528 516 1574 Μαντινίς
534 1529 612 1567 nisi
634 1528 713 1567 hoc
735 1527 783 1568 ad
804 1530 1009 1580 antiquius
1032 1528 1228 1580 Μαντίνη
1250 1528 1314 1568 vel
1337 1528 1387 1568 ad
1402 1525 1641 1576 Μαντινεύς

165 1595 292 1647 redigi
320 1594 452 1634 debet.
483 1593 568 1633 Neo
589 1593 736 1633 desunt
755 1604 859 1644 quae
879 1593 1093 1644 dupliciter
1112 1594 1297 1633 finiantur
1312 1590 1419 1641 Ἀσίς
1438 1589 1638 1645 οῑἈσιάς,

165 1672 244 1713 qua
282 1659 331 1700 de
369 1670 413 1699 re
450 1658 631 1710 loquitur
663 1659 799 1699 Schol.
838 1660 955 1700 Dion.
985 1659 1077 1701 850.
1115 1654 1163 1698 τὸ
1193 1655 1425 1707 Εὐξαντιάς
1454 1655 1535 1701 ἀπὸ
1564 1661 1641 1702 τοῦ

164 1722 406 1775 Εὐξάντιος,
436 1720 483 1764 τὸ
511 1721 554 1763 δὲ
583 1719 839 1772 Εὐξαντίδος
867 1721 979 1777 παρὰ
1007 1722 1257 1781 Καλλιμάχῳ
1286 1722 1437 1778 ὕφεσιν
1465 1723 1540 1779 ἔχει
1563 1727 1640 1767 τοῦ

164 1793 210 1843 ἆ,
244 1796 283 1833 et
311 1790 569 1832 Herodianus
600 1790 686 1831 EM.
717 1790 819 1843 394,
850 1790 914 1832 35.
954 1792 1028 1831 τοῦ
1065 1785 1294 1840 Εὐξάντιος
1332 1789 1380 1832 τὸ
1417 1806 1640 1846 πατρωνυ-

162 1854 284 1912 μικὸν
307 1852 612 1909 Εὐξαντιάδης,
641 1853 688 1895 τὸ
716 1853 905 1909 θηλυκόν
934 1852 1175 1906 Εὐξαντιάς.
1194 1857 1229 1882 ⁵¹
1269 1849 1392 1911 Ἆρον
1429 1854 1477 1898 τὸ
1515 1859 1541 1898 ἆ
1570 1855 1640 1898 καὶ

252 2001 312 2044 48)
350 2001 401 2035 De
437 2003 672 2036 attenuatione
714 2001 920 2045 diphthongi
945 2003 1080 2039 dicetur
1110 2005 1145 2037 in
1168 2003 1292 2038 Adnot.
1327 2003 1369 2038 ad
1392 2002 1633 2046 Phrynichum.

253 2057 312 2100 49]
349 2057 423 2090 Hoc
456 2059 727 2100 patioimnicuin
766 2057 909 2101 dicitu13
952 2061 1112 2093 motionis
1136 2062 1292 2103 speciem
1317 2058 1485 2102 praebent
1510 2060 1637 2095 Νικίας

163 2112 292 2149 Νικιάς
315 2111 417 2146 Antii
446 2111 501 2146 VI.
527 2113 603 2148 210.
631 2112 694 2147 sed
719 2122 756 2147 re
781 2122 862 2148 vera
888 2113 977 2148 haee
1004 2117 1117 2150 omnia
1143 2115 1397 2150 denominativa
1423 2117 1502 2148 sunt
1519 2112 1635 2159 Ἀδρι-

208 2166 389 2208 ,Πηλιάς,
417 2166 514 2205 Διιὲς,
535 2167 653 2205 Ἰλιεῖς,
682 2167 837 2212 Θρονιάς
862 2173 928 2204 etc.

253 2224 311 2266 50)
336 2222 410 2256 ΕΜ.
440 2225 512 2265 170,
541 2224 592 2259 15.
618 2224 788 2268 Αὖληῑρίς
811 2224 1034 2269 παρώιίῃιιον
1058 2224 1129 2258 ἀπὸ
1153 2224 1217 2257 τοῦ
1245 2223 1419 2269 ῑιῧληῖήρ,
1449 2224 1636 2271 αὗλητηρίς

163 2278 209 2316 ὡς
232 2277 348 2322 σωτήρ
375 2281 534 2322 σιοτηρίς,
561 2277 642 2323 ἐτήρ
669 2278 783 2323 ἕτηρίς
807 2281 868 2312 καὶ
894 2282 1075 2325 τριετηρίς.
1124 2281 1272 2315 Primum
1299 2282 1453 2324 ineptum
1472 2284 1544 2323 eSt;
1570 2281 1635 2317 sed

161 2338 321 2379 Σωτηρίς
346 2345 521 2379 proprium
545 2336 580 2367 in
606 2335 711 2368 Inscr.
739 2345 769 2367 v.
796 2335 884 2370 Keil.
914 2335 1024 2369 Anali.
1052 2335 1169 2379 Epigr.
1196 2347 1229 2379 p.
1257 2336 1332 2372 129.
1369 2346 1388 2370 a
1416 2335 1532 2381 σωτήρ
1565 2337 1633 2373 de-

163 2392 325 2426 clinatum
351 2395 384 2426 et
412 2391 452 2424 ab
480 2391 556 2424 aliis
586 2390 805 2424 substantivis
832 2392 866 2423 in
884 2381 932 2435 ἷρ
960 2395 994 2425 et
1012 2381 1058 2431 ’ἧς
1086 2391 1293 2425 exeuntibus
1319 2390 1475 2435 ἆκτηρίς,
1502 2395 1632 2435 βακτη-

161 2450 224 2491 pig,
253 2448 441 2490 βλιστηρίς,
468 2446 631 2489 ἱκετηρίς.
679 2444 859 2479 Ficticiuin
896 2445 978 2490 ἕιήρ
1018 2447 1052 2479 in
1086 2444 1195 2479 Crain.
1224 2446 1279 2480 IV.
1307 2447 1383 2482 329.
1421 2446 1560 2482 affertur
1590 2457 1633 2482 ex

160 2502 335 2546 Sophocle
361 2500 488 2545 ἓτῆρας
513 2500 649 2544 ἅμμους
675 2503 776 2537 θεοῖς
807 2501 929 2544 ἔρεξας
958 2501 1096 2543 (θεοῖσι
1128 2501 1201 2544 ῥέξ’
1238 2501 1393 2544 immola]
1431 2501 1631 2539 ἕπακτίους·

160 2557 345 2601 γράφεται
371 2556 409 2589 δὲ
436 2557 497 2588 καὶ
522 2556 671 2601 εὐείρας,
707 2556 800 2599 quod
832 2556 870 2590 L.
904 2556 1100 2590 DilldOI'sluS
1134 2557 1166 2589 in
1198 2556 1301 2591 Thes.
1335 2557 1477 2601 εὕειρας
1511 2558 1631 2592 scribit

162 2614 258 2654 quasi
286 2612 515 2647 heterocliton
544 2622 605 2655 pro
630 2611 796 2655 εὖείρους.
844 2611 882 2645 ld
913 2611 1094 2645 admodum
1119 2611 1337 2646 incredibile.

248 2668 308 2709 51)
344 2668 402 2702 Sic
428 2669 560 2710 Pelias,
599 2668 773 2699 Dardanis
794 2668 1029 2710 patronymica
1055 2676 1134 2703 esse
1161 2667 1371 2703 contendunt
1398 2667 1630 2710 Grammatici,

160 2725 276 2756 contra
301 2732 386 2765 quos
414 2723 583 2766 disputavi
610 2724 643 2755 in
670 2722 811 2756 Dissert.
846 2721 872 2755 Ι.
