1699 3021
282 169 351 212 DE
382 167 564 210 NOMIN.
593 166 648 209 IN
676 155 727 208 232
754 166 1101 210 EXEUNTIBUS.
1141 168 1184 210 e.
1205 168 1268 211 lv,
1298 173 1336 217 ς.
1357 169 1395 213 3.
1495 173 1581 216 127

97 279 296 332 Hippiatr.
315 290 352 331 p.
373 277 465 320 216.
495 274 684 332 τόρδιλον
708 277 868 330 legitur,
897 277 939 317 in
960 276 1098 318 Galen.
1117 276 1257 329 Simpl.
1279 277 1342 319 IV.
1363 280 1399 321 7.
1426 291 1463 333 p.
1483 281 1576 325 646.

99 347 141 386 T.
170 344 234 386 XI.
264 345 338 384 τοῦ
365 341 592 396 τορδύλου,
624 354 687 396 ap.
712 343 881 384 Paulum
909 343 990 383 VII.
1023 343 1062 396 3,
1083 342 1175 384 235.
1205 343 1396 385 vitiosius
1429 345 1577 400 γόργυ-

95 412 181 451 λον.
239 409 282 450 Id
313 410 347 450 si
382 410 487 449 sorte
518 408 654 450 tortile
685 407 873 460 quiddam
905 412 944 449 et
974 408 1168 460 glomeris
1199 408 1330 450 simile
1360 411 1575 468 signifieat,

97 487 180 516 non
209 475 376 516 multum
408 474 532 515 distat
562 486 586 514 a
614 475 778 515 nomine
816 471 975 526 ὄρδημα
1007 469 1029 526 ἡ
1058 470 1215 527 τολύπη
1247 478 1287 515 et
1315 477 1442 518 verbo
1470 473 1575 533 ’.Ωρ-

96 538 357 593 δυλευσάμην
388 538 598 593 ἐμόχθησα
626 540 720 580 Hes.
751 540 832 593 sie,
865 543 987 592 puto,
1018 543 1061 579 ut
1089 536 1328 581 τολυπεύειν
1357 542 1504 585 dieitur
1534 548 1576 586 et

96 603 272 660 χαλεπὸν
299 603 431 647 πόνον
468 603 766 652 ἐκτολυπεύσας
792 604 958 645 Hesiod.
1005 604 1141 645 Verbo
1170 600 1467 660 Ἠρτυλημένος
1495 605 1575 664 ἠρ-

96 670 267 726 τυμένος
295 673 391 714 Hes.
422 683 570 713 nomen
597 670 775 723 genitale
807 670 947 722 deest3
994 681 1087 711 nam
1112 665 1301 722 Ἀρτυλία
1327 669 1353 727 ἡ
1383 673 1574 730 συνθήκη

93 742 178 791 jam
209 738 356 780 dudum
387 739 427 778 in
458 737 737 789 suspicionem
771 736 881 776 venit
911 748 946 777 v.
968 736 1141 778 Meiuek.
1162 737 1274 779 Corn.
1294 739 1382 780 Vol.
1397 740 1461 782 111.
1480 742 1573 784 400.

96 804 214 846 Nune
245 804 341 844 nihil
372 804 542 855 propius
566 804 691 843 instat
711 813 830 854 quam
852 806 896 842 ut
916 801 964 842 de
984 803 1216 844 nominibus
1242 803 1392 856 duplici
1410 805 1574 850 lambda

98 870 220 910 finitis
252 868 403 920 dicam,
445 880 550 919 quae
580 880 712 921 pauca
742 872 854 919 sunt3
895 863 1096 918 δάρυλλος
1123 865 1148 922 ἡ
1178 868 1280 920 δρῦς
1308 866 1392 911 ὑπὸ
1422 873 1574 914 Μακε-

98 932 237 974 ὁόνων
265 933 360 973 Hes.
395 934 575 973 fortasse
606 933 656 973 ab
687 933 766 973 hoe
795 934 887 984 ipso
919 937 1056 974 natum
1087 938 1129 974 ut
1159 931 1273 986 δόρυ.
1338 936 1420 978 Sed
1448 948 1576 990 grae-

100 1011 189 1041 cum
220 1002 331 1039 certe
370 994 392 1038 ὁ
422 995 620 1050 ἕρπυλλος
656 993 738 1037 ἀπὸ
769 998 845 1037 τοῦ
879 995 1015 1049 ἕρπειν
1043 994 1279 1052 ὠνόμασται
1307 1001 1447 1044 Diosc.
1478 1005 1576 1049 Mat.

97 1066 164 1108 ΙΙΙ.
192 1064 257 1106 46.
288 1075 362 1116 pro
395 1075 474 1115 quo
507 1064 542 1104 si
571 1061 746 1116 ἔρπυλος
773 1063 920 1114 legitur
950 1063 1143 1115 Hippoer.
1175 1064 1224 1106 de
1253 1066 1344 1109 Nat.
1365 1068 1459 1109 Mul.
1483 1070 1576 1114 598.

102 1131 144 1172 T.
165 1131 211 1171 Il.
242 1134 282 1171 et
312 1129 420 1182 alibi,
452 1133 596 1169 eontra
625 1132 778 1181 pugnat
798 1132 1012 1181 poetarum
1033 1131 1260 1172 auotoritas
1279 1132 1451 1174 mediam
1473 1147 1578 1188 pro-

101 1197 332 1237 ducentium
358 1195 605 1246 latinumque
626 1194 848 1246 serpyllum
879 1197 918 1235 et
949 1194 1215 1238 derivativum
1244 1194 1432 1250 ἕρπυλλίς
1453 1198 1578 1253 τέττιξ

100 1263 195 1304 Hes,
217 1261 325 1313 quod
347 1266 386 1301 et
408 1261 574 1312 proprie
595 1260 742 1301 dieitur
756 1255 971 1312 Ἑρπυλλίς
991 1273 1026 1302 v.
1050 1260 1224 1304 Goeller.
1248 1263 1297 1305 de
1319 1265 1460 1316 syrac.
1481 1267 1574 1309 230.

101 1323 373 1380 οῑὉρπυλλίς
393 1327 561 1367 Ptolem.
582 1326 709 1378 Heph.
729 1326 772 1367 V.
797 1326 861 1368 33.
884 1325 943 1367 ed.
962 1326 1128 1369 Roulez.
1150 1332 1192 1368 ut
1213 1326 1441 1382 ὄρπετον.114
1474 1333 1578 1374 Ter-

103 1395 199 1435 tium
229 1397 292 1434 est
324 1392 568 1445 adjectivum
596 1389 867 1444 καθάρυλλος,
897 1391 1006 1443 quod
1027 1392 1213 1435 Eustath.
1238 1395 1355 1449 1817,
1380 1397 1444 1439 61.
1467 1394 1579 1440 ὑπο-

100 1459 350 1513 κορισθῆναι
379 1458 474 1499 dieit
504 1469 587 1498 nou
619 1458 670 1498 ob
702 1458 810 1499 aliud
840 1470 959 1510 quam
991 1460 1085 1512 quia
1115 1460 1222 1512 apud
1253 1461 1446 1505 Comieos
1472 1465 1578 1518 legi-

102 1530 177 1568 tur.
234 1526 381 1567 Verum
411 1525 450 1564 hi
481 1535 556 1577 pro
587 1521 790 1575 καθάριος
819 1529 1039 1578 usurpant,
1080 1536 1164 1566 non
1202 1527 1392 1569 universe
1422 1530 1496 1571 sed
1528 1531 1578 1573 de

100 1593 211 1633 viotu
248 1592 454 1643 rebusque
492 1589 543 1630 ad
580 1590 730 1630 vietum
769 1590 1093 1644 pertinentibus,
1138 1596 1178 1632 et
1217 1594 1447 1635 terminatio
1486 1596 1578 1649 ipsa

102 1669 250 1699 vereor
285 1661 327 1697 ut
359 1656 616 1697 deminutivis
646 1659 758 1696 reete
789 1655 997 1707 adscripta
1028 1658 1093 1698 sit.
1159 1658 1239 1698 Pro
1273 1670 1353 1711 qua
1384 1662 1578 1712 opinione

103 1734 225 1764 unum
254 1721 351 1762 illud
382 1722 492 1761 afferi
523 1724 662 1772 potest
693 1721 802 1772 quod
831 1721 1034 1761 Eustathii
1064 1721 1140 1762 fide
1167 1723 1320 1776 nititur,
1357 1724 1399 1764 in
1429 1727 1578 1770 sabulis

104 1788 295 1840 satyricis
326 1786 540 1827 Herculem
570 1790 759 1826 vocatum
790 1797 885 1826 esse
903 1782 1125 1837 ‘'Hovmov.
1184 1787 1265 1828 Sed
1295 1788 1345 1829 de
1374 1789 1454 1831 hoo
1482 1792 1576 1844 ipso

105 1855 278 1906 aliisque
306 1852 505 1893 similibus
536 1862 619 1891 non
649 1851 769 1903 plane
800 1853 991 1893 convenit
1020 1852 1126 1892 inter
1150 1851 1446 1897 Grammaticos
1470 1869 1579 1910 quo-

103 1920 224 1962 modo
267 1924 357 1960 orta
393 1918 496 1968 sint;
535 1912 791 1968 Ἀρίστυλλος
827 1913 1150 1970 ὑποκοριστικῶς
1181 1914 1203 1959 ὁ
1237 1914 1494 1975 Ἀριστοκλῆς
1523 1919 1579 1972 ὡς

95 1984 302 2038 Ἡρακλῆς
319 1981 537 2035 ἽἸρυλλος,
563 1984 805 2037 Θρασυκλῆς
831 1981 1080 2035 Θράσυλλος,
1105 1986 1327 2039 Βαθυκλῆς
1347 1983 1578 2037 Βάθυλλος.

108 2049 252 2098 Οὕτως
283 2045 549 2100 Ἡρωδιανός.
607 2045 807 2102 Διογένης
847 2045 889 2089 oz
925 2045 1017 2090 ἀντὶ
1054 2052 1129 2092 τοῦ
1159 2048 1321 2104 ἄριστος
1358 2052 1445 2093 EM.
1487 2054 1578 2108 142,

103 2118 167 2160 56.
207 2117 274 2158 ubi
299 2111 496 2168 Ἀρίστων
525 2114 784 2155 scribendum
816 2126 910 2156 esse
940 2116 1039 2156 vidit
1067 2117 1294 2158 Meiuekius
1324 2117 1428 2158 Hist.
1463 2118 1576 2160 Com.

103 2183 195 2226 288.
229 2187 269 2224 et
297 2181 441 2223 34815
502 2180 589 2220 Jam
631 2184 673 2220 ut
713 2179 853 2221 demus
874 2177 1093 2229 ’Ἄντυλλος
1122 2183 1296 2235 Appian.
1335 2182 1418 2223 Civ.
1451 2183 1480 2236 Ι,
1510 2183 1575 2226 25.

107 2246 319 2295 Πόλυλλος
347 2247 468 2288 Anth.
497 2247 601 2298 App.
632 2256 670 2285 n.
696 2245 785 2287 150.
833 2243 1049 2295 Φάυυλλος
1078 2248 1204 2289 Inser.
1222 2248 1399 2289 Nointel.
1422 2259 1460 2288 n.
1486 2249 1576 2292 165.

104 2327 140 2355 v.
172 2314 209 2356 5.
242 2313 392 2354 nullum
423 2313 558 2364 aptius
589 2311 741 2353 habere
767 2313 1008 2366 principium
1038 2325 1157 2366 quam
1178 2309 1398 2367 Ἀντικλῆς,
1433 2315 1580 2356 Φανο-

194 2480 252 2523 14)
276 2479 496 2514 Praetermisi
515 2487 605 2521 quae
625 2479 809 2521 peregrina
827 2478 985 2514 videntur
999 2477 1181 2522 βήρυλλος,
1201 2477 1384 2522 μόσυλλον
1401 2478 1579 2524 v.Spren-

106 2536 162 2578 gel
188 2535 230 2569 ad
258 2535 377 2569 Diosc.
404 2545 438 2578 p.
465 2535 541 2570 349.
569 2538 634 2570 ete

182 2605 254 2648 15)
288 2606 384 2645 Quae
411 2606 499 2648 Berg
482 2605 580 2641 okius
605 2606 641 2641 T.
667 2604 710 2640 11
740 2605 836 2641 1162.
873 2604 952 2639 addi
988 2605 1078 2648 v,ult
1113 2605 1155 2640 ad
1183 2604 1401 2641 Grammatici
1435 2615 1575 2641 causam

106 2670 224 2705 parum
248 2663 447 2696 necessaria
472 2665 558 2696 sunt.
606 2661 722 2747 Apud
732 2660 940 2703 Hesycliium
965 2660 1020 2702 ’.04
1025 2662 1077 2692 ίισ
1162 2660 1308 2704 ω’ραι
1322 2663 1442 2694 οίστου
1463 2663 1577 2704 potius

107 2715 294 2759 ιἰρισιητός
318 2717 535 2752 scribendum
564 2719 600 2749 ut
627 2717 680 2748 tul
760 2715 825 2752 τός.
