1747 3005
250 178 319 221 DE
349 177 475 221 NOM.
505 177 641 220 Pam.
673 175 877 219 nucmu.
906 175 961 218 IN
985 164 1034 225 02}
1062 174 1252 217 PURUM.
1283 179 1322 224 ς.
1350 175 1387 217 7.
1480 175 1573 218 305

97 289 156 340 ξις
179 283 354 338 Ἀλεξίας
379 283 551 337 Ἀλέξιος
574 283 745 337 Ἀλέξων
771 283 958 336 Ἀλεξίων
982 281 1182 335 Ἀλεξῖνος
1197 282 1445 337 -Ἅριστος
1462 282 1571 340 ’Ἀρι-

97 364 181 402 στις
213 349 429 406 Ἀριστέας
461 349 670 405 Ἀριστίας
703 349 917 406 Ἀριστεύς
950 348 1157 404 Ἀρίστων
1191 346 1411 402 Ἀριστίων
1453 355 1491 392 et
1527 354 1573 392 ut

98 421 244 472 cuique
281 421 446 472 fingenti
488 420 652 472 placuit.
712 420 866 471 Hisque
907 419 1027 460 modo
1070 430 1143 470 pro
1189 417 1363 458 diversis
1393 421 1572 470 utuntur,

95 486 218 527 modo
250 498 404 527 summa
433 486 474 524 in
511 485 800 536 aequabilitate
831 490 997 537 ponunt.
1057 484 1172 526 Unde
1202 488 1296 524 sunt
1325 483 1394 523 illa
1425 483 1466 523 in
1495 493 1572 523 ve-

99 553 220 593 tustis
252 551 552 603 exemplaribus
584 549 884 603 dittographiac
914 550 1085 591 indicia:
1112 545 1308 601 Ἀνάγων
1331 545 1358 602 ἢ
1378 544 1573 597 Ἀναξίας

99 617 235 660 Schol.
274 617 478 669 Lycoplir.
525 615 616 656 511.
664 613 820 663 Τέλεσις
857 613 884 669 ἢ
929 612 1124 668 Τελέστης
1170 615 1316 656 Athen.
1356 615 1384 655 I.
1416 614 1481 655 21.
1530 614 1570 655 F.

101 683 273 724 Φαίδων
312 680 340 736 ἢ
383 681 583 733 Φαιδρίας
623 693 659 722 v,
698 682 870 722 Meinek.
911 683 1014 722 Hist.
1053 680 1146 723 385.
1190 680 1314 733 Ζηνίς
1348 676 1376 733 ἢ
1417 676 1574 732 Ζηνεύς

96 749 189 790 Ath.
231 748 332 790 XIII.
363 748 454 789 (301.
493 748 532 788 F.
570 747 637 787 ubi
672 748 797 800 Ζῆνις
845 747 1102 788 scribendum
1151 758 1201 787 ex
1244 745 1398 787 Anecd.
1447 745 1573 787 Bekk.

101 813 220 856 1192.
261 814 430 864 Utrique
470 812 521 853 ad
559 813 739 864 speciem
778 813 908 854 simile
955 814 1085 866 Πῆλις
1125 812 1246 853 Paus.
1285 811 1330 852 X.
1361 811 1434 864 27,
1468 809 1503 852 1.
1533 814 1574 851 et

101 876 263 933 Πηλεύς
292 879 364 920 sed
396 878 558 918 diversa
592 880 770 919 fortasse
802 880 983 931 origiue3
1015 889 1107 919 nam
1150 878 1276 931 Ζῆνις
1314 888 1388 929 pro
1435 872 1574 929 Ζηνό-

97 945 218 993 δοτος
246 945 376 997 accipi
407 948 547 996 potest
586 948 628 984 ut
672 944 816 992 Θεῦόις
854 945 973 985 Antii.
1017 944 1100 985 XII.
1142 943 1231 985 179.
1271 944 1334 984 cui
1373 943 1414 982 in
1454 942 1573 984 Thes.

97 1022 313 1064 perperam
349 1010 545 1050 articulus
586 1010 801 1050 femininus
840 1011 1107 1062 praeponitur
1147 1020 1221 1062 pro
1270 1005 1472 1055 Θεόδοτος
1508 1008 1574 1050 vel

101 1074 329 1129 Θεόδωρος,
348 1072 532 1129 ’Ἀθηνις
561 1074 722 1128 (omiss.
762 1077 802 1115 in
844 1077 932 1128 Th.)
977 1076 1114 1127 Steph.
1153 1087 1185 1117 s.
1223 1071 1348 1127 Δύμη
1387 1073 1498 1115 Suid.
1539 1085 1574 1118 S.

91 1138 295 1185 Ἱππῶναξ
333 1153 408 1194 pro
443 1138 674 1195 Ἀθήναιος
707 1141 772 1182 vel
804 1137 1117 1195 Ἀθηνόδωρος.
1184 1141 1326 1193 Neque
1364 1140 1457 1180 huic
1496 1138 1574 1181 ad-

96 1212 285 1249 versatur
316 1207 425 1259 quod
456 1208 516 1248 sic
547 1208 778 1259 composita
817 1208 897 1247 alio
939 1207 1174 1259 detorqueri
1205 1210 1379 1259 possunt
1417 1205 1574 1254 Θευδᾶς

96 1269 416 1325 ὑποκοριστικὸν
444 1274 520 1313 τοῦ
552 1270 767 1322 Θεόδωρος
795 1272 880 1312 ΕΜ.
911 1273 1003 1320 444,
1034 1272 1098 1313 34.
1125 1273 1189 1313 cui
1233 1271 1342 1324 quod
1371 1270 1573 1312 Arcadius

99 1338 278 1391 adjungit
316 1350 354 1391 p.
385 1338 461 1391 21,
503 1339 565 1379 17.
609 1338 762 1383 Πυθᾶς
801 1337 981 1378 sortasse
1018 1337 1125 1378 idem
1166 1348 1314 1378 nomen
1360 1341 1424 1377 est
1463 1336 1573 1388 quod

101 1403 240 1454 Πύθις
269 1405 461 1446 scribitur
489 1404 609 1444 Paus.
639 1402 684 1443 X.
717 1402 753 1455 6,
784 1402 821 1443 3.
850 1402 949 1443 Plin.
979 1403 1152 1445 XXXVI.
1188 1403 1227 1456 5,
1257 1403 1294 1444 4.
1336 1402 1445 1454 quod
1485 1402 1520 1442 si
1551 1413 1575 1443 a

97 1470 223 1513 πύθω
254 1476 378 1524 puteo
409 1470 474 1510 vel
505 1469 555 1510 ab
587 1469 688 1509 urbe
709 1468 907 1519 Delphica
937 1468 1100 1509 ductum
1122 1473 1197 1522 est⁷
1221 1470 1282 1509 sic
1311 1468 1576 1521 pronunciari

100 1541 262 1591 oportet
291 1542 334 1578 ut
376 1533 552 1585 Πύθων,
596 1530 768 1581 Πυθέας
803 1533 915 1574 Pind.
957 1531 1123 1582 Πύθιος
1164 1538 1203 1575 et
1246 1532 1414 1580 Πυθιάς
1453 1533 1574 1575 Anth.

97 1604 179 1645 hoc
209 1608 273 1644 est
301 1603 437 1655 ypsilo
469 1602 621 1653 long03
651 1600 840 1651 idemque
868 1600 1022 1647 Πυθᾶς
1052 1601 1172 1640 etiam
1203 1611 1277 1652 pro
1312 1596 1575 1650 Πυθόδωρος

99 1670 231 1722 accipi
268 1680 398 1721 posse
434 1667 671 1718 intelligitur
705 1677 755 1706 ex
793 1665 930 1706 Schol.
968 1667 1087 1707 Dion.
1130 1666 1301 1707 Gramm.
1330 1664 1423 1706 857.
1457 1659 1479 1704 ὁ
1507 1660 1575 1704 τέ-

97 1749 244 1787 ταρτος
271 1735 356 1774 τῶν
383 1730 713 1785 ὑποκοριστικῶν
741 1727 869 1778 τύπος
895 1731 950 1779 εἰς
980 1723 1031 1780 οἷς
1056 1727 1111 1779 ὡς
1151 1732 1288 1784 Ζηνᾶς
1326 1726 1349 1771 ὁ
1382 1726 1575 1782 Ζηνόδω-

99 1815 172 1854 ρος
200 1797 271 1841 καὶ
310 1800 487 1852 Μητρᾶς
522 1794 544 1838 ὃ
583 1794 844 1851 Μητόδωρος
881 1801 924 1837 ut
956 1799 1048 1839 Sex.
1080 1797 1265 1849 Pompeji
1293 1796 1464 1837 libertus
1496 1795 1575 1836 du-

101 1871 275 1918 ctorque
324 1865 519 1906 classium
565 1864 615 1904 ab
667 1863 857 1915 Appiano
906 1860 1193 1917 Μηνόδωρος,
1241 1873 1265 1902 a
1304 1862 1435 1903 Dione
1473 1871 1572 1903 vero

99 1933 256 1985 Μηνᾶς
284 1936 474 1982 vocatur3
512 1941 604 1970 nam
635 1929 737 1969 haec
764 1930 970 1970 nominum
1001 1930 1261 1982 propriorum
1307 1927 1573 1980 interpolatio

99 1999 222 2040 nullis
254 1997 452 2037 adstricta
492 2000 650 2035 tenetur
688 1994 847 2046 legibus
887 1996 960 2037 sed
997 1995 1118 2037 modo
1150 1994 1362 2035 dissimilia
1390 1993 1575 2034 similiter

99 2064 313 2104 flectuntur
342 2062 464 2102 modo
496 2061 644 2102 similia
674 2060 854 2114 diverse,
883 2073 1016 2113 neque
1046 2061 1178 2101 solum
1206 2059 1468 2100 Metrodorus
1497 2059 1577 2099 ali-

101 2130 192 2182 quis
233 2128 486 2169 familiariter
524 2127 703 2179 Μητρᾶς
744 2128 941 2180 appellari
972 2127 1104 2179 potuit
1135 2125 1208 2167 sed
1239 2126 1358 2166 etiam
1387 2125 1424 2164 is
1455 2125 1523 2176 qui
1553 2135 1577 2165 a

100 2195 341 2248 parentibus
371 2204 520 2234 nomen
550 2188 746 2246 Μητρέας
784 2194 1017 2245 accepisset
1046 2196 1089 2232 ut
1108 2187 1256 2244 Ἡρέας
1283 2187 1354 2231 καὶ
1391 2186 1436 2230 έν
1473 2198 1577 2230 συν-

101 2258 252 2313 αιρέσει
273 2256 402 2312 “Ηρᾶς
430 2255 485 2306 ὡς
514 2257 669 2312 βοῤῥᾶς
698 2259 783 2299 ΕΜ.
814 2259 905 2301 436.
938 2263 977 2300 et
1007 2259 1152 2311 Δημᾶς
1185 2253 1266 2297 ἀπὸ
1305 2256 1381 2296 τοῦ
1410 2252 1577 2308 Δημέας

107 2327 246 2368 Schol.
278 2327 395 2367 Dion.
435 2326 526 2379 714,
557 2325 620 2365 24.
662 2335 738 2365 nec
767 2326 946 2378 Μητρᾶς
983 2324 1115 2366 solum
1154 2323 1263 2363 illius
1294 2322 1406 2362 vices
1437 2321 1576 2362 subire

103 2393 233 2446 potuit
274 2392 348 2433 sed
393 2391 513 2432 etiam
544 2388 708 2444 Μᾶτρις
739 2391 939 2445 (Μᾶτρις)
970 2402 1006 2430 v.
1041 2388 1369 2440 Scliweighaues.
1400 2386 1451 2428 ad
1479 2387 1573 2428 Ath.

106 2459 148 2500 T.
177 2459 204 2499 Ι.
236 2458 328 2499 315.
362 2457 503 2499 dorice
533 2460 693 2511 quidem
725 2462 767 2499 ut
798 2454 994 2510 Ματρέας
1015 2454 1326 2496 Alexandrinus.
1383 2453 1435 2495 Et
1459 2449 1578 2506 Νύμ-

104 2538 174 2578 φις
202 2524 289 2565 ΕΜ.
319 2535 403 2564 non
433 2536 456 2564 a
487 2522 782 2578 Νυμφόδωρος
812 2524 960 2576 repetit
990 2522 1063 2564 sed
1093 2533 1116 2561 a
1145 2517 1299 2573 νύμφη.
1365 2520 1578 2570 Amynan-

106 2590 178 2631 der
208 2601 306 2631 vero
338 2602 410 2631 rex
438 2591 709 2632 Athamanum
739 2603 763 2631 a
792 2590 962 2641 Polybio
995 2588 1162 2638 saepius
1194 2587 1274 2638 sic,
1314 2584 1441 2625 semel
1458 2581 1578 2637 Ἀμυ-

105 2657 181 2708 νᾶς
227 2662 483 2708 nuncupatur
523 2657 586 2696 IV.
629 2656 701 2710 16,
740 2656 776 2698 9.
816 2656 922 2696 sicut
965 2652 1197 2695 Alexander
1244 2651 1294 2691 ab
1347 2649 1577 2702 Epiphanio

103 2717 285 2771 Ἀλεξᾶς,
315 2721 502 2774 idemque
531 2721 628 2763 illud
659 2733 709 2763 ex
734 2717 935 2774 Ἀμυνίας
965 2720 1140 2761 existere
1170 2716 1358 2769 potuisse
1389 2718 1580 2757 testatum
