1731 3021
159 156 252 199 2011
626 149 1064 194 DISSERTATIO
1105 150 1167 191 lv,

158 270 223 306 est
260 263 301 303 in
337 262 511 303 Dissert.
543 262 589 303 Il.
621 273 654 302 c.
686 262 748 303 Ill.
791 265 829 308 §.
871 260 908 300 2.
959 270 1043 299 non
1082 259 1160 299 hac
1196 259 1357 300 ratione
1408 264 1499 300 orta
1543 272 1638 304 esse

159 330 351 382 arbitror,
381 339 501 380 quam
530 327 592 366 vir
617 328 805 378 egregius
836 330 982 378 tuetur,
1009 324 1082 365 sed
1104 325 1316 377 simplicia.
1357 324 1496 376 ltaque
1517 336 1638 367 unum

155 396 255 437 illud
284 394 546 446 relinquitur,
576 392 685 444 quod
717 393 870 433 directe
902 390 953 431 ad
980 390 1095 430 tidem
1126 394 1309 443 spectat,
1337 392 1525 441 λασῖνος,
1558 403 1638 431 vo—

158 461 346 504 cabulum
378 459 582 500 exoletum
614 462 653 498 et
683 458 854 511 devium,
887 460 1003 508 cujus
1033 466 1116 495 non
1144 466 1192 495 ea
1213 456 1275 496 vis
1301 459 1364 496 est
1386 461 1429 496 ut
1454 456 1637 498 Graecos
1661 478 1668 485 ·

158 529 324 570 nomina
363 525 498 567 civilia
538 523 807 576 omnibusque
855 524 949 563 trita
979 520 1228 567 Μνασίνους
1265 521 1386 561 Paus.
1418 522 1464 562 II.
1497 522 1569 576 22,
1599 522 1636 564 6.

158 593 405 640 Μαντίνονς
443 590 580 632 Schol.
609 591 704 641 Lyc.
734 589 827 631 481.
859 594 935 630 etc.
973 588 1023 628 ad
1062 587 1166 627 hanc
1215 587 1385 628 sormam
1424 588 1638 640 redegisse

157 665 369 714 putemus,
419 667 539 708 quum
588 655 832 707 praesertim
879 654 1024 694 crebra
1068 653 1149 693 sint
1189 657 1425 694 attenuatae
1471 654 1637 695 ultimae

158 725 357 777 exempla,
397 721 604 773 Πείριθος,
623 718 821 767 ’Ἀλκιθος
847 720 990 770 Polyb.
1019 718 1192 759 XXVIII.
1218 717 1280 759 16.
1319 718 1488 766 Οἰδίπος
1515 719 1637 759 Anth.

154 791 237 833 vll.
256 789 348 831 429.
377 783 570 833 ἀέλλοπος
599 787 687 826 sive
717 781 913 831 ἀελλόπος
940 796 976 825 v,
996 784 1142 824 Parall.
1164 784 1256 825 250.
1284 784 1324 824 in
1349 785 1460 826 nullo
1492 789 1627 826 autem

155 856 315 898 vocalis
354 851 557 905 producta
595 850 841 903 appareat.S
896 848 983 888 Nec
1021 850 1107 889 veri
1145 850 1276 890 simile
1319 855 1384 891 est
1424 851 1636 892 Platonem

155 921 279 964 modo
311 914 468 972 ἀγχῖνοι
498 917 734 969 scripsisse,
766 913 876 967 quod
905 913 1115 954 Bekkffl‘ns
1146 915 1187 955 in
1219 915 1383 958 Theaet.
1414 928 1451 968 p.
1481 916 1569 957 144.
1588 916 1636 957 A.

157 1001 180 1030 e
211 987 372 1029 duobus
403 982 519 1025 codd.
551 983 718 1034 ascivit,
748 979 871 1021 modo
903 974 1082 1031 ἀγχίνοι,
1116 980 1225 1031 quod
1254 981 1359 1022 idem
1388 983 1430 1022 in
1460 982 1542 1022 Civ.
1574 982 1636 1023 VI.

156 1052 251 1096 503.
285 1051 327 1092 C.
359 1053 399 1091 et
430 1051 473 1090 in
501 1049 617 1090 Phot.
646 1047 748 1089 Bibl.
783 1045 987 1087 CCXXIX.
1019 1044 1112 1085 432.
1146 1047 1309 1098 reliquit
1338 1048 1556 1100 intactum,
1596 1052 1637 1088 et

156 1118 306 1170 legitur
335 1116 502 1167 saepius
532 1112 699 1154 Aristid.
725 1111 792 1153 Or.
816 1111 880 1151 III.
909 1110 974 1151 27.
999 1114 1076 1150 etc.
1122 1111 1320 1162 Equidem
1351 1112 1386 1152 si
1415 1113 1638 1159 Μνασίνος

155 1183 419 1236 reperiretur,
438 1191 522 1220 non
543 1179 767 1219 dubitarem
790 1175 1034 1227 simplicium
1057 1175 1097 1214 in
1116 1186 1284 1216 numero
1308 1177 1474 1231 referre,
1504 1177 1637 1218 idem-

157 1261 236 1302 que
261 1247 401 1300 judico
436 1246 484 1286 de
518 1247 735 1297 Κρατῖνος,
767 1241 877 1294 quod
912 1240 1048 1282 Schol.
1077 1240 1127 1281 ad
1148 1242 1265 1282 Dion.
1292 1241 1462 1284 Gramm.
1482 1255 1520 1295 p.
1540 1244 1634 1286 858.

157 1324 415 1368 paronymon
446 1323 541 1352 esse
572 1310 669 1350 dicit
699 1304 780 1348 ἀπὸ
811 1308 887 1348 τοῦ
915 1303 1086 1357 κράτος,
1119 1312 1158 1347 et
1189 1306 1238 1347 de
1269 1308 1486 1356 Καλλῖνος.
1530 1309 1634 1350 Nam

156 1380 267 1434 quod
289 1378 558 1420 Terentianus
590 1376 760 1427 elegiaci
791 1375 981 1416 carminis
1010 1377 1220 1413 auctorem
1244 1373 1472 1415 Callinoum
1498 1378 1635 1428 vocat,

155 1458 240 1488 non
263 1448 326 1487 est
348 1447 627 1495 argumentum
657 1441 761 1482 idem
783 1452 933 1481 nomen
954 1440 1094 1480 fuisse.
1145 1438 1312 1480 Graecis
1333 1451 1508 1491 namque
1529 1440 1635 1481 hanc

155 1512 362 1555 licentiam
393 1507 647 1550 consuetudo
684 1507 793 1548 dedit
831 1511 874 1547 ut
910 1506 1117 1546 nominum
1148 1506 1408 1557 propriorum
1437 1506 1636 1547 termina-

157 1580 292 1620 tiones
324 1586 478 1626 susque
509 1574 640 1625 deque
669 1573 880 1613 haberent.
940 1572 1009 1613 Sic
1045 1570 1151 1611 idem
1189 1570 1311 1611 homo
1331 1568 1524 1623 ’Ἁλκιμος
1552 1583 1635 1613 no-

156 1645 331 1685 minatur
362 1645 402 1681 et
428 1636 682 1691 Ἀλκιμέδων,
715 1639 819 1679 alius
850 1636 1004 1689 Πύθης
1035 1641 1074 1678 et
1100 1637 1328 1688 Πυθοκλῆς
1349 1648 1385 1676 v.
1409 1638 1558 1678 Siebel.
1583 1637 1635 1679 ad

155 1710 276 1751 Paus.
309 1708 351 1747 T.
381 1706 444 1746 IV.
477 1704 569 1745 328.
608 1704 712 1744 alius
739 1702 908 1756 Ἕρμων
947 1707 987 1743 et
1010 1698 1288 1754 Ἑρμοκράτης
1327 1702 1552 1754 Schweigh.
1583 1703 1635 1745 ad

155 1775 248 1816 Ath.
273 1773 315 1814 T.
341 1772 387 1812 ΙΙ.
405 1770 471 1811 49.
495 1772 611 1821 cujus
633 1770 916 1810 mutabilitatis
938 1768 1124 1820 exempla
1147 1768 1346 1808 cumulavi
1368 1768 1409 1808 in
1427 1769 1630 1822 Aglaoph.

155 1840 248 1882 996.
270 1839 381 1878 auxit
402 1836 597 1877 Lehrsius
620 1836 662 1875 in
682 1836 808 1876 Arist.
832 1835 923 1876 249.
966 1835 1017 1875 Et
1036 1835 1077 1873 in
1101 1834 1180 1874 hoc
1203 1834 1295 1885 ipso
1322 1844 1485 1887 genere,
1514 1846 1633 1887 quem

154 1904 456 1948 Demosthenes
479 1905 517 1941 et
537 1901 765 1941 Aeschines
784 1901 1012 1941 Anaxinum
1032 1904 1194 1953 vocant,
1214 1899 1455 1940 Plutarchus
1478 1901 1571 1941 Vitt.
1584 1901 1632 1943 X.

157 1971 285 2013 Oratt.
305 1969 351 2010 X.
394 1966 637 2007 Anaxilaum
668 1967 1029 2019 transnominavit,
1073 1966 1140 2005 alii
1169 1966 1445 2017 Hegesinoum
1474 1966 1514 2006 in
1543 1967 1633 2007 He-

155 2036 356 2088 gesilaum
384 2036 594 2073 verterunt
624 2044 659 2073 v.
684 2033 842 2083 Menag.
873 2031 923 2072 ad
951 2032 1069 2083 Diog.
1091 2031 1154 2071 IV.
1178 2031 1242 2072 00.
1282 2031 1468 2082 Elpinem
1497 2032 1538 2071 in
1557 2033 1633 2073 El-

155 2102 331 2155 pinicem
359 2111 395 2139 v.
417 2098 594 2139 Wessel.
627 2097 677 2138 ad
707 2097 824 2138 Diod.
853 2098 953 2138 XVI.
984 2097 1045 2138 15.
1092 2096 1322 2147 Euthynum
1351 2097 1393 2136 in
1421 2097 1632 2148 Euthyde-

155 2179 263 2209 mum
293 2178 329 2206 v.
360 2164 501 2205 Elmsl.
535 2163 586 2204 ad
615 2164 791 2204 Acharn.
823 2165 987 2213 Argum.
1037 2162 1123 2202 Hac
1160 2162 1284 2213 igitur
1319 2163 1479 2204 ratione
1521 2164 1633 2204 affir-

155 2244 266 2275 mare
296 2232 392 2271 lieet
422 2229 658 2275 Καλλῖνοςυ
688 2233 727 2269 et
758 2229 1010 2277 Καλλίνους,
1049 2228 1127 2268 etsi
1166 2228 1335 2268 arbitrio
1367 2229 1633 2271 scribentium

154 2301 345 2340 inunum
374 2296 526 2337 collata
554 2295 635 2335 sint
664 2293 888 2346 hominem,
932 2298 1066 2334 tamen
1104 2305 1187 2334 non
1225 2294 1357 2334 forma
1395 2295 1529 2336 solum
1567 2295 1632 2337 di—

242 2433 280 2475 8)
309 2431 400 2472 Ὕψι
406 2442 465 2466 νος
502 2429 710 2472 dactylicum
745 2430 779 2462 in
805 2429 948 2464 Joannis
985 2428 1160 2464 Geometr.
1189 2427 1227 2462 C.
1256 2428 1294 2463 V.
1321 2430 1399 2465 447.
1428 2429 1470 2464 A
1499 2432 1534 2465 et
1556 2441 1632 2462 ποι-

156 2487 323 2531 κίλςοχρο
346 2487 391 2521 ΙΙ.
421 2486 498 2520 441.
526 2484 821 2519 A.obi1htate1n
847 2485 997 2518 auctoris
1018 2485 1257 2527 piaetermisi
1284 2483 1443 2522 Πολυνός
1461 2486 1632 2552 extermi-

158 2545 251 2578 navit
273 2543 479 2586 Spitznerus
506 2540 701 2576 Observatt.
730 2540 765 2572 in
790 2539 903 2579 Quint.
932 2549 965 2582 p
995 2540 1069 2575 173.

243 2598 280 2640 9)
313 2596 518 2631 Welckerus
544 2597 578 2630 in
605 2596 729 2630 Adnot.
759 2595 802 2629 ad
826 2594 1047 2629 Schwenckii
1081 2595 1228 2638 Etymol.
1255 2605 1288 2638 p.
1314 2594 1392 2630 334.
1431 2603 1474 2629 ex
1506 2594 1631 2626 Καλλί-

155 2653 251 2689 λιιός
277 2653 454 2686 concisum
481 2652 575 2695 dicit,
605 2653 658 2686 cui
694 2652 806 2686 simile
833 2649 1010 2697 Φιλιλύρα
1036 2652 1059 2685 i.
1090 2660 1121 2686 e.
1149 2648 1293 2693 Φιλύρα
1327 2648 1422 2684 finxit
1456 2651 1490 2683 in
1520 2648 1631 2682 Nach-

157 2715 234 2750 τηεμ
256 2717 318 2741 zur
346 2708 474 2749 Triloy.
499 2718 532 2752 p.
559 2708 612 2744 53.
666 2707 808 2743 Graecis
835 2705 924 2742 haec
950 2707 1067 2749 ignota
1091 2709 1182 2741 sunt.
