1731 3021
161 128 221 171 72
637 137 1072 185 DISSERTATIO
1123 143 1152 187 I.

160 241 322 290 graecis
353 239 492 297 δάφνη
521 242 700 300 Δάφνος
728 261 763 290 v.
792 250 934 294 Lehrs.
964 253 1090 296 Arist.
1110 254 1202 298 202.
1232 257 1335 301 Adn.
1379 260 1485 303 Fieri
1503 268 1646 316 potest

160 310 204 346 ut
241 306 386 350 horum
426 311 730 363 aliquammulta
759 327 843 357 non
881 318 931 359 ab
962 319 1047 373 his,
1092 332 1197 372 quae
1230 324 1455 382 opinamur,
1486 331 1645 382 princi-

158 372 238 423 piis
279 373 401 416 dueta
441 378 522 417 sint
561 379 635 420 sed
665 381 715 420 ab
749 382 979 425 obliteratis
1010 388 1322 441 peregrinisque
1352 393 1458 435 sicut
1491 395 1644 439 Galbae

157 448 307 479 nomen
328 441 552 484 Suetonius
584 444 741 487 dubitat
772 453 904 490 utrum
937 463 959 491 a
992 451 1121 493 Gallia
1153 456 1366 498 oriundum
1397 460 1450 500 sit
1480 473 1531 501 an
1562 461 1642 504 do-

156 505 392 559 mesticum3
435 508 560 550 latine
601 512 706 552 enim
743 516 974 571 vermiculi,
1016 520 1084 571 qui
1121 520 1161 560 in
1193 523 1371 564 aesculis
1403 532 1641 583 nascuntur,

157 571 417 621 appellantur
454 574 600 625 galbae
640 588 663 617 a
702 579 844 621 colore
879 582 989 633 gilvo
1030 585 1117 626 sive
1156 586 1355 643 galbano,
1395 595 1438 631 ut
1480 594 1640 648 opinor,

156 635 263 676 unde
303 639 424 680 etiam
462 637 624 692 γαλεός,
669 654 844 697 namque
883 647 919 687 is
949 650 1150 692 mustelae
1191 653 1307 694 color
1337 667 1373 697 v.
1402 656 1550 700 Donat.
1589 659 1641 702 ad

155 700 257 742 Eun.
288 703 350 744 IV.
370 705 408 758 4,
429 706 492 747 21.
551 707 740 760 Idemque
771 710 1001 761 significare
1031 716 1190 759 videtur
1210 731 1360 761 nomen
1377 722 1518 778 Helva,
1550 736 1640 767 cum

155 765 343 809 helvolus
374 770 587 813 helveolus
619 777 961 826 comparatuni.3¹

264 860 302 903 §.
335 857 370 898 6.
430 859 668 902 Connexum
698 862 761 902 his
794 869 857 905 est
887 870 1153 919 paronymiae
1184 881 1314 923 genus
1347 875 1445 918 illud
1469 889 1549 930 quo
1571 880 1637 921 se-

150 919 348 962 minarum
379 926 640 967 continentur
669 930 834 970 nomina
864 934 1033 985 propria
1073 937 1333 987 appellativis
1372 945 1636 998 propriisque

151 987 389 1028 masculinis
422 989 615 1041 adjuncta
646 992 828 1049 Γεράνη,
858 991 1025 1052 Έρίφη,
1054 997 1198 1056 Ἵππη,
1232 1004 1441 1062 Κοσσύφη
1472 1021 1636 1063 epony-

152 1063 339 1105 mumque
371 1056 505 1108 Χοίρα
534 1058 682 1102 Herod.
713 1063 825 1102 Mov.
858 1074 895 1114 p.
915 1064 951 1106 8.
985 1066 1114 1108 Cram.
1140 1069 1203 1110 III.
1224 1070 1315 1113 263.
1346 1077 1462 1126 cujus
1484 1076 1635 1129 duplex

150 1118 391 1171 principium
419 1127 557 1175 205903
587 1130 626 1166 et
658 1129 821 1180 Χοῖρος.
863 1130 991 1170 Varro
1012 1132 1055 1172 L.
1076 1133 1119 1174 L.
1146 1135 1243 1177 VIII.
1274 1137 1311 1191 2,
1342 1139 1407 1180 85.
1440 1153 1467 1182 a
1497 1146 1634 1186 naari-

150 1183 239 1237 bus,
267 1186 409 1240 inquit,
439 1190 629 1240 sentinae
660 1194 939 1247 declinantur,
973 1200 1021 1237 ut
1042 1201 1105 1238 est
1128 1212 1154 1240 (ι
1176 1200 1393 1245 Terentius
1415 1206 1621 1262 Terentia,

148 1250 296 1300 quibus
327 1253 474 1294 similia
505 1263 600 1297 sunt
629 1271 733 1310 quae
763 1260 977 1303 Grimmius
1011 1263 1183 1306 Gramm.
1209 1267 1251 1307 T.
1274 1269 1337 1309 III.
1359 1270 1452 1313 333.
1487 1284 1536 1313 ex
1554 1286 1631 1316 ve-

147 1319 258 1357 tusta
285 1317 575 1363 Germanorum
598 1328 895 1368 consuetudine
917 1331 1075 1380 profert
1094 1333 1629 1396 AlamannusAlamanna,

144 1383 442 1435 Amalafriclus
472 1389 756 1443 Amalasi‘e'da,
792 1398 830 1433 et
861 1405 1012 1445 graeca
1035 1395 1251 1450 Κλύμενος
1271 1400 1478 1459 Κλυμένη,
1509 1408 1629 1448 Κλυ-

142 1461 229 1495 τιος
259 1450 438 1502 Κλυτία,
471 1452 694 1507 Γλυκέριος
724 1460 766 1497 Γ
763 1460 945 1514 λυκερία,
972 1456 1192 1513 Ἀσπάσιος
1215 1461 1433 1520 Ἀσπασία,
1470 1470 1628 1514 Θεοδό-

142 1528 228 1561 τιος
262 1517 479 1570 Θεοὸοτία,
513 1532 646 1574 neque
678 1523 727 1564 ab
758 1525 835 1566 hac
867 1528 999 1568 solum
1034 1529 1308 1574 declinatione
1343 1536 1415 1576 sed
1447 1539 1567 1580 etiam
1603 1553 1627 1582 a

140 1582 270 1632 prima
301 1581 456 1638 Μάνης
488 1589 636 1629 Μανία
667 1595 705 1630 et
735 1602 758 1631 a
791 1594 909 1633 tertia
937 1590 1113 1647 Ἀλκμάν
1138 1592 1353 1653 Ἀλκμήνη,
1386 1601 1625 1655 ΣίμωνΤΣι-

40 1669 42 1672 >
93 1694 96 1696 .
138 1643 281 1700 μώνηζ
309 1648 491 1703 Τρύφων
528 1651 768 1708 Τρύφαινα,
800 1656 951 1712 Κρέων
982 1658 1198 1714 Κρέουσα,
1230 1663 1399 1720 Κράτης
1430 1668 1623 1728 Κράτεια,

142 1723 165 1752 a
196 1717 440 1766 compositis
466 1714 771 1775 Ἑρμοκράτεια,
805 1724 1011 1778 Διόκλεια,
1036 1723 1283 1782 Ῥοὸόκλεια,
1316 1733 1622 1780 Καλλιάνασσα.

137 1778 248 1820 Haec
279 1787 373 1822 sunt
412 1784 662 1829 imitamenta
700 1792 896 1832 motionis
936 1795 1118 1835 sexualis
1151 1797 1311 1849 qualem
1342 1812 1468 1853 supra
1500 1803 1542 1844 C.
1573 1806 1619 1846 Π.

138 1848 176 1890 §.
199 1844 235 1885 G.
270 1846 496 1901 descripsi3
527 1855 694 1904 proprie
715 1862 826 1896 mota
847 1858 925 1898 dici
948 1871 1031 1900 non
1057 1868 1246 1912 possunt.
1307 1865 1482 1909 Nomina
1502 1881 1621 1912 nam-

136 1921 212 1961 que
237 1912 547 1971 iudividuorum,
580 1924 621 1959 ut
645 1920 880 1964 Priscianus
913 1927 968 1965 ait
999 1926 1043 1966 II.
1068 1927 1105 1981 5,
1127 1928 1190 1969 73.
1225 1934 1511 1976 communione
1540 1947 1620 1977 na—

220 2078 281 2121 31)
317 2080 353 2113 In
375 2082 433 2115 illo
460 2083 780 2128 androuymicorum
805 2099 948 2125 numero
969 2094 1187 2136 reperiuntur
1204 2105 1293 2139 quae
1321 2107 1397 2132 cum
1418 2102 1615 2138 nominibus

132 2134 255 2176 topicis
282 2140 510 2180 conveniant3
537 2150 613 2174 nam
640 2141 746 2177 Cinna
771 2144 833 2179 suit
857 2147 1021 2190 oppidum
1048 2148 1250 2184 Samnitium
1276 2162 1306 2186 v.
1334 2153 1544 2200 Wesseling.
1572 2158 1615 2193 ad

129 2187 232 2224 Diod.
264 2191 349 2225 XIX.
386 2195 439 2229 76.
483 2195 615 2231 Merula
645 2198 807 2240 Liguriae
840 2200 962 2237 ssuvins
996 2204 1080 2237 Plin.
1108 2205 1169 2239 III.
1208 2208 1239 2241 7.
1291 2206 1421 2244 Cecina
1455 2212 1614 2250 Etruriae

128 2243 209 2279 Mel.
238 2247 281 2280 ΙΙ.
309 2249 339 2283 4.
378 2254 412 2283 et
447 2252 621 2293 quomodo
648 2253 790 2288 Romani
826 2256 1082 2301 distinguuntur
1119 2264 1278 2305 apposita
1310 2270 1390 2300 nota
1417 2269 1550 2311 patriae
1577 2274 1614 2304 ut

130 2301 177 2334 N.
209 2304 349 2346 Mayz'ns
377 2306 540 2338 Cremona
565 2308 594 2342 J.
624 2308 725 2343 CaeS.
755 2310 827 2345 Civ.
855 2312 881 2346 Ι.
908 2314 962 2348 24.
990 2315 1037 2349 ita
1062 2314 1239 2361 suspicari*
1259 2320 1342 2355 licet
1363 2322 1497 2357 illorum
1519 2334 1611 2368 quo-

130 2365 197 2398 que
223 2361 404 2394 nonnullos
437 2361 478 2395 ab
505 2362 589 2397 urbe
617 2364 672 2398 vel
699 2365 788 2399 tribu
821 2368 875 2401 vel
909 2378 999 2412 pago
1033 2381 1156 2407 nomen
1183 2377 1365 2419 accepisse
1393 2378 1542 2414 ablativo
1576 2382 1611 2415 in

127 2415 371 2448 nominativum
403 2427 593 2461 converso,
623 2422 772 2464 exempli
800 2432 905 2457 causa
931 2425 1026 2458 illum
1047 2426 1083 2460 C.
1109 2428 1224 2462 Verris
1247 2429 1469 2475 familiarem,
1507 2445 1611 2479 quein

128 2467 252 2502 Cicero
278 2474 445 2515 nominat,
481 2474 668 2508 Aemilium
692 2477 814 2512 Albam
844 2479 884 2513 ab
911 2482 1059 2526 oppido,
1098 2483 1188 2518 unde
1218 2485 1316 2520 lictus
1343 2492 1395 2522 est
1421 2490 1511 2524 Alba
1535 2501 1608 2526 rex.

125 2522 183 2555 Sic
208 2524 266 2559 ille
293 2527 418 2562 nobilis
446 2529 636 2573 Prot-hylae
665 2533 800 2570 insulae
831 2537 916 2569 civis
942 2539 1138 2572 etiamnunc
1166 2546 1306 2575 vocatur
1324 2543 1501 2580 ,lohannes
1520 2547 1609 2581 Pro-

126 2577 224 2621 cida,
261 2580 382 2616 doctus
418 2585 651 2631 Veronensis,
691 2591 749 2632 qui
782 2591 824 2626 de
859 2593 928 2626 vita
960 2593 1160 2636 pontificum
1195 2596 1424 2633 Romanorum
1456 2603 1605 2646 scripsit,

125 2632 409 2673 Bartholomaeus
435 2641 567 2677 Platina
596 2653 614 2677 a
641 2647 750 2688 patria
774 2647 905 2681 Platina
930 2650 1004 2685 sive
1032 2650 1195 2694 Plastena,
1222 2656 1257 2686 ut
1284 2655 1393 2696 pictor
1415 2656 1604 2694 Germanus

123 2689 163 2722 ab
192 2691 295 2734 urbe,
324 2694 378 2727 ubi
409 2701 508 2731 natus
536 2703 608 2741 est,
636 2700 746 2736 Lucas
774 2701 940 2738 Cranacli.
