1747 3005
135 134 202 176 DE
224 133 350 177 NOM.
376 131 594 182 QUORUM
619 131 770 173 CHAR.
792 131 892 173 EST
918 131 1206 176 GUTTURAL.
1239 136 1280 177 C.
1301 138 1364 179 III.
1387 143 1425 187 δ.
1445 139 1482 181 2.
1515 139 1604 183 337

131 244 196 285 cui
226 255 372 284 nomen
404 246 467 282 est
496 239 611 290 ἄόδιξ
639 245 855 292 cognatum
896 243 1074 284 sortasse
1114 255 1202 285 cum
1239 243 1375 294 κάδος.
1435 249 1603 291 Strattis

129 310 170 349 in
208 309 361 359 Fragm.
402 319 439 359 p.
481 307 570 348 781.
613 306 895 348 Thebanorum
932 319 1186 361 persequens
1223 311 1415 353 idiomata
1452 315 1602 365 gallum

127 374 396 425 gallinaceum
428 373 477 413 al)
509 373 557 412 iis
589 367 802 424 ὀρτάλιχου
831 375 969 414 vocari
1001 375 1074 425 ait3
1122 375 1231 427 quod
1270 378 1304 416 si
1335 377 1384 418 de
1415 380 1602 421 animan-

130 440 226 479 tium
257 439 378 490 pullis
410 438 575 490 dicitur,
617 450 664 478 ea
695 438 854 489 quidem
885 438 1129 480 deminutiva
1159 446 1222 481 est
1254 444 1496 494 significatio
1527 446 1601 487 sed

128 516 151 545 a
182 505 383 556 primitivo
416 499 575 554 ὀρταλίς
605 505 802 555 prosecta.
863 505 906 545 Iu
936 505 1148 546 vocabulis
1189 510 1470 550 communibus
1506 511 1601 551 nul-

127 570 206 610 lum
238 572 326 621 ejus
359 571 536 609 cernitur
568 571 803 621 vestigium3
851 566 1020 623 κόψιχος
1058 575 1097 611 et
1137 572 1246 623 quod
1274 574 1492 616 Atticistae
1521 577 1601 617 mi-

125 647 202 675 nus
234 636 409 687 probant
439 632 651 687 κόσσυφος
680 646 808 686 genus
846 636 977 676 avium
1016 637 1283 687 gallinaceum
1313 641 1536 695 significat,
1577 654 1601 683 a

126 697 269 748 κόπος
298 701 534 753 derivatum,
565 700 614 741 de
641 713 720 753 quo
753 700 902 741 dictum
933 708 995 742 est
1019 707 1163 754 autea3
1191 700 1350 757 δόλιχος
1373 706 1599 758 leguminis.

127 766 321 806 Verticilli
362 778 509 807 nomeu
558 761 810 819 ἀστράγαλος
850 767 1089 808 Eustatliius
1130 768 1247 821 1289,
1287 770 1350 811 51.
1389 782 1473 811 nou
1510 773 1599 813 sine

125 832 283 872 ratione
315 845 338 872 a
366 833 491 872 verbo
515 829 676 885 στρέφω
700 834 846 873 sactum
867 838 1020 885 censet,
1051 836 1166 885 cujus
1198 835 1321 875 tacita
1350 836 1601 878 incrementa

127 898 162 937 si
203 898 450 948 cogitatione
492 899 682 946 effingere
724 899 785 938 sas
829 903 912 951 est,
962 900 1128 950 primum
1168 900 1238 939 suit
1278 900 1351 941 sed
1398 902 1598 944 ineffabile

124 958 248 1014 στρέψ
279 967 317 1001 et
348 959 512 1015 ἄστρεψ,
544 964 635 1003 huic
666 964 891 1015 proximum
923 961 1078 1015 ἄστριξ,
1111 965 1219 1016 quod
1252 967 1421 1007 forsitan
1450 968 1598 1009 alicubi

122 1030 164 1067 in
194 1027 353 1078 augulis
385 1030 639 1080 secretisque
679 1029 884 1069 literarum
917 1030 1144 1070 oblitescat.
1202 1031 1303 1070 Hinc
1334 1038 1474 1083 aperto
1511 1039 1598 1074 tra-

124 1094 218 1134 mite
241 1093 456 1133 decurrunt
482 1091 618 1145 ἒὶστρις
647 1100 685 1135 et
705 1091 909 1146 ἅστριχος,
942 1106 1021 1146 quo
1051 1095 1323 1146 Autipliauem
1354 1109 1471 1139 usum
1502 1111 1598 1140 esse

123 1164 293 1200 testatur
322 1159 478 1213 Pollux,
510 1162 723 1211 tritumque
752 1155 1015 1212 ἀστράγαλος,
1048 1159 1157 1211 quod
1187 1161 1222 1200 si
1249 1156 1504 1214 ἀστράβαλος
1533 1164 1598 1205 di-

122 1230 295 1276 ceretur,
328 1226 514 1265 omuibus
547 1226 714 1276 originis
744 1237 842 1265 suae
874 1237 896 1265 a
927 1226 1051 1265 verbo
1083 1222 1245 1278 στρέφω
1272 1226 1387 1267 fidem
1421 1230 1596 1282 faceret3

121 1291 163 1330 iu
191 1290 269 1329 hoc
301 1296 430 1330 autem
462 1291 706 1341 gutturalem
738 1294 777 1330 et
808 1290 995 1330 labialem
1026 1290 1225 1331 alternare
1256 1291 1499 1335 documento
1533 1299 1597 1336 est

120 1352 300 1408 στρεύγω
343 1361 379 1395 et
421 1356 499 1395 alia
530 1367 633 1407 quae
666 1356 705 1395 in
734 1357 902 1407 propria
934 1356 1052 1407 hujus
1084 1358 1341 1408 quaestionis
1373 1363 1488 1409 parte
1520 1371 1596 1400 ex-

122 1422 357 1474 planaturus
379 1433 478 1462 sum.
510 1421 765 1461 Verumnihil
788 1426 866 1461 tam
883 1421 1029 1461 fluxum
1045 1427 1081 1462 et
1098 1422 1287 1463 instabile
1305 1429 1499 1476 estquam
1514 1436 1596 1466 no-

121 1499 212 1528 meu
235 1487 371 1528 corbis
393 1487 637 1538 copliiuique
659 1484 836 1540 ἄῤῥιχος,
869 1487 977 1539 quod
998 1499 1080 1527 nou
1102 1488 1234 1528 solum
1256 1484 1423 1541 ἀρίσκος
1449 1490 1596 1532 dicitur

121 1554 216 1594 Hes.
239 1553 312 1593 sed
336 1553 455 1593 etiam
477 1557 629 1592 mutata
651 1553 781 1593 vocali
804 1550 940 1605 ὕριχος
960 1558 998 1593 et
1021 1548 1198 1603 ὑρίσκος,
1222 1554 1441 1607 additoque
1465 1557 1595 1608 sigma

122 1615 287 1670 σύριχος
328 1623 367 1658 et
404 1614 598 1667 σύρισκος
636 1631 670 1659 v.
709 1618 880 1659 Meiuek.
913 1618 1024 1657 Com.
1059 1619 1100 1659 T.
1131 1619 1194 1659 ΙΙΙ.
1224 1620 1316 1661 433.
1360 1625 1397 1661 et
1438 1624 1594 1673 majore

122 1683 355 1735 corruptela
394 1681 433 1721 οἱ
471 1682 627 1722 ἰδιῶται
664 1679 737 1723 τὸν
775 1680 946 1735 ὕρισχον
983 1682 1291 1736 διαφθείροντες
1328 1686 1495 1738 βρίσχον
1524 1701 1594 1727 κα-

120 1750 275 1791 λοῦσιν.
322 1746 438 1788 ’Ἐστι
467 1746 509 1788 ὁὲ
537 1746 749 1799 πρόκανον
780 1745 1024 1801 (πλόκανον)
1054 1763 1092 1788 τι
1119 1746 1163 1788 ἐν
1193 1741 1228 1805 ᾦ
1258 1748 1334 1803 τὴν
1351 1746 1520 1802 ὀπώραν
1538 1751 1593 1799 εἰς
1629 1757 1633 1763 ’

121 1812 224 1856 ἄστυ
260 1812 433 1868 φέρουσι
472 1815 632 1870 κοφίυῳ
670 1811 836 1867 ἐμφερές
871 1814 1015 1865 Phryn.
1043 1815 1147 1866 App.
1179 1815 1243 1856 67.
1277 1816 1340 1855 cui
1380 1827 1463 1856 non
1503 1816 1591 1857 dis-

120 1881 252 1922 simile
302 1878 515 1931 σώρακος,
567 1880 675 1933 qucd
715 1880 858 1920 Pollux
906 1891 1040 1919 arcam
1084 1881 1317 1921 vestiariam
1362 1882 1591 1933 significare

120 1947 262 1987 scribit
301 1947 373 1987 sed
409 1947 512 1987 idem
552 1948 675 1987 refert
711 1947 815 1986 iuter
845 1941 984 1997 ἀγγεῖα
1014 1941 1290 1998 ὑποδεχόμενοι
1317 1943 1393 1999 τὴν
1422 1942 1591 2000 ὀπώραν

118 2007 174 2059 ὡς
203 2010 391 2064 κόφινος,
422 2009 631 2063 σιῗρισσος,
661 2008 839 2064 ἅῤῥιχος,
870 2015 909 2051 et
941 2011 1076 2052 SchOl.
1100 2012 1225 2053 Arist.
1246 2013 1345 2053 Avv.
1375 2012 1491 2053 1329.
1522 2010 1590 2053 λέ-

116 2088 236 2130 γουσι
264 2075 333 2117 καὶ
361 2078 441 2118 νῦν
470 2075 672 2127 σωράκων
694 2091 730 2115 τι
754 2071 861 2123 εἶδος
881 2073 1086 2128 ἀρρίχους.
1129 2077 1306 2117 Similius
1327 2090 1424 2118 vero
1450 2077 1590 2130 ρίσκος

117 2143 233 2195 cista,
264 2143 373 2194 quud
401 2143 503 2183 idem
522 2143 727 2194 novitatis,
758 2142 940 2181 Donatus
962 2142 1261 2193 peregrinitatis
1285 2142 1460 2197 damnat,
1490 2156 1590 2196 per<-

117 2207 209 2248 inde
249 2219 296 2248 ac
334 2209 495 2261 βρίσχος
534 2207 582 2247 ad
622 2207 768 2247 idiotas
809 2208 998 2257 rejicitur.
1068 2207 1136 2247 Sic
1180 2207 1229 2247 ab
1271 2207 1349 2247 alio
1390 2208 1440 2248 ad
1481 2209 1588 2250 aliud

117 2272 372 2313 traducimur.
440 2274 540 2314 Nam
579 2272 628 2313 ab
667 2269 850 2325 ἄρσιχος,
897 2278 937 2312 ut
986 2272 1092 2324 apud
1131 2272 1353 2313 Diodorum
1392 2275 1587 2326 scriptum

119 2343 200 2390 est,
245 2348 327 2378 non
373 2338 494 2393 longe
532 2338 684 2378 recedit
713 2334 884 2389 Σάρπος
921 2337 1111 2391 κίβωτος,
1151 2335 1293 2392 Τάρπη
1338 2336 1510 2391 κόφινος
1548 2345 1588 2380 et

117 2400 294 2456 Μύρσος
332 2400 504 2444 πλεκτὸν
541 2400 705 2457 ἀγγεῖον
741 2401 781 2452 ἐξ
819 2401 949 2455 ἄγνου
986 2401 1123 2455 λύγων
1153 2400 1198 2450 ὃς
1227 2401 1296 2443 καὶ
1324 2400 1489 2456 ἄῤῥιχος
1517 2420 1587 2445 κα-

116 2470 239 2509 λεῖται
268 2468 351 2509 EM.
382 2470 476 2509 Hes.
517 2481 590 2521 pro
624 2481 703 2521 quo
744 2470 875 2510 sicubi
913 2467 1083 2522 ἄρσιπος
1121 2470 1344 2520 legeretur,
1383 2481 1465 2511 uon
1509 2470 1586 2510 du-

116 2534 285 2575 bitarem
324 2534 466 2575 codem
504 2536 656 2575 referre
696 2532 947 2587 μάρσιππος,
1004 2546 1231 2587 quanquam
1280 2534 1358 2574 hoc
1406 2536 1586 2587 penulti-

116 2611 218 2639 mam
250 2599 409 2651 lougaiu
441 2601 557 2641 habet
590 2601 876 2652 saeculumque
908 2602 1041 2653 potius
1068 2600 1255 2651 designat
1283 2611 1402 2651 quam
1431 2601 1586 2641 corbu-

117 2664 192 2704 lam
224 2665 310 2704 sive
337 2665 488 2705 fiscum.
544 2666 625 2706 lllis
657 2666 815 2718 quidem
849 2667 1146 2707 fundamentum
1177 2676 1388 2706 commune
1418 2667 1586 2718 praebet

165 2741 303 2771 lmlu'ek.
328 2741 506 2778 l'utlmlog.
1253 2731 1305 2771 22
