1731 3021
117 170 207 213 376
559 165 992 208 DISSERTATIO
1041 165 1139 206 vlu.

121 303 173 310 ——-
203 278 467 332 Συβερείτης,
507 273 646 330 Δέρβη
688 272 862 329 Δέρβεια
891 299 944 304 —-
981 272 1052 315 καὶ
1081 273 1318 326 Δερβείτης,
1349 267 1518 325 Ἥίμεια
1551 295 1596 301 -

131 344 327 397 Ταμείτης
369 343 508 395 Steph.
551 343 625 384 sed
672 340 942 395 appellativa,
993 351 1098 392 quae
1140 339 1430 391 Theognostus
1473 338 1601 390 affert,

122 409 375 463 τραπεζείτης
404 413 442 448 61
474 407 648 463 ἱερείτης,
680 408 787 461 apud
823 407 1052 458 scriptores
1082 416 1166 446 non
1195 405 1454 457 reperiuntur
1485 416 1519 444 v.
1550 402 1601 443 ad

125 477 273 517 Buttm.
303 474 396 515 433.
427 474 617 527 quodque
647 474 819 515 nummis
850 474 1089 524 inscriptum
1132 475 1195 512 est
1234 467 1605 520 Ἀπολλωνιερεῖται

127 542 207 582 1100
237 545 300 581 est
329 541 490 581 incolae
529 541 641 581 urbis
679 541 829 592 Lydiae
872 539 935 580 cui
963 549 1113 579 nomen
1145 533 1401 583 ’Λπόλλωνος
1431 531 1542 586 ἱερόν
1568 546 1604 574 v.

128 606 295 647 Eckhel.
327 607 466 647 Doctr.
495 606 610 646 Num.
645 607 687 647 T.
716 607 780 647 111.
810 605 875 647 93.
908 605 1201 657 diphthongum
1231 614 1305 655 pro
1340 602 1424 642 iota
1454 601 1606 641 habere

131 676 302 723 apparet
331 683 380 712 ex
409 672 530 713 simili
560 668 662 719 Διὸς
691 668 805 723 ἱερόν
833 671 1084 722 Λιοςιερίτης
1114 669 1252 720 Steph.
1284 678 1417 719 neque
1458 665 1607 717 injuria

131 736 368 787 Bernhardy
407 737 456 777 ad
490 737 599 778 Suid.
632 738 674 778 T.
703 738 730 778 I.
768 737 860 778 939.
900 741 1137 789 suspectum
1179 734 1319 774 habuit
1356 731 1605 785 βαλανείτης,

132 812 208 853 pro
239 813 318 852 quo
350 802 562 853 Polybium
593 800 844 856 βαλανευτής
874 803 1097 854 scripsisse
1127 800 1305 840 arbitror
1322 803 1366 839 ut
1391 793 1608 852 φονευτής,

135 865 283 906 Suidas
315 872 445 907 autem
476 879 508 908 s.
539 864 807 920 Βαλανεώτης
837 868 926 907 sine
957 867 1078 908 dubio
1119 866 1367 918 gentilicium
1399 863 1609 914 significa-

134 931 204 970 vit.
265 931 440 972 Tertium
473 944 601 984 genus
633 938 697 974 est
727 933 894 974 verbale
924 944 1004 972 uno
1035 933 1270 983 insignitum
1302 930 1487 981 exemplo
1509 923 1610 968 ἀλεί-

135 1010 227 1049 της,
269 996 377 1048 quod
418 996 674 1039 Grammatici
712 1000 773 1040 Sic
814 999 940 1039 scribi
989 998 1132 1038 volunt
1171 995 1234 1037 ὅτι
1280 991 1612 1046 ἀντιπαρακεῖται

137 1058 250 1118 αὐτῷ
288 1059 334 1101 τὸ
372 1058 541 1116 ἀλοίτης.
613 1062 816 1105 Καθόλου
852 1061 895 1104 δὲ
934 1060 985 1103 τὰ
1027 1061 1170 1116 ἔχοντα
1198 1058 1245 1102 τὸ
1272 1066 1300 1115 ῆ
1330 1057 1611 1113 ἀντιπαρακεί-

137 1143 273 1182 μενον,
306 1125 442 1180 ἔχουσι
468 1128 515 1169 τὸ
545 1144 561 1170 ε
590 1128 831 1184 ἐγκείμενον·
861 1127 889 1183 ἢ
928 1126 990 1170 ὅτι
1027 1125 1132 1170 κατὰ
1170 1124 1356 1181 αἰολικην
1386 1124 1610 1177 διάλεκτον,

140 1195 228 1236 scil.
266 1192 310 1233 ἐκ
349 1195 424 1234 τοῦ
474 1191 626 1250 &reims
672 1193 837 1250 γέγονεν
874 1192 1038 1249 ἀλοίτης
1083 1192 1139 1243 ὡς
1176 1193 1333 1248 ὄνειρος
1371 1194 1549 1246 Epimcr.
1584 1192 1613 1234 Ι.

140 1260 206 1302 28.
236 1260 459 1300 Postremis
494 1262 629 1303 verbis
661 1262 813 1303 diserte
845 1262 1026 1303 declarat
1057 1257 1213 1315 ἀλείτης
1252 1259 1511 1302 scribendum
1543 1270 1616 1299 es-

142 1336 188 1366 se
219 1326 313 1376 quia
342 1335 416 1376 pro
449 1336 496 1364 eo
536 1325 680 1367 dicitur
717 1323 890 1381 ἀλοίτης.
947 1329 1090 1368 Priora
1121 1328 1310 1379 ambigua
1349 1329 1455 1366 sunt.
1512 1324 1614 1365 Nam

144 1390 179 1430 Si
209 1391 266 1429 ita
297 1390 464 1440 scripsit
494 1394 535 1429 ut
566 1390 711 1432 editum
739 1398 803 1434 est
834 1390 884 1433 τὰ
911 1391 1054 1446 ἔχοντα
1082 1389 1129 1433 τὸ
1161 1392 1185 1446 ἡ
1213 1388 1613 1443 ἀντιπαρακείμενον,

145 1466 219 1507 pro
251 1452 413 1507 ἀλοίτης
442 1455 715 1506 reponendum
746 1463 809 1498 est
839 1455 999 1512 ἀλήτης,
1032 1458 1140 1510 quod
1172 1459 1249 1498 etsi
1269 1462 1475 1498 momento
1505 1459 1616 1508 quo-

146 1520 236 1560 dam
268 1520 397 1560 differt
429 1519 478 1558 ab
510 1514 681 1571 ἆλὲίτης,
719 1528 850 1564 tamen
890 1524 940 1563 ab
982 1524 1123 1564 eadem
1162 1525 1291 1574 stirpe
1328 1522 1490 1562 ductum
1521 1532 1616 1562 esse

147 1590 329 1637 apparet
390 1583 471 1625 Sed
503 1583 818 1627 Choeroboscus
848 1600 885 1639 p
927 1589 1016 1642 169,
1055 1590 1118 1631 21.
1159 1594 1199 1630 61
1236 1589 1276 1628 in
1316 1588 1402 1628 EM.
1440 1587 1514 1640 61,
1552 1587 1616 1628 45.

146 1645 302 1702 ἀλείτης
331 1649 565 1701 δίφθογγον
595 1644 656 1687 ὅτι
685 1644 868 1704 ἀνεφάνη
909 1651 956 1694 τὸ
994 1660 1021 1695 δ
1061 1652 1106 1695 ἐν
1140 1655 1197 1710 τῷ
1236 1649 1417 1706 ἀλοίτης·
1454 1648 1505 1692 τὰ
1540 1648 1619 1704 γὰρ

146 1729 291 1767 ἔχοντα
327 1712 374 1755 τὸ
413 1730 435 1754 Ο
475 1710 527 1754 ἄν
529 1728 810 1766 Οίφαινθμδνον
857 1716 992 1770 ἔχουσι
1028 1735 1075 1760 'CO
1117 1735 1134 1760 ὃ
1175 1720 1428 1773 ἓγκὲίμὲνον,
1469 1719 1618 1771 σπείρω
1667 1770 1677 1779 „

148 1777 296 1832 σπορά,
329 1775 483 1833 ἅλείφω
513 1776 682 1832 ἀλοιφή,
716 1791 789 1832 pro
811 1783 955 1833 quibus
974 1786 1115 1826 asserre
1138 1790 1301 1838 poterat
1325 1784 1462 1837 paullo
1483 1785 1618 1837 aptius

147 1848 281 1897 κεῖμαι
326 1849 487 1896 κοῖτος,
540 1846 614 1887 sed
648 1857 699 1886 ne
740 1846 819 1886 hoc
862 1848 1020 1900 quidem
1060 1852 1189 1892 simile
1229 1856 1319 1902 est3
1369 1861 1461 1890 nam
1499 1849 1620 1901 hujus

149 1910 267 1951 litera
294 1912 323 1951 ἴ
352 1912 402 1952 ad
431 1912 756 1952 terminationem
787 1914 975 1967 pertinet,
1005 1911 1159 1969 ἀλείτης
1187 1928 1284 1956 vero
1318 1916 1368 1956 ab
1389 1911 1510 1955 ἀλίτω
1533 1916 1621 1956 sive

149 1971 290 2016 ἀλείτω
318 1982 520 2029 repetunt.
580 1977 697 2025 Quod
728 1978 762 2017 si
795 1989 843 2017 ea
872 1989 975 2029 quae
1007 1979 1261 2021 Grammatici
1291 1982 1442 2033 fingunt
1479 1981 1620 2021 eadem

149 2041 239 2093 lege
282 2047 470 2083 tenentur
499 2054 578 2094 qua
607 2043 795 2083 fictiones
821 2044 945 2094 juris,
985 2045 1130 2095 quibus
1161 2048 1456 2097 praescriptum
1488 2051 1548 2086 est
1579 2048 1621 2085 ut

150 2106 265 2157 fictio
297 2111 500 2148 naturam
529 2111 758 2161 sequatur,
799 2109 868 2148 illa
908 2113 1018 2149 certe
1057 2110 1221 2160 probari
1258 2116 1482 2163 nequeunt,
1527 2111 1622 2162 quia

150 2172 250 2212 nulli
278 2174 404 2213 verbo
435 2184 585 2225 graeco
621 2174 714 2214 talis
746 2185 948 2214 concessa
971 2179 1032 2214 est
1051 2166 1359 2225 paragoge&
1390 2191 1492 2227 ειτω,
1526 2191 1622 2217 oveco

152 2242 229 2278 etc.
260 2238 461 2286 Quantum
500 2239 685 2290 equidem
724 2239 961 2290 perspicere
1000 2250 1194 2291 possum,
1233 2251 1311 2279 una
1346 2245 1408 2280 est
1447 2243 1623 2283 nominis

154 2302 284 2341 forma
323 2303 500 2352 legitime
539 2307 769 2355 propagata
809 2300 958 2356 ἀλήτης
995 2308 1038 2343 ut
1080 2301 1296 2356 πλανήτης.
1366 2304 1494 2353 Quum
1523 2318 1621 2348 vero

153 2376 327 2406 necesse
369 2366 575 2406 videretur
615 2367 665 2407 ab
706 2378 852 2407 errone
891 2367 1139 2419 distinguere
1180 2381 1269 2409 eum
1309 2370 1375 2421 qui
1408 2370 1456 2410 ab
1490 2371 1622 2412 officio

154 2431 329 2484 aberrat,
361 2431 509 2482 duplex
538 2433 604 2472 via
633 2433 814 2485 patebat,
844 2438 885 2473 ut
915 2437 983 2473 aut
1022 2434 1071 2473 ab
1111 2435 1304 2475 inusitato
1342 2430 1478 2474 ἀλέω4
1516 2435 1628 2476 deri—

153 2500 317 2537 varetur
348 2492 489 2551 ἇλέτης
518 2502 560 2538 111
590 2494 760 2551 αἰνέτης,
789 2494 959 2552 αἱρέτης,
992 2503 1031 2539 61
1062 2498 1255 2553 deinceps
1287 2511 1360 2553 per
1386 2500 1627 2552 epenthesin

241 2646 279 2686 4)
307 2646 500 2690 Hesychius
521 2647 637 2680 Ἀλεεῒ
658 2647 743 2691 (sic)
769 2646 900 2685 ἀδικεῖ,
928 2648 971 2683 de
997 2659 1064 2692 quo
1090 2649 1172 2683 mihi
1197 2658 1265 2684 non
1291 2649 1431 2683 dubium
1458 2654 1511 2685 est
1544 2650 1625 2693 quin

155 2712 230 2736 (tum
256 2702 409 2745 ἀλεόμαι
435 2707 470 2739 et
495 2702 656 2747 (ἷλάομαι
683 2705 924 2740 communione
950 2705 1065 2748 Stirpis
1091 2706 1310 2747 conjunctum
1335 2705 1390 2738 sit.
