1731 3021
139 157 234 201 370
615 150 1049 195 plssER'rA'rro
1081 151 1180 193 VIII.

144 269 260 300 mem.
306 257 368 297 Ab
399 256 462 296 his
492 266 591 295 vero
623 253 783 295 secerni
815 255 981 303 oportet
1008 251 1155 302 quibus
1180 250 1302 302 alpha
1319 249 1539 290 insiticium
1559 251 1623 288 est

146 325 256 365 velut
284 318 417 375 ἀπάτη
445 333 468 361 a
492 321 666 361 themate
698 320 760 359 oui
791 319 959 358 latinum
991 329 1118 368 apere
1147 316 1258 356 velut
1276 317 1410 367 imago
1432 317 1623 364 resonat3

147 390 267 442 plane
299 389 403 429 enim
434 387 642 427 assentior
672 386 915 426 Buttmanno
947 385 987 424 in
1018 383 1100 424 Iud.
1133 383 1250 423 Yerb.
1282 394 1319 433 p.
1354 382 1443 423 117.
1475 390 1624 420 nomen

145 455 241 496 illud
284 465 374 495 cum
404 448 626 506 ἀπαφίσκει)
667 456 705 492 et
736 446 911 502 ἀφάσσει)
944 451 1205 501 conjunctuli]
1238 459 1333 487 esse
1364 458 1492 497 caque
1523 456 1626 497 pro-

148 521 236 574 prie
275 520 504 571 significare
540 519 720 570 palpare
761 516 955 556 «Μαίσωνα.
1021 515 1099 553 l'ro
1138 510 1284 566 ἕρκατή
1325 508 1490 566 φυλακή
1527 511 1623 551 Hes.

148 588 235 628 sive
266 587 345 626 hoc
376 584 654 625 a‘“masoulino
686 580 865 633 ἕρκατος,
899 581 985 621 sive
1018 592 1091 632 pro
1124 591 1169 620 se
1199 580 1290 631 ipso
1324 591 1373 619 ex
1402 576 1518 629 ἕρκος
1547 587 1626 616 na·-

150 656 232 693 tum
264 656 339 704 est,
371 654 554 703 praestat
583 646 729 701 ἕρκάτη
760 648 954 689 scribere.
980 642 1184 698 Ἠλακάτη
1205 646 1387 696 Bayerus
1415 647 1455 686 in
1475 645 1627 686 Comm.

149 717 276 759 Acad.
307 718 468 767 Petrop.
502 715 544 755 T.
573 715 619 755 II.
648 714 740 754 439.
773 715 822 753 ab
843 710 1002 752 ἐλαύνω
1033 713 1179 764 repetit
1206 712 1388 752 PlatonIs
1415 712 1507 751 loeo
1529 709 1627 760 Rep.

152 784 197 824 X.
237 782 329 823 GlG.
370 778 446 833 τὴν
483 777 692 833 ἠλακάτην
741 775 807 819 διὰ
849 776 976 830 μέσου
1012 779 1087 817 τοῦ
1126 775 1369 831 σφονδύλου
1406 772 1630 830 ἐληλάσθαι

154 860 294 901 parum
321 846 589 899 probabiliter
621 857 733 885 usus.
790 845 1057 884 Buttmannus
1080 844 1248 896 Mythol.
1273 844 1318 884 Il.
1341 843 1433 884 306.
1454 841 1504 882 ab
1525 837 1626 881 ἕλκω

153 918 320 965 propter
359 907 665 952 adnotationem
704 910 841 951 Schol.
877 909 1168 952 11.XV1.183.
1208 907 1391 963 ἠλακάτη
1429 905 1476 947 τὸ
1515 903 1629 959 ἐργα-

152 980 262 1019 λεῖον
291 975 329 1026 ἐξ
362 970 413 1017 οὗ
442 973 489 1017 τὸ
517 978 628 1030 νῆμα
657 974 821 1016 ἕλκεται..
880 976 1022 1016 Neutri
1052 980 1302 1027 postponam
1324 980 1506 1015 veterum
1527 983 1630 1013 sen-

153 1043 318 1084 tentiam
349 1043 481 1083 colum
511 1044 567 1083 ita
598 1042 675 1082 diei
705 1039 817 1093 παρὰ
845 1039 892 1082 τὸ
922 1042 1061 1091 εἱλεῖν,
1091 1042 1155 1082 vel
1186 1041 1295 1093 quod
1323 1040 1521 1081 interdum
1552 1048 1628 1090 pro

154 1107 352 1161 ἄτρακτος
389 1114 628 1161 usurpatur,
668 1110 783 1150 fusus
825 1113 959 1149 autem
998 1105 1214 1157 ἑλίσσεται,
1254 1107 1319 1147 vel
1348 1108 1443 1159 quia
1470 1106 1563 1146 lana
1593 1105 1630 1145 ei

154 1174 496 1216 circumvolvitur.
561 1175 736 1214 Primum
766 1175 886 1225 igitur
926 1175 1043 1214 suerit
1082 1170 1284 1226 εἰλεκάτη,
1325 1177 1406 1213 tum
1443 1167 1628 1225 ἠλεκάτη,

155 1240 264 1294 quod
303 1239 530 1290 Hesychius
573 1241 763 1293 servavit,
804 1239 854 1280 ad
884 1240 1064 1280 ultimam
1103 1240 1182 1280 hoc
1221 1239 1269 1279 de
1300 1250 1380 1291 quo
1412 1237 1626 1289 loquimur.

155 1307 264 1348 Idem
294 1306 621 1357 glossographus
644 1302 825 1358 Ῥαπιίτη
856 1303 1016 1358 καλάμη
1046 1304 1114 1346 καὶ
1143 1302 1240 1352 τοὺς
1260 1303 1304 1345 ἐν
1321 1300 1426 1358 αὐτῇ
1451 1298 1627 1342 αὐλοῦν-

153 1387 226 1419 τας
262 1368 570 1423 ῥαπαταύλους,
613 1382 635 1410 a
672 1369 793 1421 ῥαπίς
830 1369 982 1424 ῥάβδος
1022 1377 1064 1412 ut
1102 1372 1292 1412 arbitror.
1362 1365 1548 1421 Λαικάτη
1586 1368 1627 1407 in

153 1438 280 1479 Insor.
318 1435 470 1475 doricis
510 1437 746 1476 concionem
787 1438 1021 1489 significans
1053 1450 1076 1478 a
1105 1436 1203 1485 λαός
1232 1437 1456 1478 derivatum
1486 1438 1629 1487 putant

153 1503 275 1555 idque
308 1506 347 1542 et
378 1500 428 1540 ad
459 1502 634 1551 speeiem
667 1507 706 1541 et
737 1502 785 1542 ad
813 1504 1150 1555 significationem
1179 1503 1422 1544 simillimum
1451 1505 1525 1553 est,
1555 1498 1627 1540 sed

156 1567 375 1619 exemplar,
407 1564 457 1605 ad
487 1565 597 1616 quod
628 1567 839 1608 formatum
870 1571 934 1622 sit,
965 1569 1127 1610 ostendi
1155 1580 1237 1609 non
1264 1571 1413 1621 potest.
1467 1563 1629 1618 Αἷμάτη

155 1631 332 1687 μάχαιρα
370 1631 455 1671 EM.
496 1642 568 1682 per
598 1642 776 1672 errorem
817 1635 1011 1686 seriptum
1051 1646 1123 1687 pro
1163 1629 1262 1687 αἷμα
1299 1631 1375 1687 τὴν
1411 1629 1626 1685 μάχαιραν,

157 1698 266 1752 quod
298 1697 424 1738 ceteri
456 1694 751 1747 Glossogramri
791 1710 839 1738 ex
871 1700 1091 1752 Sophoclis
1121 1690 1215 1742 loco
1247 1711 1389 1753 parum
1418 1697 1627 1739 intellecto

158 1765 340 1805 afferunt.
398 1762 486 1802 Duo
520 1762 778 1812 cognationis
809 1765 1009 1806 vocabula
1037 1764 1225 1820 θυγάτηρ
1257 1773 1296 1808 et
1325 1762 1486 1818 εἰνάτηρ
1516 1763 1630 1805 radi-

157 1843 227 1894 ces
260 1834 339 1870 tam
370 1828 451 1868 alte
482 1827 673 1867 defossas
705 1827 853 1868 habent
884 1835 925 1870 ut
966 1832 1050 1871 erui
1081 1838 1296 1885 nequeant.
1352 1834 1389 1873 A
1418 1832 1555 1873 verbis
1587 1830 1629 1870 in

156 1912 217 1938 αω
248 1893 627 1945 braohyparalectis
668 1892 788 1934 ducta
826 1901 919 1935 sunt
949 1897 1208 1939 substantiva
1247 1903 1286 1939 et
1324 1898 1527 1950 adjectiva
1553 1910 1629 1937 πε-

155 1960 302 2015 λάτης,
343 1957 506 2012 ἐλάτης,
545 1955 739 2010 περατός,
776 1956 935 2011 ἐρατός,
977 1958 1203 2011 ἀνούτατος
1243 1969 1320 2005 etc.
1380 1963 1518 2005 Simile
1546 1962 1628 2003 illis

155 2026 324 2081 ἐργάτης
362 2025 608 2077 Apollonius
654 2028 693 2065 et
735 2027 858 2065 ceteri
899 2027 948 2068 ab
986 2024 1200 2080 ἐργάζομαι
1240 2030 1424 2070 extitisse
1464 2032 1628 2069 sumunt

155 2097 335 2135 retracto
367 2095 534 2143 propter
565 2089 727 2142 ellipsin
759 2095 952 2143 accentu3
984 2105 1102 2144 quam
1130 2095 1172 2134 in
1201 2106 1284 2134 rem
1309 2091 1505 2147 δεσπότης
1526 2094 1628 2134 affe-

155 2163 249 2200 runt
295 2162 334 2199 et
381 2156 462 2197 alia
503 2166 632 2207 aeque
670 2156 852 2197 incertae
889 2157 1238 2208 interpretationis
1276 2171 1311 2200 v,
1349 2159 1496 2200 Parall.
1533 2158 1626 2200 431.

153 2225 297 2275 Neque
328 2222 460 2274 placet
489 2232 513 2261 a
542 2221 668 2261 verbo
701 2221 965 2261 alexandrino
989 2220 1165 2273 ἐργῶμαι
1188 2228 1386 2274 repetere.
1436 2223 1518 2265 Sed
1538 2225 1627 2264 for-

155 2290 264 2331 sitan
286 2288 415 2338 magis
437 2286 487 2329 ad
516 2286 730 2327 veritatem
750 2285 969 2336 dirigamus
1000 2287 1035 2327 si
1066 2288 1115 2326 ab
1147 2288 1289 2330 eodem
1320 2289 1493 2329 themate
1523 2287 1627 2342 ἔργω

156 2358 196 2394 et
225 2353 338 2393 brevi
368 2350 521 2404 ἔρκτης,
553 2353 669 2402 cujus
698 2355 827 2392 testes
857 2356 1024 2402 praesto
1056 2357 1160 2405 sunt,
1191 2357 1230 2393 et
1260 2354 1432 2405 amplius
1461 2351 1629 2407 ἐργάτης

154 2418 352 2460 deflexum
392 2422 576 2468 putemus
616 2420 658 2457 ut
697 2413 858 2468 ἔρχαται
897 2416 936 2456 οἱ
965 2415 1226 2469 δεσμεύοντες
1254 2418 1348 2460 Hes.
1382 2418 1477 2470 (sub
1501 2415 1627 2470 Ἐρα-

153 2480 289 2537 χάται)
322 2494 395 2534 prO
421 2479 558 2535 ἕρκται
587 2483 818 2535 carcerarii,
850 2486 889 2525 et
912 2481 1104 2526 Κυπαται
1129 2483 1306 2525 κίναιδοι
1334 2484 1439 2527 idem
1467 2483 1627 2525 videtur

154 2548 265 2601 quod
301 2545 452 2589 κύπται
490 2552 532 2588 ut
569 2548 611 2589 in
643 2547 777 2590 Gloss.
815 2549 1046 2592 incubones
1076 2546 1381 2602 ἐπικεκυφότης.
1439 2549 1629 2600 Parony-

153 2625 308 2656 morum
345 2613 573 2666 exemplum
612 2613 781 2666 praebet
817 2612 1024 2667 Μηλάταν
1062 2613 1136 2656 τὸν
1175 2612 1349 2668 ποιμένα
1377 2614 1552 2656 Βοιωτοί
1591 2619 1629 2657 et

152 2679 266 2721 Eust.
283 2679 474 2734 1648‚59.
495 2678 535 2719 οἱ
551 2675 737 2733 ποιμένες
754 2681 977 2724 καλοῦνται
994 2679 1179 2738 μηλάται,
1202 2680 1392 2736 quodque
1410 2681 1452 2723 ill
1474 2680 1627 2723 nostris
