1747 3005
136 296 220 328 non
256 283 422 324 λοίσθια
452 283 730 335 significantur
757 283 832 325 sed
863 295 912 325 ea
940 295 1046 337 quae
1076 288 1258 325 extremo
1290 287 1614 330 concertantium

137 350 287 393 cedunt
325 354 369 391 ut
405 353 602 402 πρωτεῖα,
642 348 844 401 δευτερεῖα
874 354 950 391 etc.
998 346 1210 402 Κουρήιος
1240 350 1338 390 nihil
1368 361 1519 392 causae
1550 358 1615 395 est

138 427 210 458 cur
240 427 315 468 pro
352 413 521 467 κούριος
564 417 702 468 potius
740 427 859 468 quam
891 427 965 468 pro
995 412 1182 465 κούρειος
1214 412 1407 469 (κόρειος)
1437 420 1614 469 positum

137 482 332 524 dicamus.
389 479 595 535 Λαισήιον
635 481 739 522 unde
778 484 928 522 sactum
959 482 1010 523 sit
1038 482 1258 535 incertum,
1298 494 1371 534 pro
1403 480 1543 531 λάσιος
1571 490 1615 526 ut

139 548 232 590 Sch.
262 548 304 589 Il.
336 548 379 588 V.
411 548 503 589 553.
547 548 758 601 opinatur,
804 559 887 588 non
925 547 1073 588 dictum
1113 560 1208 589 esse
1238 549 1508 590 certissimum
1539 555 1615 593 est.

140 610 380 666 Θρομβήιον
417 613 621 654 Nicander
660 614 721 653 sic
756 615 894 665 posuit
931 618 974 653 ut
1013 625 1102 653 cum
1137 613 1344 666 θρομβίον
1377 617 1616 656 commutari

137 679 294 731 possit,
324 690 400 719 nec
432 683 567 719 tamen
596 678 701 719 idem
732 682 816 729 est3
854 690 945 719 nam
976 679 1054 719 hoc
1084 691 1180 720 vere
1211 679 1518 733 deminutivum,
1548 682 1615 723 ille

137 745 561 786 metaschematismus
601 748 665 784 est
706 749 748 784 ut
787 741 988 797 ὄορπήιον
1027 750 1066 785 et
1104 745 1184 785 alia
1221 745 1313 784 huic
1352 749 1501 797 poetae
1531 748 1618 788 fre-

139 815 345 863 quentata,
383 821 488 862 quae
517 810 692 851 iudicavi
730 811 771 850 in
800 810 944 851 Parall.
974 810 1065 852 324.
1118 811 1386 851 Deminutivis
1417 817 1548 853 autem
1579 818 1618 855 et

139 886 243 928 quae
280 875 344 916 his
373 876 546 917 similem
575 877 756 928 speciem
796 877 944 917 habent
976 876 1125 928 ἴχνιον,
1165 876 1319 927 ἴκριον,
1351 875 1504 928 οἰκίον,
1535 893 1617 919 τει-

138 941 229 994 χίον
273 953 478 994 nunquam
525 946 592 982 cta
640 943 940 994 intersarcitur,
985 953 1060 982 nec
1099 942 1279 1003 vicis—sim
1322 943 1509 984 eximitur
1551 945 1616 1000 iis,

138 1018 243 1060 quae
273 1008 314 1048 in
345 1008 547 1048 communi
578 1019 768 1049 sermone
803 1009 1126 1049 terminationem
1154 1022 1239 1048 ειον
1267 1008 1439 1061 habent,
1479 1013 1521 1050 ut
1550 1009 1617 1051 δο-

137 1069 269 1126 χήιον,
299 1070 524 1126 νυμφήιον,
554 1071 766 1127 μαντήιον,
795 1072 1015 1127 θεραπήια,
1045 1071 1224 1127 λωφήια,
1264 1071 1485 1127 χραισμήια
1513 1075 1618 1117 Mar-

138 1139 229 1180 cell.
259 1151 295 1181 v.
315 1140 379 1180 42.
410 1140 575 1181 Α11111.Ι.
598 1139 663 1181 32.
719 1141 873 1181 Horum
904 1141 1130 1192 exemplum
1163 1144 1388 1192 sequuntur
1414 1139 1617 1192 adjectiva

137 1202 299 1258 γαιήιος
336 1217 410 1258 pro
442 1206 592 1258 γαίειος
630 1217 720 1246 cum
760 1207 961 1247 femininis
991 1207 1123 1258 γαιηίς
1153 1210 1193 1246 et
1222 1201 1384 1257 γαιηιάς
1411 1228 1466 1233 -
1497 1209 1536 1246 et
1566 1208 1620 1248 Si·

138 1270 287 1310 militer
305 1267 470 1323 μαιήιος
489 1282 537 1311 ao
554 1269 753 1325 Μαιήιος,
785 1270 961 1324 ὁορήιος,
992 1270 1147 1324 θεήιος,
1178 1268 1384 1323 κροκήιος,
1414 1269 1617 1325 παιόήιος,

137 1332 325 1388 χηρήιος,
357 1336 407 1376 ad
436 1337 515 1377 hoc
544 1349 592 1377 ea
623 1349 727 1389 quae
759 1337 1016 1377 Grammatici
1047 1349 1071 1377 a
1099 1337 1278 1387 genitivo
1309 1336 1460 1389 ionico,
1490 1342 1533 1377 ut
1564 1339 1620 1380 se-

138 1401 289 1442 minina
318 1402 359 1442 in
385 1393 464 1455 ⁷2⁶—ss
468 1404 670 1456 exeuntia,
701 1403 884 1444 derivata
913 1402 1051 1442 dicunt
1081 1403 1210 1443 Cram.
1238 1402 1265 1442 I.
1289 1401 1379 1442 124.
1411 1401 1618 1456 βασιλῆος,

135 1462 342 1521 Ἀχιλλῆος
363 1472 439 1509 etc.
479 1469 566 1510 Jam
596 1469 646 1510 de
675 1465 850 1523 ταφήιος
879 1474 917 1510 et
937 1465 1073 1521 οἰήιον
1090 1468 1330 1508 Eustathius
1350 1468 1498 1508 nemini
1521 1480 1620 1522 per-

138 1534 320 1575 suaserit
349 1538 392 1574 ut
422 1536 668 1587 amplificata
697 1536 862 1589 credat,
892 1547 982 1576 nam
1014 1532 1150 1587 οἰήιον
1180 1533 1229 1574 ab
1262 1532 1336 1572 οἴω
1368 1531 1512 1587 (oleos)
1544 1535 1620 1576 de-

138 1599 313 1640 rivatum
354 1605 396 1640 ut
425 1600 536 1651 οἴαξ,
567 1602 774 1653 propriam
804 1603 868 1643 sui
897 1601 1060 1653 generis
1090 1598 1414 1640 terminationem
1444 1611 1543 1651 prae
1573 1612 1621 1642 se

141 1664 221 1704 sert
249 1669 290 1704 ut
320 1663 540 1720 τροπήιον,
578 1664 757 1720 πυρήιον
795 1672 835 1708 et
874 1667 954 1708 alia
992 1667 1354 1707 instrumentorum
1392 1666 1620 1719 vocabula,

139 1725 307 1782 τάφειος
335 1732 371 1771 si
399 1742 600 1784 nusquam
628 1733 794 1784 legitur,
827 1737 962 1773 tamen
993 1742 1135 1772 omnes
1165 1730 1446 1783 proportionis
1475 1743 1622 1773 nume-

140 1806 214 1836 ros
244 1795 380 1850 habet,
411 1808 487 1838 nec
516 1798 699 1839 illicitum
731 1798 914 1839 ducimus
944 1795 1167 1851 μεροπήιος
1197 1801 1236 1837 et
1267 1792 1475 1848 σιμβλήιος
1504 1798 1622 1838 simi-

141 1861 196 1902 lia
232 1861 369 1903 dicere
404 1864 455 1903 iis
483 1875 588 1915 quae
619 1876 643 1905 a
670 1864 871 1905 similibus
900 1868 996 1904 nata
1026 1868 1121 1904 sunt
1152 1863 1342 1903 thematis
1376 1859 1620 1916 Πελοπήιος,

143 1925 300 1982 οἰκήιος
320 1934 394 1971 etc.
437 1930 519 1971 Sed
547 1929 657 1982 quod
677 1930 787 1971 addit
803 1926 1031 1983 ποιμνήιος,
1064 1930 1216 1970 nullum
1237 1928 1523 1969 adminiculum
1544 1929 1623 1970 ha-

141 1994 212 2035 bet
240 1999 406 2047 praeter
433 1999 668 2048 ποιμναῖος,
700 1995 810 2048 quod
838 1996 972 2036 ionice
1003 1995 1244 2037 dissolutum
1274 2005 1369 2034 esse
1401 1995 1623 2037 ostendunt

143 2060 224 2101 alia
252 2061 372 2112 hujus
403 2061 573 2113 dialysis
600 2062 796 2114 exempla.
820 2057 934 2102 Ἀλαί
951 2058 1069 2109 πόλις
1089 2060 1276 2108 Κιλικίας
1295 2055 1363 2113 ἀφ’
1387 2052 1440 2100 οὗ
1460 2056 1624 2114 Ἀλήιον

142 2125 284 2167 πεδίον
314 2127 453 2180 Steph.
484 2127 594 2180 quod
624 2139 750 2180 saepe
779 2129 959 2168 Alaeum
998 2133 1171 2169 vocatur
1211 2139 1248 2167 v.
1286 2125 1541 2169 Wernsdorf.
1572 2127 1623 2170 ad

143 2193 285 2233 Avien.
327 2193 415 2234 Per.
457 2194 574 2235 1037.
613 2191 836 2247 ὄραχμήιος
873 2206 937 2246 ap.
974 2193 1221 2235 Nicandrum
1267 2203 1342 2244 pro
1387 2190 1622 2245 δραχμαῖος,

144 2256 321 2311 ψυχήιος
349 2259 391 2299 in
421 2270 611 2300 sermone
642 2261 778 2301 ionico
801 2261 966 2301 Lucian.
997 2260 1090 2300 Vitt.
1119 2261 1238 2299 Auct.
1270 2262 1309 2305 §.
1342 2256 1378 2298 O.
1408 2257 1624 2300 Zancleius

146 2323 494 2377 quadrisyllabum
525 2326 638 2368 Ovid.
669 2327 762 2367 Met.
784 2326 883 2367 XIV.
911 2326 1029 2367 472*
1057 2324 1291 2376 Lapitlieius
1316 2323 1498 2374 ejusdem
1518 2336 1626 2377 poe-

148 2519 208 2554 pro
235 2510 274 2543 οὐ
299 2510 457 2544 κλίνεται
481 2511 552 2545 ἀπὸ
578 2513 641 2546 τοῦ
663 2511 850 2552 λοισθεύς,
877 2512 968 2556 quod
995 2511 1037 2546 ad
1063 2512 1234 2546 diversam
1260 2512 1395 2553 spectat
1423 2510 1624 2554 scripturam

147 2566 304 2607 λοισθῆι,

238 2623 297 2666 65)
324 2624 488 2657 Priscian.
520 2623 563 2657 ll.
587 2625 644 2659 57.
672 2625 783 2667 (587.)
811 2614 855 2656 (ἶῖ
881 2622 1117 2666 diphthongum
1149 2621 1269 2653 liabent
1303 2630 1386 2662 quac
1411 2630 1432 2651 a
1458 2620 1626 2661 femininis

150 2669 227 2718 11ιῖ
250 2680 383 2721 lonyum
408 2679 498 2720 apud
527 2682 674 2712 Graecos
697 2680 921 2712 desinentibus
945 2679 1138 2712 derivantur
1161 2679 1332 2718 Cretaeus,
1354 2675 1514 2717 Hylaeus,
1542 2677 1627 2709 Dio-

151 2744 264 2767 uaeus.
313 2734 356 2767 At
388 2733 513 2768 dicitur
548 2734 723 2771 Hecateus
758 2739 792 2771 et
827 2745 905 2770 cum
945 2734 1095 2770 diaeresi
1121 2734 1333 2774 llecate'ius,
1360 2730 1475 2774 dispar
1499 2741 1626 2774 graeco
