1731 3021
162 130 221 175 56
646 137 1081 186 DISSERTATIO
1127 143 1155 186 Ι.

161 240 238 281 τοῦ
260 241 564 298 σημαινομένου
581 248 995 304 παραλαμβανόμενα,
1027 250 1198 308 ἐργάτης
1225 253 1448 312 ἐργατίνης,
1479 256 1645 314 ἄπειρος

162 301 353 361 ἀπείρων,
374 307 509 363 ἅμαξα
529 309 706 365 ἁμαξαία
726 317 918 368 Apollon.
941 318 989 360 de
1010 319 1186 362 Adverb.
1207 322 1298 364 570.
1323 324 1460 366 Schol.
1479 326 1522 367 Il.
1541 327 1643 370 XXI.

165 371 254 414 141.
275 377 422 426 partim
443 377 626 420 diversa:
671 381 710 421 οἱ
738 382 1008 435 γραμματικοὶ
1036 381 1109 433 τὰς
1134 381 1216 427 ἀπὸ
1244 383 1461 442 ὀνομάτων
1488 405 1645 444 πρωτο-

162 435 307 480 τύπων
321 443 609 496 παραγομένας
626 443 747 497 λέξεις
761 447 864 501 φασὶ
881 452 1191 504 παρονομασίας
1214 449 1270 502 ὡς
1291 450 1373 497 ἀπὸ
1398 458 1475 498 τοῦ
1494 460 1646 501 λευκοῦ

162 502 341 555 Λεύκιος
376 507 446 548 καὶ
480 510 618 565 τρυφή
647 515 822 566 τρυφῶν
853 513 1084 569 (Τρύφων)
1116 517 1185 559 καὶ
1214 518 1312 569 θεός
1339 524 1453 564 θεῶν
1483 521 1642 580 (Θέων)

160 569 305 612 Joann.
347 574 426 615 Sic.
458 575 508 616 ad
538 578 726 631 Hermog.
757 580 802 620 II.
833 579 869 621 5.
901 593 938 632 p.
968 583 1060 624 410.
1102 586 1143 626 Τ.
1175 586 1268 627 VI.1
1326 588 1401 637 Qui
1431 601 1530 631 vero
1561 602 1643 632 no—

160 636 269 677 mina
308 640 501 681 universa
531 645 751 693 generibus
791 646 1025 689 describere
1056 653 1194 692 conati
1224 659 1339 708 sunt,
1379 667 1500 707 quum
1531 656 1644 698 deri-

160 703 297 743 vativa
326 705 367 745 in
397 708 574 758 quinque
605 709 864 761 redegissent
904 714 1089 770 ordines,
1130 721 1526 775 patronymicorum,
1566 722 1643 763 de—

158 768 458 824 minutivorum,
487 777 837 832 possessivorum,
867 783 1252 836 comparativorum,
1285 786 1642 842 superlativorum,

159 831 318 888 dehinc,
350 836 543 889 quidquid
574 841 719 892 reliqui
751 848 850 897 erat,
882 847 1000 896 quasi
1031 858 1198 889 censum
1228 855 1399 902 agentes
1421 853 1460 893 in
1481 857 1641 895 sextam

159 901 446 952 constiparunt
477 904 654 946 classem
685 918 815 959 eaque
847 910 1034 952 dixerunt
1064 925 1311 970 paronyma,
1342 928 1425 958 non
1454 930 1534 970 quo
1567 931 1641 961 00-

159 967 246 1005 tera
286 967 407 1008 alium
447 980 566 1021 qnam
605 983 629 1011 a
667 975 900 1017 nominibus
940 982 1071 1019 ortum
1101 980 1279 1021 habeant
1310 983 1383 1023 sed
1414 985 1508 1036 quia
1537 985 1640 1028 haec

156 1041 243 1071 non
282 1031 335 1071 ab
375 1034 522 1087 aliqua
552 1040 729 1089 speciali
765 1042 1081 1092 siqnc‘ficattone
1119 1048 1168 1085 ut
1204 1058 1337 1098 supra
1368 1049 1508 1091 dictae
1538 1062 1640 1103 spe-

157 1096 242 1136 cics
273 1100 482 1149 appellari
503 1108 709 1157 possunt,
759 1108 908 1159 quippe
935 1108 1104 1161 formas
1127 1112 1340 1162 plurimas
1373 1117 1414 1155 et
1444 1116 1639 1159 diversas

155 1162 494 1213 siqnisicationes
523 1171 743 1221 complexa
771 1172 967 1215 Priscian.
989 1176 1051 1216 IV.
1074 1176 1108 1217 1.
1138 1177 1237 1219 VIII.
1260 1178 1322 1232 13,
1336 1179 1418 1221 407
1442 1180 1560 1236 (822)
1589 1179 1637 1224 τὸ

155 1226 412 1283 παρώνυμον
439 1230 570 1274 πολλὰ
598 1232 748 1289 ἐδήλου
767 1263 820 1267 —
840 1237 924 1280 ἐπεὶ
954 1234 1033 1281 οὖν
1062 1237 1141 1282 οὐκ
1168 1240 1343 1286 ἐδύνατο
1372 1242 1412 1295 ἐξ
1442 1243 1534 1295 ἑνὸς
1560 1244 1638 1303 τὴν

155 1289 385 1348 ὀνομασίαν
421 1295 543 1351 ἔχειν,
582 1298 627 1341 ἐκ
657 1304 733 1343 τοῦ
761 1303 1049 1358 παρεπομένου
1077 1308 1203 1349 πᾶσιν
1231 1307 1386 1365 ἐκλήθη
1418 1314 1555 1356 Schol.
1586 1315 1637 1357 ad

154 1361 272 1403 Dion.
296 1363 467 1406 Gramm.
487 1364 580 1408 850.
626 1369 760 1410 Nihilo
782 1373 919 1413 secius
940 1373 1060 1425 hujus
1080 1376 1253 1417 miscelli
1272 1380 1435 1429 generis
1458 1381 1636 1434 quinque

154 1426 424 1484 differentias,
466 1442 571 1482 quae
602 1445 700 1485 prae
732 1438 880 1478 ceteris
912 1440 1088 1480 eminent
1120 1445 1242 1494 atque
1273 1450 1493 1500 apparent,
1532 1459 1636 1499 pro-

152 1494 253 1546 priis
285 1496 536 1547 inscripsere
566 1501 818 1542 nominibus:
848 1503 1088 1556 περιεκτικά,
1119 1504 1278 1560 Sanam,
1308 1511 1633 1566 μετουσιαστικά,

152 1556 289 1612 κύρια,
312 1557 416 1601 κατὰ
435 1563 512 1603 τοῦ
530 1560 664 1606 αὐτοῦ
684 1568 745 1620 (ut
765 1565 991 1624 ἐργατίνης)
1015 1573 1151 1614 Schol.
1172 1574 1325 1617 Dion.l.
1339 1588 1371 1617 0.
1402 1578 1514 1620 Haeo
1534 1591 1632 1622 vero

153 1623 398 1680 descriptio,
438 1640 517 1680 qua
556 1642 709 1682 genera
745 1637 952 1676 nominum
984 1636 1165 1689 disparia
1195 1639 1442 1685 distantibus
1476 1656 1498 1685 e
1528 1645 1633 1688 locis

152 1690 420 1746 colliduntur,
459 1696 557 1735 nihil
597 1697 647 1737 ad
683 1710 761 1739 nos
802 1702 947 1741 attinet
986 1704 1054 1754 qui
1093 1705 1353 1749 substantiva
1381 1721 1404 1749 a
1434 1711 1636 1753 substan-

152 1755 246 1797 tivis
286 1756 409 1798 ducta
448 1760 607 1802 tradere
647 1766 934 1807 constituimus
975 1779 1102 1819 opera
1141 1771 1356 1823 tripartita.
1422 1775 1634 1830 Quumque

149 1822 191 1862 in
221 1823 351 1874 prima
381 1830 497 1877 parte
529 1830 720 1880 exposita
751 1832 832 1872 sint
863 1844 967 1886 quae
990 1834 1164 1876 diversis
1184 1837 1356 1879 flexibus
1376 1839 1481 1882 idem
1501 1843 1633 1895 signi-

150 1887 285 1942 ficant,
314 1890 355 1929 in
378 1892 559 1933 secunda
580 1906 683 1946 quae
703 1898 929 1938 masculina
949 1901 1157 1951 positione
1175 1914 1323 1958 mares,
1353 1906 1539 1948 muliebri
1567 1909 1633 1950 fe-

149 1955 294 2009 minas,
314 1962 505 2009 superest
528 1961 688 2001 tertium
709 1973 852 2016 genus,
874 1966 990 2015 cujus
1013 1971 1107 2005 sunt
1132 1968 1308 2020 quinque
1332 1974 1496 2023 species
1513 1976 1631 2027 prin—

150 2021 331 2076 prales,
363 2025 667 2078 patronymica,
698 2028 917 2083 gentilicia,
946 2032 1297 2088 comprehensiva,
1331 2038 1629 2095 amplificativa,

148 2087 401 2129 nominalis.2
454 2090 535 2130 Sed
566 2096 735 2143 superat
765 2094 909 2146 ingens
941 2096 1215 2140 derivatorum
1249 2105 1426 2157 caterva,
1457 2116 1630 2156 quorum

147 2162 225 2192 1100
253 2155 419 2195 nomina
450 2156 553 2197 tradi
583 2163 761 2209 possunt
790 2171 867 2200 neo
896 2162 1038 2213 regula
1072 2170 1264 2220 apparet,
1304 2169 1399 2219 quia
1436 2180 1519 2210 non
1549 2183 1630 2213 una

148 2218 213 2257 via
244 2218 427 2261 derivata
457 2226 553 2262 sunt
585 2223 659 2264 sed
689 2225 873 2277 pluribus
905 2232 944 2268 et
974 2240 1057 2269 non
1077 2229 1127 2270 ad
1147 2234 1341 2274 amussim
1364 2234 1531 2278 directis
1551 2248 1629 2279 1100

147 2293 241 2323 raro
265 2287 463 2328 confusis.
510 2288 597 2329 Jam
627 2290 718 2331 illas
747 2296 923 2342 quatuor
943 2296 1119 2349 species,
1151 2299 1315 2348 quaein
1335 2300 1490 2342 scholis
1514 2306 1628 2344 trac-

149 2350 225 2389 tari
256 2351 413 2406 solent,
451 2365 535 2395 non
574 2355 681 2396 ultra
709 2358 904 2410 attingam
934 2361 1014 2401 nisi
1044 2372 1124 2414 qua
1162 2364 1386 2407 cohaerent
1414 2367 1478 2409 his
1509 2379 1628 2411 erra-

239 2513 273 2556 1)
315 2516 404 2555 Quin
441 2521 545 2555 etiam
577 2521 719 2557 verbale
752 2521 876 2564 ἐλάτης
907 2524 1104 2561 Demetrius
1140 2528 1174 2562 in
1202 2528 1453 2576 Hieracosoph.
1486 2543 1520 2578 p.
1547 2535 1623 2572 137.

148 2566 232 2601 dicit
255 2570 450 2606 καλεῖσθαι
473 2575 703 2621 παρωνύμως
728 2577 789 2610 διὰ
814 2578 852 2611 τὸ
878 2578 1108 2615 ἐλαύνεσθαι.

235 2634 274 2677 2)
306 2636 457 2681 Intelligi
491 2642 570 2675 volo
599 2643 888 2688 κυριωνυμικήν,
924 2655 992 2689 qua
1015 2652 1209 2686 communia
1232 2655 1403 2688 mutantur
1427 2655 1462 2689 in
1485 2657 1623 2700 propria

145 2687 242 2728 Μῦς,
275 2691 429 2731 Οἰωνός,
454 2694 620 2738 Ἀγλαός,
649 2697 796 2742 Σάμος,
824 2700 902 2742 Ἴδη
933 2706 998 2738 etc.
