1747 3005
255 167 324 209 DE
353 167 481 210 NOM.
512 167 648 209 PRIM.
677 166 881 209 DECLIN.
911 166 965 209 1N
985 157 1034 216 οἱ·
1061 167 1252 210 PURUM.
1283 174 1320 218 ς.
1352 172 1388 212 7.
1473 171 1566 215 507

89 277 278 329 ριστικῶς
306 272 363 324 ὡς
391 273 414 317 ὁ
442 274 669 330 παρθένιος
695 273 850 330 πάρθις
860 276 897 303 3⁵
924 274 994 318 καὶ
1021 273 1045 318 ὁ
1075 278 1280 327 Χαλδαῖος
1312 277 1466 328 Χάλδις
1494 278 1566 322 καὶ

90 339 320 395 λάσταυρος
348 340 512 394 λάστρις
539 344 625 385 EM.
659 341 748 396 159,
779 343 843 385 28.
874 355 978 395 quae
1007 345 1190 384 nonnulli
1218 357 1429 398 syncopae
1459 347 1563 388 sub-

85 410 289 461 jecerunt.
350 408 430 449 Sed
460 410 596 449 verior
626 409 882 450 Herodianus
912 410 964 450 ib.
995 421 1032 461 p
1061 409 1125 462 93,
1156 411 1221 452 50.
1254 408 1335 452 ἀπὸ
1361 413 1438 453 τοῦ
1463 409 1563 466 Ἀμ-

89 471 268 528 φιάραος
282 471 445 526 ’Ἄμφις
475 471 530 522 ὡς
559 470 813 526 ἀστράγαλος
842 472 991 529 α’στρις,
1019 443 1260 528 Ἰφιάνασσα
1282 470 1408 530 ³·Iqm3
1437 480 1563 521 τοῦτο

89 535 143 580 οὐ
173 537 359 593 συγκοπὴ
399 536 501 579 ἀλλὰ
538 538 920 594 μετασχηματισμός.
987 541 1090 589 Quin
1131 543 1249 583 eliam
1291 543 1564 586 demonstrari

88 606 229 658 nequit
258 603 488 658 λάσταυρος
516 607 646 657 magis
678 607 917 658 primitivum
948 618 1043 648 esse
1073 619 1193 659 quam
1222 605 1399 662 λάστρις,
1429 622 1563 663 neque

89 671 171 712 alia
208 672 368 711 ratione
410 672 460 712 ad
498 672 830 723 hypocorismum
869 674 1043 713 refertur
1082 685 1201 725 quarn
1243 675 1338 726 quia
1367 687 1418 716 ex
1445 688 1563 718 com-

89 737 305 789 paratione
340 737 513 778 usitatae
553 738 668 778 vocis
712 743 963 780 attenuatum
1009 738 1167 779 videtur
1216 751 1291 781 seu
1330 746 1562 785 contemtus

90 802 343 855 significandi
383 814 509 843 causa
548 815 622 844 seu
659 815 732 855 per
770 804 971 845 licentiam
1011 805 1219 845 familiaris
1258 807 1562 859 appellationis.

91 869 173 909 Sed
203 869 434 920 hujusmodi
466 869 737 910 fundamentis
767 870 883 909 inniti
915 869 1071 911 videtur
1092 871 1228 913 Schol.
1249 872 1366 914 Dion.
1390 873 1561 917 Gramm.

89 933 184 976 857.
207 927 337 987 ς,Ωρος
376 944 506 988 φησιν
543 933 605 975 ὅτι
643 933 712 975 καὶ
750 930 772 975 ὁ
815 936 870 983 εἰς
899 951 924 976 ν
957 933 1066 977 ἐστὶν
1094 934 1408 990 ὑποκοριστικὸς
1434 937 1564 990 τύπος

89 995 182 1041 οἷον
208 1000 235 1026 34
264 1000 290 1026 34
320 1001 346 1026 3-4
376 1000 422 1026 3·’·’
417 1001 454 1027 ³0
490 999 560 1041 καὶ
597 997 619 1041 ὁ
649 1000 704 1048 εἰς
741 1017 790 1049 υς
825 1003 987 1054 καιιμῦς
1024 1028 1076 1032 -
1112 1003 1167 1051 εἰς
1205 1019 1240 1052 ις
1280 1002 1323 1045 δὲ
1361 1001 1383 1046 ὁ
1418 1007 1563 1060 κομβίς

87 1067 164 1107 τοῦ
192 1067 346 1120 κομβίς,
379 1067 488 1119 quod
519 1068 554 1108 si
582 1068 737 1119 integre
768 1069 964 1119 scriptum
997 1074 1069 1119 est,
1101 1081 1176 1122 pio
1207 1069 1462 1126 κομβολύτης
1487 1085 1562 1114 ac-

68 1133 170 1184 vcipi
208 1137 374 1185 oportet
413 1133 485 1173 scd
523 1133 662 1174 dubito
707 1145 758 1173 an
795 1134 912 1174 aliter
953 1136 1166 1187 scripserit
1207 1132 1229 1176 ὁ
1265 1134 1413 1190 κόμπις
1442 1135 1560 1192 (ἀπὸ)

88 1200 164 1238 τοῦ
200 1195 358 1251 κομπός
386 1198 426 1239 id
454 1203 519 1239 cst
549 1197 797 1252 κομπαστής,
828 1204 871 1240 ut
901 1200 1044 1248 ψεῦδις
1072 1201 1327 1243 Pindaricum
1362 1215 1436 1256 pro
1466 1211 1564 1254 ψευ-

88 1261 259 1316 δολόγος
289 1277 339 1305 ex
368 1265 438 1305 illa
467 1264 626 1316 quidem
658 1267 818 1306 ratione
849 1277 929 1317 qua
968 1263 1081 1306 Εἰδώ
1112 1268 1162 1307 ab
1195 1266 1391 1321 Εἰδοθέα,
1412 1268 1564 1325 ’Ἀμφις

89 1330 140 1370 ab
181 1326 434 1383 Ἀμφιάραος
480 1330 643 1370 detorta
694 1332 950 1383 putabantur.
1019 1332 1173 1373 Nostra
1212 1346 1310 1375 vero
1362 1339 1563 1380 sententia

86 1396 231 1444 ψεῦδις
268 1408 291 1436 a
325 1397 452 1436 verbo
493 1395 717 1438 derivatum
757 1402 820 1438 est
865 1403 906 1439 ut
945 1399 1068 1449 σίνις,
1106 1396 1230 1447 ψάλις
1270 1396 1292 1440 ὁ
1322 1401 1563 1458 κιθαριστής

87 1462 183 1504 HeS.
223 1459 342 1509 κόπις
380 1459 403 1502 ὁ
443 1460 566 1510 λάλος
605 1461 717 1515 παρὰ
745 1460 791 1504 τὸ
821 1461 961 1504 κόπτω
993 1465 1130 1506 Schol.
1160 1465 1255 1506 Eur.
1291 1467 1388 1510 Hec.
1421 1469 1510 1512 129.
1525 1470 1563 1497 3⁷

87 1524 234 1581 τρόφις
274 1528 460 1571 alumnus
499 1529 593 1580 Lyc.
632 1530 724 1571 265.
754 1527 888 1582 τρόχις
918 1542 1065 1571 cursor
1093 1531 1243 1571 Aesch.
1274 1532 1407 1575 Prom.
1437 1533 1561 1589 στρό-

88 1608 159 1647 φις
201 1599 415 1647 versutus‚
457 1595 566 1646 quod
604 1595 750 1635 Pollux
791 1597 852 1637 Vl.
894 1596 983 1638 130.
1023 1597 1083 1638 sic
1121 1601 1164 1637 ut
1192 1595 1338 1647 πτάκις
1375 1601 1438 1643 ΙΙΙ.
1469 1602 1559 1645 136.

87 1657 282 1712 ἄντικρυς
309 1658 494 1712 κωμικόν
525 1660 619 1700 dleit
650 1671 731 1700 non
763 1662 813 1702 ob
848 1663 1194 1716 terminationem,
1224 1675 1315 1705 nam
1360 1669 1399 1706 et
1428 1667 1563 1719 Lyrici

88 1731 239 1778 poetae
270 1726 494 1777 tragicique
520 1727 582 1766 liis
615 1731 777 1766 utuntur
808 1728 1053 1779 nominihus,
1086 1729 1161 1769 sed
1194 1731 1289 1782 quia
1319 1732 1424 1774 forte
1454 1735 1562 1786 apud

90 1792 282 1833 Comicos
329 1792 485 1843 legerat
523 1796 562 1832 et
601 1803 682 1832 vox
724 1793 814 1844 ipsa
851 1794 1189 1844 significationem
1227 1796 1349 1837 habet
1390 1799 1477 1840 vitii
1518 1804 1562 1842 ut

89 1854 275 1910 γάστρις,
313 1854 477 1912 γύννις,
508 1858 660 1911 Δίφρις
689 1855 712 1897 ὁ
741 1855 914 1912 ἑδραῖος,
945 1855 1035 1900 οἷον
1063 1857 1200 1912 ἀργός,
1235 1860 1390 1911 Πτάκις
1419 1863 1559 1917 δειλός,

90 1921 218 1971 Χάλις
256 1925 468 1976 χαλίφρων
498 1924 593 1965 Hes.
632 1935 758 1976 quare
797 1925 917 1965 etiam
954 1926 995 1965 in
1039 1925 1296 1969 deminutivis
1335 1932 1562 1973 reseruntur

89 1990 164 2031 sed
192 1991 352 2042 injuria.

182 2155 242 2200 35)
280 2153 487 2191 Citliaristae
521 2155 704 2191 Locrensis
738 2167 862 2192 nornen
894 2157 1054 2202 Σῑιιξρης
1084 2159 1186 2194 Antli.
1222 2159 1260 2195 X.
1286 2162 1362 2198 584.
1390 2162 1457 2197 alio
1481 2163 1560 2199 loco

88 2212 146 2247 VI.
171 2213 225 2248 54.
247 2213 411 2255 scriptum
432 2216 484 2247 est
505 2211 666 2256 Πιέρθυς,
689 2210 837 2256 Πάρθης
864 2217 898 2247 et
916 2212 1068 2257 Πάρθῳ.
1104 2215 1177 2249 Hoc
1199 2216 1349 2260 praefert
1369 2217 1561 2254 Bruncliius

91 2267 134 2302 ad
159 2267 269 2301 Anall.
297 2267 358 2301 Ill.
386 2267 441 2304 86.
472 2278 503 2302 n.
530 2269 584 2304 58.
613 2272 647 2303 et
674 2277 734 2312 pro
765 2270 967 2311 Παρθίιαος
1001 2271 1140 2314 accipit.
1188 2271 1246 2306 Sic
1281 2272 1405 2317 aliquis
1439 2275 1563 2310 dixerit

90 2321 234 2366 Πάρμις
258 2322 330 2357 Vll.
359 2331 392 2356 n.
416 2324 492 2359 504.
520 2333 580 2367 pro
607 2334 674 2367 quo
701 2326 735 2358 in
755 2324 946 2368 epigraphe
965 2325 1116 2369 Πάρμυς
1139 2327 1277 2370 legitur,
1299 2338 1340 2363 ex
1358 2331 1563 2373 Παρμένων

90 2378 146 2413 vel
183 2377 413 2421 ῙΙαρμενίδῃς
447 2388 649 2426 conversum
686 2390 765 2415 esse
807 2381 899 2415 unde
935 2383 1124 2424 ΙῙαρμιιίἳς
1163 2385 1196 2416 in
1229 2384 1345 2418 charta
1379 2385 1560 2430 Borgiana‚

91 2432 155 2467 sed
190 2443 257 2466 non
294 2433 396 2468 facile
429 2434 637 2477 probaverit.
686 2435 838 2481 Πάρμυς
873 2435 949 2479 Cyri
985 2440 1098 2481 neptis
1132 2439 1260 2474 Herod.
1297 2441 1358 2475 111.
1393 2442 1448 2478 88.
1477 2442 1561 2476 nihil

90 2497 153 2522 nos
174 2490 283 2531 juvat.

180 2543 241 2586 36)
266 2543 449 2580 Excidisse
475 2545 609 2581 videtur
631 2549 752 2579 πίθων
776 2544 793 2579 ὁ
819 2549 972 2587 πίθηκος
1000 2549 1053 2583 vel
1080 2550 1193 2584 simile
1220 2551 1313 2594 quid.

181 2611 241 2654 37)
277 2611 408 2646 Coraes
446 2612 488 2645 ad
514 2612 651 2648 Heliod.
681 2614 757 2649 298.
785 2613 872 2648 lianc
906 2614 1194 2656 significationem
1227 2626 1246 2650 a
1272 2616 1437 2653 feminino
1462 2622 1563 2658 κοπίς

91 2667 288 2701 translatam
320 2671 416 2711 putat
450 2667 524 2703 fere
557 2671 594 2703 ut
619 2668 742 2714 κύρβις
767 2670 891 2705 dicitur
914 2671 1100 2713 legulujus.
1150 2671 1219 2708 Sed
1244 2672 1359 2709 obstat
1380 2673 1562 2710 diversitas

93 2721 269 2758 accentus.
