1699 3021
227 157 293 198 DE
324 155 612 199 NOMINIBUS
645 157 698 198 IN
726 155 753 198 ὗ
777 154 1123 198 EXEUNTIBUS.
1158 158 1198 200 C.
1220 159 1282 200 IV.
1307 163 1345 208 §.
1370 158 1406 201 2.
1465 158 1558 202 205

88 277 211 307 versa
239 277 333 307 esse
365 267 439 307 sed
469 268 588 307 etiam
621 271 777 319 natura,
807 277 890 307 non
922 266 1053 306 minus
1076 262 1435 319 quam'AQffivaog
1456 267 1559 308 Plut.

90 331 257 380 Quaest.
285 331 398 371 Rom.
427 333 470 371 V.
493 332 583 373 313.
617 332 659 371 Τ.
690 332 773 372 XII.
807 337 846 372 et
876 328 1135 383 Ἀριστόνους
1156 332 1278 372 Thuc.
1308 333 1368 373 VI.
1389 333 1425 373 4.
1458 333 1560 374 Plut.

90 396 135 436 V.
165 396 260 446 Lys.
293 407 326 436 c.
349 397 486 437 XVIII.
518 398 677 437 Arrian.
710 397 792 437 Ind.
813 398 949 438 XVIII.
985 394 1222 444 Ποντόνοος
1252 397 1449 437 Phaeacis
1479 409 1560 437 no—

87 473 178 502 men
219 462 468 502 homericum
510 467 548 502 et
591 464 794 510 Ποντῖνος
832 464 982 504 montis
1022 463 1141 503 Paus.
1175 463 1219 502 II.
1252 463 1316 503 36.
1354 459 1562 513 Ἀρσίνοος

89 527 271 578 ejusdem
307 527 472 567 Homeri
503 532 541 568 et
568 523 752 578 Ἀρσῖνος
781 529 938 582 fluvius,
969 539 1086 580 quem
1119 527 1267 568 Strabo
1300 528 1420 568 etiam
1444 523 1560 579 Ἐρα-

87 595 206 632 σῖνον
236 592 313 633 diei
345 592 570 633 testatur-¹0
597 593 783 645 idemque
813 595 886 634 viri
917 604 1065 633 nomen
1093 598 1156 634 est
1175 597 1219 633 ut
1236 588 1431 645 Ἐργῖνος,
1470 593 1559 634 Hoc

88 662 223 698 autem
253 669 370 698 nemo
405 669 454 698 ex
484 655 679 710 ἐργόνους
707 663 844 700 natum
876 658 1004 712 dicet,
1035 670 1168 711 neque
1197 658 1327 710 magis
1355 654 1558 712 Ἀλφῖυος,

88 734 169 775 quo
196 723 457 764 Ruhnkenius
482 725 617 777 utitur,
649 724 698 764 ab
729 721 847 776 ἄλφω
879 725 1150 775 compositum
1180 723 1254 764 sed
1278 723 1417 775 potius
1439 723 1558 764 Albi-

86 799 180 828 num
210 790 545 840 interpretabitur
578 791 628 830 ab
667 785 798 842 ἀλφός
825 789 931 830 unde
961 787 1130 842 ἀλφινία
1158 785 1183 842 ἡ
1211 786 1335 842 λεύκη
1371 789 1467 830 Hes.
1496 790 1559 830 Fit

88 853 248 905 quidem
285 854 486 894 interdum
516 858 559 895 ut
595 855 636 895 in
667 856 967 907 compositione
996 856 1082 895 iota
1112 855 1383 911 substituatur
1411 865 1486 906 pro
1520 846 1556 914 ὅ,

86 915 422 971 τερπικέραυνος,
472 916 714 972 Χαιριγένης
757 920 877 971 Corp.
906 921 1033 961 Inscr.
1069 932 1107 961 n.
1138 920 1229 961 214.
1267 921 1557 973 Διονυσικλῆς,

88 981 353 1036 Δαμιθάλης,
402 986 678 1038 Θουρίμαχος,
720 985 917 1037 Demipho
958 990 997 1025 et
1028 986 1202 1037 Clitipho
1235 985 1344 1037 apud
1372 985 1558 1027 Plautum

88 1053 128 1090 et
159 1050 401 1091 Terentium.
455 1051 536 1092 Sed
574 1051 686 1091 nulla
722 1051 908 1102 profecto
940 1051 1045 1090 ratio
1078 1055 1140 1090 est
1171 1061 1242 1090 cur
1276 1051 1355 1090 hoc
1385 1052 1555 1092 artificio

88 1116 144 1155 uti
173 1115 358 1156 malimus
390 1126 508 1167 quam
541 1117 675 1156 omnia
703 1116 773 1155 illa
813 1116 1048 1167 parouymis
1087 1114 1322 1155 adscribere
1357 1116 1557 1167 simplici—

88 1180 176 1221 bus,
205 1203 259 1209 —
293 1181 502 1221 Aceentus
541 1182 582 1221 in
623 1181 701 1221 hoc
742 1186 828 1220 toto
869 1191 1018 1231 genere
1056 1181 1262 1220 nominum
1298 1182 1556 1232 propriorum

87 1246 320 1285 constantia
350 1257 505 1286 summa
535 1251 610 1287 est.
665 1245 797 1294 Quare
829 1247 863 1286 si
893 1246 1092 1286 I‘hesinus
1128 1246 1197 1286 ille
1226 1247 1267 1286 in
1296 1247 1422 1287 Inscr.
1458 1248 1557 1289 Chia

87 1322 122 1351 n.
143 1311 261 1351 2242.
293 1323 329 1363 p.
359 1311 451 1352 210.
485 1323 508 1351 a
537 1311 724 1364 Phaside,
756 1316 799 1351 ut
828 1311 1061 1351 Boeckhius
1092 1311 1338 1364 suspicatur,
1368 1314 1556 1365 appella-

86 1381 150 1417 tus
182 1375 307 1429 est‚¹l
337 1387 419 1416 non
444 1373 627 1429 Φήσινος
656 1382 724 1417 aut
755 1374 937 1430 Φησινός
967 1377 1090 1417 scribi
1120 1376 1241 1418 debet
1268 1377 1342 1418 sed
1376 1379 1559 1431 Φησῖνος

86 1446 130 1482 ut
153 1438 386 1493 Ἱππαρῖνος
417 1443 612 1483 familiare
639 1443 787 1484 Siculis
818 1453 966 1483 nomen
997 1454 1020 1482 a
1050 1443 1170 1483 fluvio
1202 1444 1422 1484 vernaculo
1454 1445 1558 1487 due-

88 1511 168 1547 tum
195 1507 382 1548 Parthen.
414 1518 446 1548 c.
470 1508 606 1549 XXIV.
639 1513 714 1549 etc.
755 1509 839 1550 Nec
870 1513 982 1549 reete
1011 1509 1350 1550 Westermannus
1380 1510 1420 1551 in
1450 1511 1553 1554 Plut.

87 1572 180 1612 Vitt.
193 1571 238 1612 X.
254 1572 381 1613 Orati.
407 1572 519 1624 p.80.
537 1568 747 1622 Ἀνάξινος
767 1574 898 1625 dedit3
931 1571 1176 1627 Ζωπύρινος
1192 1574 1447 1617 Αῐὴθῐι.ΧΝ.
1464 1577 1554 1620 662.

88 1637 133 1677 D.
161 1642 201 1676 et
229 1638 375 1677 similia
405 1638 602 1689 quaedam
626 1641 712 1690 jam
742 1640 809 1679 alii
840 1644 1128 1691 expurgarent.
1181 1639 1262 1680 Sed
1291 1651 1396 1691 quae
1425 1653 1557 1696 neque

88 1701 194 1753 apud
224 1707 370 1753 poetas
400 1702 588 1752 leguntur
616 1715 749 1755 neque
779 1708 944 1744 constat
964 1703 1070 1744 unde
1092 1704 1273 1746 derivata
1292 1706 1386 1759 sint,
1417 1719 1556 1752 eorum

89 1771 129 1807 et
159 1771 354 1806 accentus
383 1767 424 1806 in
453 1767 609 1808 incerto
642 1774 681 1808 et
701 1779 911 1809 mensura:
945 1769 1095 1821 Βολίνη
1119 1774 1159 1809 et
1180 1767 1358 1812 Βόλινου
1374 1774 1556 1828 Aehajae

90 1831 299 1885 oppIdum‚
339 1828 558 1883 Μύρκινος
597 1833 792 1873 Thraciae
838 1833 959 1873 Thuc.
990 1834 1051 1875 IV.
1085 1835 1173 1876 107.
1214 1837 1324 1888 quod
1358 1839 1399 1879 in
1438 1842 1554 1885 codd.

89 1900 308 1948 Μυρκῖυος
337 1898 532 1950 scriplum
565 1904 650 1950 θεῖς
691 1895 881 1945 Μύλινος
909 1899 1025 1950 gigas
1056 1900 1172 1942 Diod.
1202 1902 1245 1943 V.
1277 1902 1340 1945 71.
1365 1900 1556 1959 “Τρμιι’ός

89 1964 253 2005 Siciliae
291 1963 435 2002 fluvius
475 1964 644 2014 Dionys.
685 1965 814 2016 Epist.
855 1964 905 2005 ad
938 1965 1077 2017 Pomp.
1116 1976 1149 2006 c.
1184 1966 1224 2006 V.
1257 1967 1347 2010 781.
1385 1977 1425 2011 et
1464 1974 1554 2016 alia.

90 2026 296 2081 Κρήτιυος
324 2028 425 2068 Plut.
457 2028 505 2068 de
535 2029 649 2080 Pyth.
672 2029 815 2071 Oracc.
833 2030 951 2070 XXII.
983 2036 1022 2071 et
1055 2029 1260 2082 Πράτινος
1288 2035 1467 2089 Alciphr.
1492 2040 1554 2083 III.

88 2095 161 2147 Ep.
188 2094 252 2136 36.
284 2094 319 2134 Si
350 2104 439 2133 cum
472 2095 680 2145 Πρατίνας
710 2100 749 2135 et
782 2096 1034 2148 Κρητίνας12
1065 2098 1340 2153 conseruntur,
1370 2113 1555 2157 parony-

89 2171 244 2201 morum
282 2160 461 2211 speciem
500 2160 722 2214 praebent,
760 2173 892 2213 neque
930 2162 1048 2202 video
1089 2173 1169 2214 quo
1211 2163 1290 2203 alio
1321 2167 1555 2213 Aeschinus

88 2224 244 2267 Gruter.
273 2226 399 2267 Inscr.
430 2236 467 2276 p.
499 2224 590 2267 878.
622 2236 659 2267 n.
692 2226 725 2267 1.
767 2227 947 2279 ablegari
978 2229 1124 2280 possit.
1173 2229 1396 2273 Accentum
1434 2235 1554 2287 hujus

179 2356 236 2397 10)
269 2353 624 2393 Fluviorum'nomina
650 2359 797 2394 sortasse
825 2360 865 2394 ab
887 2361 969 2404 ἔρση
993 2365 1027 2395 et
1051 2360 1151 2404 ἄρδω
1168 2386 1177 2399 ,
1203 2362 1295 2397 unde
1327 2365 1455 2408 antiqui
1477 2367 1552 2413 'AQ-

88 2409 223 2449 d'rmzov
259 2413 464 2446 nominatum
501 2419 620 2457 putant
655 2419 690 2450 et
724 2416 942 2450 Arethusam.
994 2418 1172 2460 Ἀρσίνυος
1203 2418 1310 2452 Inscr.
1335 2428 1368 2452 n.
1398 2423 1493 2458 1570.
1519 2424 1553 2459 h,

91 2473 124 2507 p.
153 2465 228 2500 748.
257 2465 309 2506 (et
327 2467 508 2512 Ἀρσινόη)
533 2468 595 2502 τὸν
619 2469 809 2516 ἀερσίνοον
835 2472 1030 2515 significare
1059 2474 1184 2514 potest.

180 2520 236 2563 11)
269 2519 396 2557 Coraes
432 2524 465 2557 in
496 2525 607 2560 Atact.
635 2526 669 2560 T.
703 2527 764 2562 111.
790 2537 822 2571 p.
857 2528 933 2563 252.
970 2526 1060 2570 apud
1093 2526 1273 2562 Arrianum
1306 2531 1467 2569 Φυσΐνος
1498 2534 1554 2569 vel

91 2576 270 2612 Φυσίνους
294 2577 510 2613 scribendum
534 2580 685 2624 putabat.

151 2651 154 2654 -
180 2631 238 2673 12)
272 2630 402 2668 Vitiose
426 2637 590 2678 Κριτίιιης
613 2638 777 2681 scriptum
804 2640 856 2673 est
882 2640 916 2673 et
942 2639 1105 2679 Κριτινία
1133 2648 1195 2681 pro
1222 2641 1393 2683 Κρητινία
1421 2652 1440 2678 a
1463 2642 1554 2680 Cre-

89 2686 246 2722 tensibus
270 2687 407 2722 condita
432 2688 592 2732 Apollod.
619 2692 680 2727 111.
707 2693 739 2736 2,
769 2694 798 2729 1.
827 2696 861 2729 et
883 2692 1004 2734 Steph.
