1699 3021
309 155 375 195 DE
406 153 527 195 MUT.
561 150 767 192 TERMIN.
800 148 998 190 CAUSIS.
1053 147 1178 188 (2111.
1220 152 1258 194 §.
1279 147 1316 187 5.
1510 143 1561 184 71

82 269 254 318 Laurea,
284 269 327 304 ut.
356 261 643 312 Dalecampius
674 263 838 306 censet,
878 255 1085 306 designari
1113 256 1284 308 videtur,
1315 255 1389 295 sed
1418 253 1560 305 primi-

86 334 208 374 tivum
248 331 405 371 Laurus
445 328 514 369 Sil.
546 325 630 367 ltal.
660 325 723 365 IV.
757 323 844 364 175,
886 321 1042 362 Gruter.
1084 321 1208 361 Inscr.
1250 332 1286 371 p.
1321 321 1413 361 878.
1453 329 1490 358 n.
1520 317 1557 357 3.

84 399 227 450 Neque
254 395 387 437 solum
418 403 550 434 rerum
582 389 824 431 naturalium
851 385 1070 427 simulacra
1100 386 1164 426 liic
1194 385 1464 425 obversantur
1484 382 1558 423 sed

85 464 268 517 cujusvis
298 460 482 513 generis:
529 457 702 508 Arvina,
735 454 907 505 Canina,
941 452 1129 504 Porcina,
1161 450 1399 502 Columella,
1431 448 1559 489 Dola—

83 530 206 583 bella,
224 526 468 578 Fenestella,
489 525 628 575 Costa,
648 520 839 571 Flamina,
863 518 1004 570 Gibba,
1027 517 1160 570 Gutta,
1186 517 1382 568 Lacerna,
1406 515 1558 563 Massa,

82 594 289 646 Merenda,
319 593 466 643 Pansa,
497 590 620 640 Mera,
649 587 774 639 Ruga,
801 584 991 636 Scapula,
1017 584 1210 635 Spongia,
1233 581 1396 634 Schola,
1418 580 1559 633 Stella,

84 661 225 713 Stola,
258 659 440 709 Trabea,
480 655 626 695 Tucca.
642 654 678 677 2⁰
734 652 886 692 Horum
919 651 1098 689 sortasse
1130 648 1254 699 aliqui
1294 647 1357 686 vel
1389 645 1558 686 arbitrio

84 726 315 779 parentium
344 723 409 763 vel
438 721 597 762 facetiis
620 716 887 770 popularibus
918 715 1105 755 feminine
1128 718 1222 753 sunt
1247 711 1455 764 appellati,
1485 709 1560 751 sed

87 792 224 833 omnia
262 790 330 829 illa
371 800 421 828 ex
460 787 538 826 hoc
570 787 681 825 sonte
711 793 902 823 manasse
934 791 1074 832 parum
1107 779 1190 818 veri
1221 778 1351 818 simile
1382 777 1560 828 nihilque

87 868 238 899 causae
270 860 333 896 est
371 854 466 905 quin
497 852 546 891 ab
578 849 721 891 eodem
754 859 897 899 myrns
929 846 1007 885 duo
1038 848 1268 884 statuamus
1299 842 1561 895 procrevisse

84 923 263 974 nomina,
295 919 526 960 femininum
558 926 765 956 nturaena
797 918 835 954 et
866 910 1130 952 masculinum
1160 909 1394 958 Muraena,
1440 906 1562 958 idque

85 999 168 1030 non
198 985 408 1027 intellectu
438 981 559 1023 modo
592 980 859 1020 masculinum
891 988 997 1028 esse,
1037 979 1077 1015 ut
1115 971 1369 1026 Φιλημάτιον
1402 973 1563 1013 semini-—

85 1065 202 1107 nuni,
239 1051 314 1094 sed
354 1050 475 1090 etiarn
513 1057 628 1087 voce.
689 1046 731 1086 Si
771 1049 904 1084 tamen
942 1042 1008 1082 ille
1044 1053 1067 1080 a
1106 1042 1218 1092 pisce
1249 1039 1561 1089 cognominatus

85 1125 172 1172 est,
211 1130 260 1159 ea
298 1127 381 1157 non
422 1111 709 1154 antonomasia
748 1109 825 1149 dici
865 1107 986 1148 debet
1017 1111 1059 1147 ut
1089 1106 1209 1157 lupus
1243 1106 1402 1156 Lupus,
1441 1103 1564 1150 ἵππος

75 1184 240 1235 Ἵππος,
281 1181 356 1223 sed
394 1178 596 1232 quoddam
632 1175 842 1227 singulare
882 1173 1147 1225 paronymiae
1178 1182 1334 1223 genus,
1374 1170 1484 1222 quod
1522 1171 1563 1209 in

87 1264 168 1294 una
196 1249 359 1302 generis
398 1245 622 1286 mutatione
653 1240 845 1282 consistit
878 1238 952 1279 sed
983 1238 1151 1278 eandem
1184 1239 1261 1277 vim
1291 1237 1414 1277 habet
1445 1248 1563 1288 quarn

88 1320 244 1361 formae
273 1313 460 1364 variatio,
493 1314 533 1350 ut
563 1310 603 1348 in
632 1318 782 1358 graeco
814 1316 1006 1346 sermone
1024 1301 1181 1353 Ἵππις,
1201 1300 1370 1351 Ἵππυς,
1393 1299 1564 1352 Ἵππων,

88 1384 305 1434 auctisque
330 1378 502 1430 syllabis
525 1371 696 1423 Ἱππίας,
715 1369 927 1420 Ἵππασος,
947 1367 1178 1419 Ἵππυλλος,
1209 1370 1250 1408 in
1269 1368 1396 1408 latino
1424 1368 1565 1407 asinus

87 1450 270 1500 Asinius,
301 1444 455 1486 asellus
485 1441 657 1493 Asellio,
688 1450 815 1490 caepe
840 1437 1005 1490 Caepio,
1037 1435 1173 1488 aquila
1202 1434 1403 1486 Aquilius,
1436 1433 1568 1484 caliga

88 1515 286 1567 Caligula,
317 1512 418 1552 fibra
449 1508 635 1559 Fimbria,
667 1509 706 1546 et
735 1515 862 1555 saepe
895 1502 1174 1554 transgressio
1207 1500 1257 1540 ab
1289 1499 1495 1551 adjectivo
1527 1499 1567 1538 in

89 1579 391 1624 substantivum
423 1576 563 1616 calvus
596 1572 775 1613 Calvena
806 1570 868 1621 (ut
898 1569 999 1608 levis
1030 1566 1219 1617 levenna)
1252 1565 1393 1605 laevus
1419 1565 1568 1605 Laevi-

90 1659 168 1690 nus
199 1645 453 1697 (Crassinus,
482 1639 648 1680 Rufinus
670 1638 764 1689 etc.)
797 1648 825 1676 a
856 1636 971 1675 ranis
1005 1633 1138 1673 oculis
1171 1632 1270 1672 dicta·
1301 1631 1492 1671 [lavatae
1523 1633 1568 1669 rul

92 1725 121 1754 a
152 1712 306 1752 caesiis
338 1705 564 1747 Caesultae
595 1703 701 1743 Fest.
733 1713 756 1741 a
786 1712 903 1741 rarus
932 1699 1057 1739 rallus
1090 1699 1152 1749 (ut
1172 1708 1294 1736 varus
1317 1696 1466 1747 vallus)
1489 1706 1569 1734 no-

92 1779 199 1819 mine
229 1774 478 1826 syllabarum
508 1780 591 1809 non
621 1772 742 1808 aucto
771 1765 887 1806 Ralla
917 1764 1033 1815 (sura
1053 1763 1197 1815 Sulla),
1229 1762 1279 1802 ab
1311 1761 1401 1800 aliis
1424 1761 1569 1811 Casca,

96 1842 237 1894 Galba,
272 1839 420 1890 Helva,
453 1837 633 1882 Scaeva3
674 1833 724 1873 ab
756 1831 949 1871 absoluto
981 1830 1022 1868 in
1052 1828 1324 1868 modificatum
1355 1825 1571 1878 Scaevola,

93 1905 322 1957 Mammula,
351 1902 541 1954 Barbula,
574 1898 763 1949 Vaccula,
795 1896 986 1948 Capella,
1025 1899 1094 1934 aut
1119 1893 1169 1933 ab
1194 1904 1274 1932 111111
1298 1891 1572 1932 declinatione

92 1976 135 2015 in
165 1973 346 2023 alteram,
378 1979 526 2008 nervus
559 1966 704 2017 Nerva,
737 1965 880 2003 cinnus
912 1962 1053 2012 Cinna,
1084 1963 1277 2010 retroque
1308 1969 1435 1997 vacca
1462 1957 1572 1996 Vac—

95 2051 182 2093 cus,
207 2047 341 2090 penna
362 2035 539 2086 Pennus,
569 2041 712 2072 saxum
733 2031 843 2070 Saxa
862 2028 1035 2079 Appian.
1068 2027 1157 2076 Syr.
1189 2036 1222 2065 c.
1242 2022 1359 2065 5l.3⁰
1387 2022 1572 2064 similiter

92 2209 277 2244 Cornelius
301 2207 418 2241 Palma
438 2214 469 2237 ν.
497 2203 632 2237 Fabi-ic.
661 2201 703 2235 ad
733 2201 828 2234 Dion.
858 2198 956 2232 Cass.
983 2195 1130 2230 LXVIII.
1160 2195 1211 2229 14-
1238 2203 1272 2236 p.
1302 2192 1396 2227 1131.
1430 2195 1487 2225 aut
1512 2192 1570 2224 111-

93 2267 144 2309 git
167 2264 312 2298 Plinium
339 2265 396 2295 aut
422 2260 463 2293 1111
488 2259 694 2301 lionionymo
721 2257 834 2301 palma
863 2252 1045 2296 (Λαλάμη)
1075 2259 1199 2284 nomen
1224 2247 1341 2282 habet.

185 2319 245 2362 29)
280 2317 428 2351 Vacerra
463 2315 606 2349 Martial.
649 2313 704 2347 x1.
732 2314 785 2347 78.
821 2319 946 2344 nornen
975 2309 1037 2341 viri
1066 2306 1229 2340 fictir-ium
1268 2302 1403 2337 videtur
1430 2302 1572 2335 assimi-

96 2377 201 2410 latum
226 2373 440 2408 substantivo
465 2380 626 2412 Vacerra,
667 2367 759 2412 quod
787 2371 820 2402 ct
847 2366 889 2400 de
917 2364 1054 2398 homine
1078 2368 1263 2395 vacerroso
1293 2357 1418 2391 dicitur
1442 2366 1573 2399 genere

97 2442 164 2467 non
194 2434 321 2464 mutato
352 2432 387 2461 ut
411 2427 538 2460 matula
565 2426 608 2460 de
642 2423 780 2466 timido,
811 2431 924 2465 vappa
960 2420 1003 2455 de
1037 2426 1149 2458 vano,
1184 2416 1307 2447 εἴπατε
1344 2413 1385 2456 τῇ
1417 2411 1575 2445 ἀλώπεκι

98 2488 133 2522 111
160 2491 212 2523 est
236 2485 363 2520 Herodi
388 2483 518 2525 Evang.
544 2482 659 2516 Lucae
685 2480 775 2514 XIII.
797 2479 851 2514 32.

185 2542 244 2585 30)
279 2541 308 2575 Α
332 2541 453 2581 laena,
487 2540 515 2572 si
540 2538 681 2571 Varroni
709 2534 900 2575 credimus,
930 2531 1085 2570 Laenas,
1119 2535 1221 2570 quein
1253 2523 1432 2568 Appianus
1465 2532 1574 2566 saepe

97 2600 234 2632 Λαίναν
258 2600 369 2639 vocat,
396 2595 461 2629 Dio
490 2593 587 2627 Cass.
614 2591 764 2627 Λαινᾶν,
791 2589 854 2624 sed
875 2588 1103 2630 Asprenatem
1128 2581 1221 2615 idem
1242 2577 1454 2622 Ἀσπρήναν,
1500 2577 1573 2611 Ve-

98 2665 172 2690 rum
211 2654 278 2687 hoc
313 2653 417 2685 multo
455 2649 594 2683 uberius
631 2646 818 2681 edisseruit
850 2641 1090 2677 Wanowskius
1126 2639 1159 2671 in
1193 2636 1337 2670 Dissert.
1372 2634 1413 2665 de
1445 2633 1576 2665 ratium·

98 2722 164 2754 qna
193 2709 315 2742 Graeci
343 2708 477 2740 ηυηιὶηα
502 2707 731 2737 Rornanorum
757 2701 973 2742 scripserunt.
