1731 3021
119 142 204 185 216
603 140 1039 187 DISSERTATIO
1080 142 1144 183 IV.

119 249 293 306 φύσσω,
329 256 372 293 ut
413 256 595 295 veterum
624 254 809 295 nonnulli
838 252 1003 293 tradunt
1030 251 1118 292 EM.
1150 249 1252 305 298,
1285 250 1347 294 15.
1377 251 1601 293 derivatum

121 322 187 360 est
216 323 284 360 aut
315 331 339 360 a
368 318 469 360 δαίω
501 319 608 371 (δαίς
637 320 758 373 daps)
791 316 942 359 δάπτω.
987 318 1048 359 De
1078 317 1229 357 ceteris
1268 328 1387 359 nemo
1428 321 1603 358 contro-

120 385 298 426 versiam
328 386 451 426 faciat
482 397 534 426 an
564 387 657 437 sint*
675 396 914 438 paronyma⁷
944 379 1062 436 ἀξίνη
1089 383 1139 423 ab
1168 378 1247 436 ἀκή
1266 387 1310 424 ut
1330 383 1455 436 ascia,
1487 383 1598 424 acis-

123 451 260 505 oulus,
309 452 458 492 acieris
498 455 574 493 etc.
635 452 695 493 De
744 451 971 503 quantitate
1015 448 1274 490 Herodianus
1323 448 1371 489 de
1410 448 1602 490 Dichron.

125 517 167 558 T.
189 516 253 558 III.
274 516 366 559 291.
396 514 447 558 τὰ
474 517 530 565 εἰς
559 508 626 571 ἦῆ
661 514 889 570 παράγωγα
925 512 1027 568 ὑπὲρ
1062 517 1168 567 τρεῖς
1207 511 1410 567 συλλαβὰς
1444 511 1604 555 ἐκτείνει

122 578 170 622 τὸ
195 585 232 632 Z,
264 582 458 637 Αίητίνη,
489 584 668 636 ίατρίνη,
709 582 950 635 θριδακίνη,
989 577 1167 634 ἡρωίνη,
1202 577 1441 633 Ὠκεανίνη,
1481 577 1606 633 χωρὶς

122 649 199 689 τοῦ
227 648 409 703 εἰλαπίνη
437 648 507 690 καὶ
534 650 610 689 τοῦ
640 648 909 701 Μολυβδίνη·
940 645 1023 688 ἔστι
1053 643 1095 687 δὲ
1123 643 1302 694 πόλις.27
1347 641 1473 699 οΥπὲρ
1501 648 1606 698 τρεῖς

125 711 330 767 συλλαβὰς
352 713 458 769 ἔφην
487 712 555 755 διὰ
584 711 630 755 τὸ
659 714 815 767 σατίνη,
842 709 993 767 Ἀσίνη,
1022 714 1219 767 μυρσίνη·
1250 708 1329 754 οὐκ
1354 709 1484 752 ἐκεῖνο
1506 706 1606 751 ἀπο-

122 778 374 834 φαινόμενος
403 777 458 828 ὥς
486 777 537 820 τὰ
563 777 812 832 τρισύλλαβα
841 777 1063 820 συστέλλει·
1103 776 1298 826 πολλάκις
1325 775 1404 832 γὰρ
1430 775 1605 828 ἐκτείνει,

122 846 295 900 δωτίνη,
325 843 489 899 ὑσμίνη,
519 846 679 899 πυτίνη.
726 846 849 886 Plura
879 857 999 897 quam
1026 846 1067 886 hi
1098 846 1337 898 complexus
1370 849 1435 886 est
1466 845 1606 886 Theo-

122 917 299 964 gnostus
330 913 371 952 in
410 923 569 953 canone
611 910 931 963 orthographico
963 923 1000 963 p.
1034 911 1124 965 113,
1154 912 1218 953 31.
1244 907 1381 964 Ἀσίνη
1410 907 1436 964 ἡ
1470 907 1606 965 (πρὸς)

116 974 313 1031 Ἑρμιόνη
344 974 592 1033 (Ἑρμιόνῃ),
623 978 779 1030 σατίνη,
810 976 1006 1031 εἰλαπίνη,
1036 977 1233 1032 μυρσίνη,
1265 977 1434 1030 Ματίνη
1466 977 1607 1029 (Mom-²

121 1045 232 1098 τίνη)
263 1045 533 1097 Μολυβδίνη,
570 1044 792 1098 κηρυκίνη,
831 1043 1075 1096 θριδακίνη,
1115 1044 1237 1096 φίνη,
1282 1038 1443 1095 ἀριγίνη
1482 1037 1608 1096 (Ἀρι-

121 1110 230 1164 κίνη)
270 1108 423 1164 ἐριγίνη
463 1106 696 1164 (Ἐρυκίνη)
732 1105 909 1162 ἡρωίνη,
949 1109 1119 1161 δωτίνη,
1159 1108 1352 1161 Αἰητίνη,
1398 1108 1608 1162 Μενεκίνη

122 1173 148 1230 ἡ
177 1174 313 1227 πόλις,
351 1177 491 1229 μελίνη
524 1173 711 1230 κέγχρος,
751 1175 908 1228 χοιρίνη
938 1171 963 1228 ἡ
995 1170 1205 1227 δικαστικὴ
1240 1175 1403 1228 ψῆφος,
1443 1174 1607 1228 Καρίνη

120 1239 147 1297 ἡ
176 1240 315 1293 πόλις,
338 1238 532 1295 (Υρμίνη,
562 1239 733 1295 ὑσμίνη,
772 1237 1003 1294 Εὐκολίνη,
1044 1241 1223 1294 Λογίνη,
1263 1252 1367 1292 quae
1398 1240 1604 1291 quomodo

121 1309 432 1362 pronuncianda
453 1310 534 1349 sint
559 1309 759 1361 significat
789 1309 880 1360 ipso
916 1307 1056 1348 ordine
1089 1312 1128 1348 et
1159 1307 1435 1347 collocatione
1465 1316 1608 1346 exem-

122 1376 295 1428 plorum.
343 1375 528 1427 Namque
567 1386 642 1415 sex
680 1386 784 1426 quae
828 1375 998 1426 primum
1037 1374 1172 1413 locum
1204 1373 1410 1425 obtinent,
1459 1371 1609 1424 penul-

122 1442 259 1483 timam
289 1441 452 1482 brevem
483 1441 656 1492 habent3
688 1453 792 1493 qnae
823 1444 1061 1493 sequuntur,
1091 1440 1132 1478 in
1152 1442 1346 1490 quantum
1368 1441 1469 1478 nota
1496 1441 1606 1488 sunt,

122 1508 298 1559 longam.
336 1508 511 1548 Primum
541 1508 740 1560 κηρυκίνη
767 1507 817 1547 ad
847 1516 1119 1557 synonymum
1138 1501 1417 1557 κηρύκαινα28
1437 1502 1607 1543 eandem

123 1574 436 1626 proportionem
484 1573 636 1614 habere
684 1572 843 1613 videtur
889 1584 1009 1625 quam
1050 1571 1256 1624 βολβιτίνη
1294 1569 1345 1610 ad
1383 1568 1607 1621 βολίταινα,

124 1639 283 1692 ἰατρίνη
314 1639 364 1679 ad
395 1636 605 1691 ἰάτραινα,
646 1639 752 1679 unde
794 1639 999 1689 colligitur
1036 1638 1123 1677 iota
1164 1637 1330 1687 longum
1370 1646 1466 1675 eSSe
1495 1638 1539 1675 ut
1567 1636 1610 1676 in

122 1706 310 1758 proximo
342 1704 575 1757 ὅριθακίνη.
632 1704 711 1744 Pro
751 1704 851 1757 φίνη
888 1704 1089 1743 incertum
1127 1706 1260 1742 utrum
1297 1696 1451 1754 ὀρφίνη
1480 1712 1611 1752 repo-

122 1771 311 1823 nendum,
342 1770 451 1823 qnod
482 1771 712 1821 Hesychius
742 1767 903 1822 καλάμη
932 1769 1094 1822 μελίνης
1119 1768 1412 1819 interpretatur
1442 1771 1610 1807 cetero-

124 1838 191 1889 qui
219 1838 414 1888 ignotum,
448 1848 498 1877 an
526 1837 689 1890 φορίνη,
721 1839 838 1887 cujus
869 1835 1014 1887 media,
1048 1835 1142 1886 quia
1167 1833 1290 1884 longa
1313 1837 1390 1886 est,
1419 1833 1461 1872 in
1491 1832 1608 1874 codd.

123 1904 224 1944 Poll.
253 1903 314 1943 VI.
345 1903 408 1945 55.
449 1908 487 1943 et
528 1903 624 1943 alibi
664 1914 737 1955 per
776 1894 809 1943 εἶ
857 1901 1050 1943 scribitur
1092 1903 1135 1939 ut
1180 1896 1465 1951 περιφόρεινος
1514 1899 1610 1940 olim

123 1969 269 2009 Athen.
300 1968 364 2009 IX.
395 1968 487 2010 383.
518 1969 557 2009 F.
598 1968 672 2010 sed
709 1968 862 2022 κοφίνη
908 1967 944 2008 si
992 1975 1168 2017 unquam
1215 1969 1424 2016 receptum
1469 1969 1533 2005 est
1573 1976 1608 2005 v.

123 2034 296 2076 Meinek.
328 2034 439 2075 Com.
472 2035 533 2076 Fr.
567 2035 608 2076 T.
639 2035 684 2076 II.
714 2034 806 2076 708.
845 2037 958 2074 certe
988 2031 1202 2073 masculini
1245 2030 1376 2071 simile
1408 2030 1492 2070 fuit.
1547 2029 1608 2071 De

216 2201 276 2244 27)
305 2200 475 2236 Mendose
500 2200 626 2235 Arcad.
656 2201 730 2243 195,
756 2200 788 2236 7.
818 2198 856 2232 τὸ
883 2198 921 2231 δὲ
952 2197 1107 2239 ἠλατίνη,
1132 2193 1332 2239 μολυβδίιή
1358 2193 1522 2239 ὀνόματα
1546 2194 1609 2228 πό-

123 2257 221 2293 λεως.
269 2255 495 2299 ιιιολυβὸάνα
520 2255 600 2289 urbs
626 2255 746 2298 Steph.
774 2255 921 2289 fortasse
951 2253 1075 2289 eadem
1102 2254 1165 2286 est.

215 2312 276 2354 28)
302 2312 429 2345 Suidas
455 2313 684 2353 Κηρυκαίνας
708 2310 875 2353 λέγουσιν
895 2307 1144 2350 Ἀλεξανδρεῖς
1178 2308 1358 2350 γυναῖκας
1391 2305 1525 2342 αἵτινες
1560 2305 1610 2342 εἷς

127 2368 192 2404 τὰς
216 2366 329 2403 ‹cM-dg
355 2367 415 2399 καὶ
443 2368 627 2402 συνοικίας
651 2365 848 2410 παριοῦσαι
873 2363 1080 2409 (παρίασιν)
1106 2360 1163 2404 ἐφ’
1199 2354 1264 2405 ᾧτε
1303 2363 1532 2405 συναμίρειν
1565 2360 1608 2393 τὰ

126 2422 320 2467 μιάσματα
346 2423 405 2454 καὶ
432 2420 645 2465 ἀποφέρειν.
693 2420 843 2455 Easdem
869 2420 1064 2463 Hesychius
1089 2416 1262 2460 significat
1289 2417 1468 2461 Κηρυκίνη
1495 2414 1513 2457 ἦ
1546 2428 1607 2449 κα-

127 2479 330 2522 ταροψι-ἰή.
380 2476 437 2510 Sic
472 2477 553 2510 illae
578 2478 723 2510 vocatae
749 2476 908 2510 videntur
933 2477 1013 2519 quia
1039 2482 1171 2518 pannos
1206 2472 1434 2507 menstruales
1472 2474 1506 2507 et
1543 2480 1609 2506 ce-

124 2538 217 2569 teras
245 2532 367 2567 sordes
395 2531 655 2565 conclamabant
682 2534 719 2564 ut
743 2533 848 2565 nostri
872 2532 1109 2575 zonpccymyot‘
1131 2529 1264 2570 solent,
1293 2527 1397 2570 vulgo
1424 2526 1608 2561 abomina-

123 2593 181 2625 tae
209 2588 251 2623 ob
278 2588 417 2622 foedum
445 2588 633 2629 negot-ium,
660 2596 727 2629 quo
753 2587 831 2621 illas
858 2597 997 2630 quoque
1027 2587 1128 2621 aulae
1155 2582 1410 2619 Alexandrinae
1436 2583 1609 2616 ministras

124 2645 319 2688 implicatas
343 2644 513 2686 suspicor,
540 2651 626 2686 quas
653 2642 856 2679 Athenaeus
881 2642 937 2677 VI.
963 2642 1041 2678 256.
1068 2641 1107 2675 Ε.
1133 2638 1278 2684 πλήρεις
1303 2636 1451 2672 πάντων
1468 2640 1606 2681 καθαρ-

124 2699 255 2746 μάτων
281 2699 378 2734 dicit.
