1747 3005
151 147 219 189 DE
250 147 376 190 ΝΟΜ.
410 147 628 198 QUORUM
657 147 806 189 CHAR.
835 148 936 190 EST
964 148 1216 193 LABIALIS.
1237 152 1278 193 C.
1300 152 1326 194 Ι.
1353 157 1391 202 §.
1413 153 1448 198 1.
1491 154 1586 198 287

110 258 242 300 lorum
272 258 504 299 oreinorum
536 263 631 299 sunt
658 258 823 299 nomina
853 258 1013 312 ficticia,
1041 259 1139 300 illud
1180 272 1204 302 a
1238 260 1378 309 κίκκος
1420 265 1582 314 cicens,-

110 335 202 365 nam
232 327 275 364 ut
312 321 554 376 κικκτὲβιυου
591 320 638 364 τὸ
667 321 898 376 ἐλάχιστον,
930 319 1053 365 οὐδέν
1080 326 1176 366 Hes.
1219 327 1276 367 ita
1315 327 1452 370 eieeus
1497 341 1581 372 rem

107 389 258 430 nullius
290 391 410 441 pretii
440 390 622 430 declarat
652 390 838 430 similiter
868 394 910 430 ut
939 390 1059 431 kelta
1089 390 1166 431 dici
1197 393 1325 446 solet,
1365 405 1446 446 quo
1478 408 1581 448 pro-

107 455 195 507 prie
225 456 476 506 significatur
492 456 651 507 pusula
682 466 791 507 quae
819 457 863 496 m
893 456 1107 508 coquendo
1125 468 1238 507 pane.
1263 462 1580 512 assu1·ffl'tl⁴‘est.

109 525 150 561 et
178 523 347 569 ψωθίου
389 517 671 573 ἀπόθραυσμα
711 517 838 572 ἄρτου
876 521 972 561 Hes.
1014 521 1064 561 ab
1104 522 1248 563 eodem
1293 526 1419 566 verbo
1471 527 1578 569 unde

105 588 245 639 ψιχίων
274 588 471 641 frustum,
504 586 686 628 crustula
715 599 750 627 v,
789 587 961 628 Dissert.
992 587 1072 628 VII.
1104 598 1137 628 0.
1168 588 1194 628 Ι.
1227 592 1265 636 §.
1300 590 1334 630 1.
1367 614 1420 620 —-
1460 592 1578 641 Quod

104 652 334 704 Hesychius
374 654 489 693 affert
521 650 704 703 Χὲραβος
739 649 872 704 χάσμα
907 653 1003 705 γῆς,
1053 652 1151 692 1111111
1192 653 1299 695 aliud
1349 661 1412 697 est
1457 669 1577 710 quam

102 716 295 771 χηραμός,
328 721 444 770 cujus
466 719 708 770 primitivum
728 715 824 770 χειά.
877 719 1113 769 Synonyma
1133 714 1332 772 κόλλαβος
1355 727 1394 763 et
1421 720 1577 774 κόλλοψ

102 785 327 824 verticillus
359 785 503 836 hisque
534 784 679 824 similia
708 781 846 833 κόλλιξ
886 788 926 824 et
962 781 1140 837 κόλλυρα
1176 784 1215 825 id
1255 791 1319 827 est
1357 789 1577 832 rotundula

102 849 167 890 vel
197 850 315 902 panis
347 851 509 901 speeies
541 854 663 890 ovata
694 850 960 890 communiter
989 850 1206 901 globosum
1232 851 1420 903 quiddam
1444 856 1576 907 signi-

101 915 223 955 ficare
252 914 439 955 videntur
469 916 519 955 ab
558 926 638 955 uno
680 915 860 956 sortasse
901 919 1035 966 etymo
1078 917 1265 968 profecta
1308 929 1398 960 eum
1433 922 1573 973 κυλίω,

100 977 264 1031 κύκλος,
294 978 522 1032 κύλινδρος.
580 977 775 1032 Σάραβος
803 977 849 1021 τὸ
867 986 1101 1033 γυναικεῖον
1133 982 1294 1022 αἰδοῖον
1320 985 1414 1027 Hes.
1448 986 1574 1029 Guie-

103 1051 167 1088 tus
208 1043 320 1099 παρὰ
360 1043 407 1087 τὸ
445 1042 658 1098 σεσηρὲναι
695 1046 844 1087 dictum
884 1052 1020 1101 putat,
1064 1048 1169 1088 unde
1200 1045 1340 1100 ὀάρων
1368 1048 1414 1090 τὸ
1434 1066 1574 1103 γυναι-

99 1115 211 1153 κεῖον
241 1117 280 1153 et
310 1111 603 1164 σαρωνίδες-αἱ
619 1107 686 1152 διὰ
703 1109 954 1166 παλαιότητα
972 1116 1180 1165 κεχηνυῖαι
1198 1112 1328 1166 δρύες.
1361 1116 1573 1161 Stellionis

99 1178 264 1218 nomina
294 1183 388 1218 sunt
418 1175 609 1231 καλάβας,
640 1175 881 1229 ἀσκάλαβος,
911 1175 1163 1231 καλαβώτης,
1194 1174 1486 1235 ἀσκαλαβώτης
1508 1185 1574 1225 di-‘

98 1242 226 1282 latata
257 1245 391 1283 omnia
422 1255 472 1284 ex
510 1247 685 1294 angusto
726 1241 928 1296 κωλώτης.
987 1241 1159 1298 Σαλάβη
1198 1241 1223 1299 ἡ
1268 1248 1438 1298 φροντίς
1475 1250 1571 1292 Hes.

97 1318 216 1348 nemo
249 1308 449 1349 dubitabit
475 1321 498 1349 a
527 1306 630 1361 σάλη
661 1309 748 1349 sive
779 1306 903 1356 σάλος
933 1311 1129 1364 aquatio,
1159 1312 1325 1363 inquies
1355 1325 1391 1354 v.
1424 1315 1475 1356 ad
1504 1318 1568 1369 Aj.

97 1373 189 1415 355.
219 1374 461 1426 productum
493 1385 607 1425 esse3
638 1373 707 1414 ubi
735 1385 833 1415 vero
867 1376 1050 1415 foramen
1082 1378 1236 1427 ,januae
1278 1373 1378 1432 (ὀπὴ
1417 1378 1570 1435 θύρας)

96 1437 252 1492 σαλάβη
290 1445 463 1480 vocatur
497 1441 562 1481 vel
601 1437 796 1492 σάλαβος,
833 1440 1090 1482 Grammatiei
1131 1444 1338 1494 ambigunt
1375 1450 1507 1489 utrum
1547 1461 1571 1490 a

95 1510 208 1547 motu
239 1505 388 1546 dietum
417 1507 470 1547 sit
500 1517 551 1547 an
582 1517 605 1546 a
634 1506 725 1546 luee
756 1503 922 1558 (σέλας).
975 1502 1174 1561 Ἀστράβη
1206 1510 1240 1549 si
1272 1512 1438 1563 proprie
1470 1524 1568 1555 eor-

94 1582 176 1611 nua
210 1571 449 1612 clitellarum
480 1571 691 1625 signifieat,
723 1573 869 1623 quibus
899 1573 1163 1624 equitantium
1192 1586 1337 1616 manus
1374 1577 1569 1634 innititur,

97 1648 185 1677 011111
216 1637 341 1677 verbo
373 1633 534 1688 στρέφω
565 1638 837 1688 compositum
867 1648 943 1677 1100
973 1650 1071 1678 vero
1104 1650 1355 1691 paragogum
1377 1647 1453 1684 est.
1484 1645 1566 1687 Sed

96 1703 205 1742 nulla
247 1703 311 1742 via
351 1707 463 1753 patet
501 1701 551 1742 ad
590 1703 785 1752 originem
825 1704 1031 1743 nominum
1070 1699 1222 1757 ἀλάβη,
1261 1700 1417 1760 ἀρτάβη
1457 1710 1567 1761 quod

97 1769 299 1821 persicum
331 1767 579 1819 perhibetur,
609 1764 793 1820 κακκάβη
824 1768 910 1808 sive
947 1765 1175 1821 κάκκαβος,
1214 1766 1428 1825 ἀττέλαβος
1458 1777 1568 1828 quod

97 1846 120 1874 a
151 1833 276 1874 verbo
308 1831 439 1873 ἅπτειν
477 1833 668 1873 subsilire
707 1833 930 1873 derivatum
970 1845 1064 1874 esse
1096 1835 1346 1878 Schneidero
1387 1839 1438 1881 ad
1467 1843 1566 1883 Ari-

97 1904 193 1940 stot.
226 1900 267 1939 T.
298 1900 360 1939 111.
391 1899 482 1940 331.
515 1903 668 1939 certum
698 1898 933 1951 videbatur,
974 1897 1170 1953 ὅκκαβος,
1210 1912 1431 1956 eorumque
1460 1917 1565 1959 quae

95 1965 324 2015 Hesychius
357 1976 406 2005 ex
436 1965 560 2004 variis
592 1969 631 2005 et
662 1965 829 2005 remotis
860 1964 1105 2007 lectionibus
1137 1968 1308 2009 contulit
1351 1970 1568 2025 Λατραβός

93 2027 260 2082 λαιὸρός
290 2027 505 2083 (λαμυρός)
537 2027 763 2082 Μάτταβος
790 2030 969 2083 μῶρος.4
1025 2033 1134 2073 Inter
1173 2044 1221 2073 ea
1260 2045 1364 2086 quae
1404 2039 1564 2081 tertiam

95 2100 320 2148 sequuntur
349 2094 887 2149 110011110110110111,λυκάβας
924 2097 1035 2137 nulla
1075 2108 1119 2137 re
1154 2099 1284 2150 magis
1322 2105 1462 2142 notum
1503 2110 1566 2146 est

95 2172 213 2213 quam
243 2162 596 2214 interpretantium
626 2162 831 2215 ludibriis,
868 2173 945 2203 nec
985 2163 1116 2203 minus
1147 2164 1373 2215 ignorabile
1411 2163 1567 2223 ἀλαβής

96 2227 271 2268 alabeta
308 2228 436 2280 piscis
473 2227 639 2268 Nilotici
678 2239 847 2282 nomen,
887 2227 961 2269 sed
999 2224 1215 2281 ἀρῤάβων,
1257 2231 1321 2271 eui
1364 2234 1565 2278 Arcadius

89 2288 270 2345 Ἀλαβών
295 2294 477 2345 apponit,
511 2294 706 2344 originem
737 2305 760 2334 a
790 2294 916 2335 latino
948 2295 1067 2335 arrha
1098 2296 1219 2336 habet
1241 2296 1338 2338 Gell.
1362 2298 1479 2341 XVII.
1499 2301 1563 2344 30.

95 2356 362 2409 Quotcunque
393 2363 526 2399 autem
557 2359 700 2400 horum
742 2361 1035 2401 vocabulorum
1075 2362 1181 2413 apud
1220 2367 1367 2414 poetas
1406 2367 1567 2418 reperi-

95 2427 225 2475 untur,
256 2423 376 2475 alpha
405 2424 528 2465 breve
558 2425 722 2479 hahent,
752 2437 884 2479 neque
915 2427 1163 2479 appellativa
1194 2428 1326 2469 solum
1357 2431 1430 2473 sed
1462 2444 1565 2484 pro-

183 2580 220 2622 4)
247 2580 342 2614 ltlenl
368 2580 562 2623 chcrrciflqc
586 2582 751 2626 ἀπορῶν,
779 2587 972 2627 ,Παιωβιῖ
1005 2584 1194 2627 (ΞΟημονεῑ,
1232 2585 1437 2629 quibuscum
1474 2598 1564 2624 non-

93 2635 174 2676 nihit
202 2635 432 2669 similitudinis
458 2636 560 2672 habet
585 2637 726 2671 latinum
766 2643 889 2673 mattus
927 2640 959 2673 id
995 2644 1049 2675 est
1075 2641 1117 2675 ad
1158 2642 1280 2677 incitas
1307 2643 1491 2687 redae-tm,
1529 2650 1565 2682 et

93 2690 251 2727 ,iln'zzreg
277 2691 425 2727 ἔκλυτοι,
454 2692 518 2725 nisi
543 2691 682 2733 411162111-
706 2696 856 2738 Scripsit.
