1731 3021
135 148 231 192 288
299 176 310 189 κ
599 147 1032 192 DISSERTATIO
1084 150 1146 193 VI.

141 259 232 313 pria
260 270 425 312 quoque
444 255 621 312 ’Ἁραβος
648 257 839 311 Hesiodi,
867 254 1040 311 ’Ἀλαβος
1080 261 1245 304 Siciliae
1282 262 1427 304 fluvius
1467 263 1536 316 qui
1575 267 1616 305 et

136 321 321 378 Ἀλάβωυ
350 325 497 366 dicitur
527 337 564 366 v.
593 323 707 365 Held.
741 322 792 363 ad
821 323 924 364 Plut.
958 324 1001 366 V.
1035 325 1177 368 Timol.
1208 327 1346 370 XXIV.
1379 333 1419 371 et
1448 329 1615 381 Rupert.

141 391 193 434 ad
223 392 294 434 Sil.
326 390 427 432 XIV.
457 389 549 431 227.
582 389 743 440 (omiss.
774 389 815 428 in
847 388 934 442 Th.)
966 387 1162 443 Μέταβος
1184 393 1290 446 Virg.
1311 395 1412 437 Aen.
1434 395 1499 436 XI.
1521 393 1615 436 540.

142 455 334 512 Γήυαβος
361 457 513 498 Lucan.
539 455 566 496 I.
596 454 688 496 440.
727 451 964 507 Μασγάβας
1001 457 1170 500 Sueton.
1208 460 1255 501 V.
1295 460 1437 503 octav.
1475 471 1509 502 c.
1549 459 1615 502 98.

149 521 444 576 Ψευδαρτάβας
480 521 691 573 Aristoph.
735 521 934 574 Σαίταβις
973 522 1043 563 Sil.
1085 524 1170 566 [tal.
1210 525 1273 567 III.
1310 526 1436 568 374⁵
1459 521 1616 579 Ἑκάβη

140 596 217 634 etc.
247 589 354 631 unde
385 589 505 630 etiam
537 587 586 628 de
614 588 766 638 ignotis
792 587 989 639 judicium
1011 589 1147 630 facere
1172 590 1287 631 licet:
1319 589 1494 645 Δανάβη
1515 591 1615 633 urbs

136 657 319 700 Persidis
349 655 499 696 Zosim.
529 654 593 694 III.
626 653 689 694 27.
721 654 881 705 (omiss.
913 654 953 693 in
985 655 1074 707 Th.)
1101 650 1304 708 Ὀλκάβας
1342 657 1496 709 Scytha
1523 657 1617 709 Ap-

138 725 246 778 pian.
276 723 407 763 Mithr.
440 732 472 761 c.
504 719 568 761 79.
601 715 814 771 Λάτταβος
843 720 1016 760 Aetolus
1047 721 1190 773 Polyb.
1222 722 1286 764 IX.
1316 722 1381 777 34,
1415 722 1478 764 11.
1519 720 1616 763 Σοὶ-

137 791 262 843 λαβος
290 789 456 829 Maurus
487 786 563 826 Dio
596 786 711 827 Cass.
740 784 819 824 LX.
853 784 889 826 9.
919 783 1119 840 Νήραβος
1161 788 1354 840 oppidum
1393 788 1538 839 Syriae
1574 790 1615 828 et

140 851 409 906 Βαστάναβος
428 852 562 903 (Bm.)
589 851 766 891 Arabiae
789 851 930 902 Steph.
961 853 1079 894 Olabi
1108 865 1210 906 gens
1240 854 1486 906 Aethiopiae
1514 853 1615 895 Plin.

138 922 201 963 VI.
222 920 286 962 35.
313 915 493 971 Ἀράβιες
520 914 642 964 ἔθνος
665 911 839 957 Ἰνδικὸν
868 914 1077 971 ἐπώνυμοι
1106 920 1296 972 ποταμοῦ
1316 915 1503 974 Ἀράβιος
1531 921 1617 961 ΑΙ·-

137 989 239 1029 rian.
269 985 352 1026 Ind.
379 996 411 1026 ο.
434 984 534 1025 XXI.
567 983 629 1024 cui
661 983 791 1023 simile
812 980 1073 1037 Κυλλάραβις
1090 986 1291 1037 gymnasii
1312 986 1512 1027 Corinthii
1533 996 1615 1027 no—

137 1064 258 1104 men3
299 1056 529 1093 ceterorum
568 1049 720 1089 nullum
751 1049 791 1088 in
824 1048 995 1090 Graecia
1024 1062 1217 1102 germana
1246 1052 1461 1104 reperitur.

250 1123 288 1167 ς.
321 1117 359 1159 2.
416 1116 524 1158 Idem
564 1115 768 1155 transfero
809 1114 859 1154 ad
901 1126 949 1155 ea
989 1127 1094 1168 quae
1134 1117 1427 1169 diphthongum
1465 1117 1507 1157 in
1537 1127 1616 1170 pa-

137 1185 265 1226 ralcxi
296 1184 460 1234 habent,
494 1179 700 1234 Χόλαιβος
738 1191 809 1220 rex
846 1180 1025 1222 Arabiae
1068 1183 1227 1224 Arrian.
1268 1184 1416 1236 Peripl.
1453 1182 1614 1234 Erythr.

138 1264 175 1305 p.
209 1251 297 1293 154.
333 1246 591 1302 Πράσσαιβοι
629 1245 752 1294 ἔθνος
794 1245 1085 1300 Θεσπρωτικόν
1124 1250 1264 1302 Steph.
1304 1254 1343 1291 et
1383 1245 1615 1302 Πέῤῥαιβος

137 1323 180 1358 ut
210 1316 315 1357 idem
347 1316 489 1356 scribit
521 1318 693 1355 accentu
727 1313 900 1367 aeolico,
934 1315 1085 1366 quippe
1115 1326 1264 1355 nomen
1301 1315 1380 1356 hoc
1418 1314 1614 1366 περαίους

137 1383 389 1435 significare3
429 1382 631 1422 Homerus
677 1378 931 1431 Περαιβούς,
973 1381 1099 1421 ceteri
1145 1376 1404 1433 Πεῤῥαιβούς
1448 1384 1611 1422 vocant.

138 1450 386 1491 Graecorum
418 1446 756 1498 appellativorum
787 1445 938 1486 nullum
969 1446 1048 1486 hoc
1078 1446 1199 1486 modo
1240 1446 1498 1499 terminatur3
1539 1458 1613 1500 per

138 1514 300 1568 epsilon
329 1512 408 1553 duo
439 1510 578 1565 κελέβη
610 1516 648 1552 et
678 1508 825 1563 ἔρεβος,
857 1523 1028 1564 quorum
1068 1512 1239 1552 alterum
1277 1511 1613 1566 incomparabile,

137 1580 253 1622 alteri
292 1576 428 1632 ὄρφνη
468 1579 701 1630 adjunctum
741 1582 825 1629 θεῖς
875 1582 914 1618 et
953 1589 1086 1630 pauca
1123 1578 1292 1629 propria
1326 1571 1533 1631 Ἀστελέβη
1573 1583 1613 1620 et

139 1642 335 1698 Πνέβεβις
364 1645 500 1697 urbeS,
532 1644 633 1684 haec
655 1644 843 1696 Aegypti,
874 1643 943 1682 illa
974 1643 1126 1693 Lydiae
1158 1642 1298 1693 Steph.
1326 1642 1483 1683 Alebus
1506 1643 1615 1684 fluvii

134 1723 283 1753 nomen
313 1711 455 1752 Avien.
487 1709 553 1752 Or.
585 1711 682 1750 Mar.
713 1708 804 1750 446.
843 1705 1014 1762 Τελέβης
1050 1708 1126 1748 viri
1155 1708 1288 1748 Nonn.
1319 1707 1476 1749 XXXII.
1521 1709 1612 1752 187.

134 1778 186 1820 Et
217 1788 320 1830 quae
352 1781 419 1817 eta
448 1776 598 1817 habent
630 1779 698 1816 aut
730 1776 898 1828 propria
924 1779 1019 1816 sunt
1050 1777 1119 1814 aut
1148 1784 1231 1813 non
1262 1774 1302 1813 in
1333 1774 1497 1825 publico
1529 1786 1612 1828 po-

135 1845 216 1886 sita
254 1840 466 1896 Τόρῤηβος
497 1842 636 1894 Steph.
668 1846 744 1882 etc.
775 1842 838 1881 cui
870 1851 1096 1881 consonam
1129 1838 1305 1879 detraxit
1335 1839 1508 1881 Nonnus
1537 1843 1612 1881 To-

135 1907 284 1964 ρήβιον
312 1906 415 1949 ἄστυ
443 1908 544 1949 XIII.
574 1907 666 1949 466.
700 1904 964 1960 Καλλάτηβος
1002 1904 1182 1958 ejusdem
1211 1904 1364 1956 Lydiae
1405 1906 1610 1962 oppidum,

135 1973 298 2029 Σόηβοι
338 1976 461 2016 Suevi
505 1975 639 2016 Strab.
676 1974 734 2015 lV.
774 1973 862 2014 194.
910 1970 1096 2025 Τένὸηβα
1138 1970 1277 2022 Steph.
1316 1968 1494 2025 Κυβήβη
1535 1972 1612 2013 dea

135 2042 364 2096 peregrina,
398 2043 515 2092 cujus
547 2051 696 2080 nomen
728 2051 751 2079 a
781 2049 930 2090 graeco
961 2034 1070 2091 κύβη
1100 2037 1323 2078 derivatum
1358 2041 1398 2077 et
1435 2037 1611 2079 indidem

135 2108 317 2149 cultores
349 2106 449 2147 deae
491 2107 694 2147 fanaticos
732 2101 943 2158 κυβήβους
982 2108 1157 2144 vocatos
1197 2115 1292 2144 esse
1331 2103 1450 2155 quasi
1490 2104 1611 2156 κυβι-

133 2175 336 2227 στῶντας,
366 2173 485 2214 nimis
516 2171 753 2213 incredibile
784 2175 869 2221 est3
915 2166 1081 2223 κωχήβη
1116 2166 1269 2221 μήποτε
1305 2165 1329 2209 ὁ
1367 2166 1610 2221 λάσταυρος·

132 2237 310 2294 κώληβοι
347 2238 426 2292 γὰρ
464 2238 504 2280 οἱ
540 2239 687 2290 ταῦροι
716 2237 832 2278 Phot.
872 2235 982 2288 quod
1023 2235 1229 2288 quomodo
1272 2236 1424 2288 corrigi
1462 2235 1610 2278 debeat

221 2427 260 2471 5)
284 2427 360 2461 Hoc
394 2429 429 2462 et
465 2425 532 2460 alia
564 2423 796 2468 praetermisit
828 2422 953 2457 Arcad.
991 2433 1025 2467 p.
1062 2423 1118 2459 29.
1153 2421 1317 2460 ὀξύνεται
1350 2420 1554 2466 παρώνυμα
1588 2418 1606 2463 ἢ

133 2481 324 2516 ε’πιθεῑικὰ
346 2483 470 2524 Νιοβίς
491 2501 536 2506 —-
561 2481 799 2522 σεσηιιιειίυται
826 2478 864 2512 τὸ
888 2479 1067 2521 καλλαβίς.
1116 2478 1168 2510 Τὰ
1194 2478 1233 2511 δὲ
1259 2476 1365 2522 κύρια
1393 2476 1411 2518 ἢ
1434 2489 1606 2522 προςηγο-

131 2537 215 2582 ρικὰ
232 2536 439 2582 βαρύνεται,
461 2535 669 2581 Ἀθάραβις,
696 2534 880 2578 κάνναβις·
906 2536 1145 2578 σεσημείωται
1168 2533 1206 2566 τὸ
1228 2533 1408 2576 καλλαβίς.
1441 2533 1506 2567 Pro
1524 2532 1606 2565 καλ-

129 2593 229 2636 λαβίς
256 2595 365 2637 primo
391 2593 470 2628 loco
509 2591 730 2627 scribendum
765 2589 950 2633 κάνναβις,
988 2589 1080 2634 quod
1116 2592 1168 2624 est
1196 2598 1407 2633 paronymon
1439 2597 1459 2623 a
1492 2586 1606 2629 κάννη

128 2647 319 2691 κάννιιβος.
366 2648 441 2684 Nec
466 2648 655 2683 mirandum
682 2646 775 2682 idem
801 2646 854 2682 bis
881 2647 1006 2685 afferri,
1033 2646 1179 2689 primum
1214 2646 1249 2678 in
1286 2645 1503 2688 pai-ommis,
1537 2643 1606 2679 de·

126 2704 208 2741 inde
234 2706 267 2738 in
295 2704 527 2748 appellativis.
