1731 3021
132 140 223 184 104
622 149 1052 199 DISSERTATIO
1101 156 1147 198 Π.

132 244 283 299 ἀκαλός
312 248 498 303 ὀξύνεται
527 253 582 306 ὥς
611 255 787 313 ἁπαλός,
828 260 999 318 ὁμαλός,
1037 263 1268 319 χθαμαλός·
1312 265 1360 308 τὸ
1390 266 1434 310 δὲ
1460 267 1613 324 ἤκαλος

130 317 485 372 προπαροξύνεται
515 319 571 372 ὡς
599 323 819 380 πάσσαλος,
851 328 1039 382 κόὸαλος,
1076 327 1297 382 Τάνταλος,
1328 334 1396 375 Ubi
1425 337 1490 377 Vssl
1508 334 1612 377 Κώ-

131 381 255 432 δαλος
282 387 579 431 restitnendum
609 403 658 432 ex
675 395 854 437 Arcadio
876 398 941 438 vel
961 403 1116 439 mutata
1137 409 1325 439 consona
1346 397 1558 450 Κώκαλος.
1571 403 1612 428 4⁹

129 448 271 502 Itaque
313 451 527 506 δαίδαλος,
573 458 759 510 σίμαλος,
803 459 1010 504 νύσταλον
1046 459 1260 516 γερόντιον
1298 466 1430 508 Cram.
1459 467 1488 508 Ι.
1518 467 1611 510 299.

131 517 316 566 quamvis
347 519 549 571 adjectiva
579 524 673 578 sint,
706 530 839 567 tamen
871 530 1041 570 eundem
1063 541 1152 571 cum
1172 530 1443 573 substantivis
1465 532 1613 586 dacty-

129 579 220 622 licis
251 590 464 626 accentum
493 587 664 643 hahent,
703 592 920 645 ipsumque
950 593 1127 649 ἄρὸαλος
1159 592 1181 637 ὁ
1212 594 1397 649 ῥυπαρός
1424 598 1610 643 Erotian.

131 650 171 686 et
201 647 377 698 αἴθαλος
405 647 428 692 ὁ
458 652 668 703 αἰθαλόεις
697 669 719 697 a
744 658 1018 702 substantivis
1050 659 1228 714 ἄρδαλος
1256 658 1279 703 ὁ
1309 659 1442 715 ῥύπος
1472 670 1512 706 et
1541 666 1611 706 αἴ-

127 714 260 761 θαλος
288 727 371 756 non
402 717 725 774 distinguuntur3
758 735 807 763 ex
839 737 919 776 quo
953 728 1182 779 colligimus
1210 726 1426 781 κραδαλός,
1457 744 1611 782 κροτα-

127 773 218 829 λός,
250 780 475 834 σπαταλός,
510 784 728 838 τροχαλός,
760 787 933 841 γυαλός,
965 803 1047 832 non
1076 793 1280 834 diastolac
1311 805 1439 835 causa
1469 797 1561 837 acui
1574 797 1612 822 ⁵⁰

128 843 202 884 sed
232 858 463 890 mensurae.
518 851 662 893 Brevis
693 859 827 894 antem
855 859 1202 908 antepenultimae
1231 858 1495 912 ejusdemque
1515 873 1611 903 ere-

126 913 218 950 ctae
249 923 354 963 quae
382 915 585 957 Arcadius
616 921 767 970 promit
798 923 985 974 exempla
1014 925 1169 975 πίαλος,
1200 927 1384 979 φίγαλος,
1416 923 1608 979 δάμαλος,

127 984 268 1016 eorum
296 979 467 1029 primum
498 983 639 1024 dubito
673 997 725 1026 an
756 986 895 1035 σίαλος
925 989 1185 1030 scribendum
1216 992 1290 1042 sit3
1321 1003 1414 1032 nam
1445 994 1479 1033 si
1508 994 1609 1036 illud

124 1038 290 1092 longum
329 1044 452 1087 habet
490 1048 577 1088 iota
614 1055 656 1091 ut
692 1052 864 1103 πιαίνω,
902 1055 1105 1096 Arcadius
1137 1056 1410 1099 hallucinatus
1442 1064 1530 1111 est3
1573 1061 1608 1101 si

126 1104 252 1148 breve
283 1114 325 1149 ut
354 1109 503 1162 πιαρός
532 1115 653 1155 Anth.
685 1117 767 1159 XV.
799 1118 859 1159 11.
894 1125 1118 1170 oxytonum
1151 1133 1245 1162 esse
1277 1122 1409 1165 debet.
1473 1125 1609 1178 Φίγα-

123 1172 194 1219 λος
223 1173 356 1216 dictus
387 1183 450 1218 est
479 1179 697 1232 Phigaleae
722 1184 1055 1227 eonditor-Faus.
1077 1188 1177 1228 VIII.
1197 1188 1235 1237 3,
1265 1188 1298 1229 1.
1321 1188 1445 1241 longa
1464 1192 1606 1246 prima,

125 1236 161 1276 si
200 1239 360 1290 quidem
399 1243 439 1283 in
476 1245 680 1299 Lycophr.
720 1248 810 1290 212.
851 1252 1059 1302 sequimur
1106 1252 1371 1304 plurimorum
1409 1255 1606 1299 librorum

123 1304 369 1356 scripturam
404 1309 629 1363 Φιγαλεύς,
660 1315 768 1366 quod
800 1321 863 1356 est
893 1317 1028 1357 Liberi
1068 1319 1197 1369 patris
1238 1331 1261 1359 a
1291 1320 1605 1372 Phigalensibus

123 1374 358 1413 consecrati
388 1387 616 1428 cognomen
648 1381 992 1435 amphimacrnm3
1024 1395 1150 1435 quare
1179 1385 1408 1427 Meinekius
1438 1388 1486 1428 ad
1516 1389 1606 1430 Eu-

122 1434 238 1486 phor.
269 1449 307 1489 p.
333 1439 446 1481 72⁵1
477 1443 634 1485 dubitat
674 1458 725 1486 an
753 1448 794 1490 in
824 1460 947 1488 versu
977 1449 1153 1500 quodam
1184 1451 1326 1491 Rhiani
1357 1464 1432 1504 pro
1469 1453 1605 1508 Φιγά-

120 1501 219 1551 λεια,
261 1505 355 1555 quia
383 1506 498 1548 brevi
529 1521 633 1562 opus
667 1518 742 1566 est,
775 1514 1106 1555 substituendum
1136 1516 1189 1556 sit
1220 1528 1368 1559 nomen
1395 1520 1508 1562 urbis
1534 1533 1605 1563 re-

122 1567 280 1608 centius
325 1568 515 1624 Φιάλεια,
562 1577 671 1628 quod
707 1578 934 1620 Pausanias
976 1593 998 1620 a
1037 1581 1178 1622 Phiale
1217 1583 1392 1634 quodam
1430 1589 1603 1642 repetit3

120 1630 160 1672 id
201 1638 334 1675 autem
376 1649 400 1678 a
446 1640 640 1683 brevibus
688 1645 902 1696 insurgere
951 1647 1182 1687 ostenditur
1224 1648 1448 1692 derivativo
1493 1655 1604 1695 Φια-

119 1694 223 1749 λεύς,
263 1711 395 1753 neque
427 1705 546 1746 aliter
585 1716 865 1760 comparatum
896 1716 959 1752 est
997 1710 1124 1765 φιάλη
1155 1715 1446 1768 propriumque
1483 1730 1605 1771 nym-

119 1763 225 1815 phae
261 1765 399 1808 Phiale
441 1770 555 1813 Ovid.
596 1774 690 1815 Met.
727 1776 790 1815 III.
831 1776 920 1818 172.
962 1777 1068 1818 unde
1108 1778 1219 1819 urbis
1259 1791 1408 1822 nomen
1439 1783 1602 1828 ductum

120 1840 215 1870 esse
246 1835 440 1882 potest.³²
492 1837 601 1889 Ergo
622 1841 842 1882 Arcadium
875 1854 1039 1894 quoque
1072 1844 1228 1892 Φίαλος
1255 1847 1478 1899 scripsisse
1507 1863 1603 1893 cre-

119 1894 298 1939 diderim.
356 1897 552 1942 Φιὸάλεια
575 1904 770 1955 Byzantis
805 1919 908 1948 uxor
937 1909 1057 1949 Anth.
1088 1910 1200 1950 Plan.
1234 1923 1270 1952 n.
1301 1913 1364 1955 66.
1395 1917 1600 1967 primitivo

119 1966 243 2002 caret.

205 2139 265 2182 49)
302 2140 496 2185 Hesychius
533 2143 721 2190 Κόγκαλος
758 2150 955 2193 κοιιιοριός.
1019 2150 1248 2187 Cochlearuin
1282 2165 1407 2193 nomen
1445 2160 1597 2196 κοκάλια

117 2192 220 2228 Arist.
250 2195 289 2229 H.
315 2196 401 2230 Ann.
430 2198 484 2232 IV.
511 2196 543 2232 4.
574 2210 605 2243 p.
627 2202 703 2237 528.
725 2213 754 2238 a.
774 2204 804 2239 9.
827 2205 860 2237 ill
877 2205 976 2239 codd.
996 2206 1172 2240 κυκκάλια
1189 2213 1223 2244 et.
1242 2210 1403 2245 κωκιῖλια
1422 2215 1594 2253 scribitur,

204 2266 264 2308 50)
301 2266 425 2313 Neque
457 2269 524 2303 hoc
559 2271 678 2308 dicere
713 2273 849 2309 videtur
879 2276 996 2312 Schol.
1026 2278 1064 2311 Il.
1099 2279 1137 2313 V.
1164 2280 1218 2315 99.
1246 2280 1284 2314 τὸ
1318 2282 1473 2326 γύαλον,
1509 2286 1598 2323 ὅταν

116 2317 286 2353 ἐπίθετον
308 2317 350 2367 ᾗ,
380 2324 554 2361 ὀξύνεται.

114 2433 139 2467 L
166 2443 184 2468 c
205 2392 264 2468 5¹1)
299 2393 535 2437 Neglexerunt
570 2399 637 2434 hoc
667 2399 803 2435 Sinnius
839 2401 882 2436 ad
917 2402 1036 2437 Rhian.
1066 2415 1097 2448 p.
1125 2406 1179 2441 27.
1219 2411 1253 2442 et
1276 2408 1516 2447 Bachmannus
1551 2415 1594 2450 ad

143 2444 162 2477 y
187 2459 194 2466 .
239 2462 245 2468 .
274 2447 303 2470 c.

204 2506 264 2548 52]
289 2508 424 2544 Similia
444 2516 521 2546 sunt
541 2515 674 2549 urbium
694 2516 863 2551 vocabula
879 2517 1038 2560 ,Ιηκύθιμ
1060 2521 1248 2566 Κακκιὶβη,
1270 2524 1436 2568 Κτιλῑῖθη,
1465 2527 1591 2573 Κάψιε,

117 2560 287 2603 Κιβωιός,
313 2564 375 2599 sed
400 2565 546 2605 sortasse
570 2580 637 2605 non
664 2573 777 2607 omnia
805 2582 954 2616 graecae
980 2576 1133 2618 originis
