1699 3021
102 194 171 237 DE
201 192 614 236 AFFECTIONIBUS
643 190 826 234 NOMIN.
856 190 909 232 IN
939 180 990 232 ἆλ
1017 189 1131 232 ETC.
1172 190 1299 232 C.V1.
1329 195 1368 240 §.
1390 191 1428 233 3.
1494 190 1578 233 143

104 309 144 346 et
171 304 280 352 ἴσος,
311 313 359 343 ao
389 302 536 343 dicitur
565 302 685 343 etiam
715 296 916 354 ἀλίγκιος,
955 300 1020 341 cui
1050 299 1249 351 syllabam
1279 291 1334 340 αἶ
1357 301 1576 353 praefixam

103 380 199 410 esse
229 367 328 409 fides
359 368 481 410 nulla.
529 367 800 417 Quamobrem
830 365 940 418 quod
970 365 1244 407 Schneiderus
1274 365 1376 407 haeo
1406 367 1455 407 ab
1485 359 1575 419 ἧλιξ

105 434 275 486 repetit,
306 437 348 473 ut
378 444 461 473 non
492 434 762 474 certissimum
791 434 848 472 ita
876 432 946 472 illo
974 432 1229 484 probabilius
1259 432 1439 484 videtur3
1495 443 1573 473 ne-

101 510 182 551 que
210 499 357 538 utimur
386 510 525 538 eorum
557 498 730 539 consilio
762 497 829 549 qui
858 507 935 537 nos
967 496 1017 537 ad
1042 497 1276 549 germanica
1306 498 1397 551 cicli,
1427 497 1572 550 qleieh,

102 564 181 605 like
210 565 418 604 remittunt
457 564 606 616 prioris
646 564 775 615 partis
805 563 1013 603 incuriosi.
1073 564 1219 604 Verum
1259 567 1422 615 praeter
1462 562 1572 602 illam

101 629 314 682 syllabam,
345 640 463 681 quam
494 629 696 669 suavioris
726 628 1015 670 modulationis
1044 640 1171 670 causa
1192 628 1478 680 interpositam
1508 627 1573 667 fe·-

101 700 205 748 ruut,
236 695 461 747 compluria
483 695 702 735 afferuntur
720 695 979 746 parenthesis
1000 695 1196 747 exempla.
1234 691 1450 735 Μέτασσαι
1470 706 1572 733 του-

98 758 231 801 τέστιν
259 760 302 801 αἱ
329 758 446 813 μέσαι
473 756 579 800 κατὰ
606 756 865 812 πλεονασμὸν
892 761 964 813 τῆς
991 758 1113 814 μέσης
1152 761 1356 813 συλλαβῆς
1384 758 1571 800 Eustath.

102 828 220 881 1625,
249 827 312 869 29.
356 827 404 867 de
444 837 524 878 quo
564 827 716 866 rectius
748 828 872 867 sentit
900 827 969 868 ille
1002 827 1044 867 in
1074 827 1205 867 Cram.
1235 825 1388 867 Aneod.
1421 826 1448 867 Ι.
1477 823 1571 867 280.

99 890 155 940 ὡς
189 891 301 945 παρὰ
336 889 413 945 τὴν
450 890 515 931 ἐπί
551 892 702 943 γίνεται
739 889 884 932 ἔπισσα
920 889 1030 933 οὕτω
1059 889 1157 945 μετά
1183 888 1384 945 μέτασσα,
1423 890 1572 944 quibus

99 959 180 998 alio
212 959 306 999 loco
339 958 514 1009 apposui
545 955 745 1009 περισσός,
764 955 986 1010 Ἄμφισσα,
1006 955 1211 999 ’Ἀντισσα
1260 957 1341 999 Sed
1369 958 1409 997 in
1439 955 1573 997 mani-

101 1023 209 1063 festo
240 1029 413 1075 peccatu
446 1027 604 1062 tenetur
634 1023 719 1063 ΕΜ.
751 1023 844 1076 329,
878 1024 911 1064 1.
949 1020 1061 1075 παρὰ
1087 1021 1134 1064 τὸ
1163 1020 1259 1071 ἑκάς
1284 1021 1354 1063 καὶ
1381 1018 1428 1062 τὸ
1457 1018 1573 1074 βέλος

98 1088 250 1140 γίνεται
267 1085 498 1141 ἓκαβελὲτης
516 1086 585 1128 καὶ
613 1089 855 1144 πλεονασμῷ
882 1089 954 1141 τῆς
982 1081 1031 1142 τ“η
1060 1090 1264 1142 συλλαβῆς
1292 1084 1573 1141 ἕκατηβελὲτης

48 1206 53 1213 ι
98 1149 154 1201 ὡς
174 1152 324 1207 ἔτυμον
338 1152 548 1207 ἐτήτυμον,
580 1165 670 1194 nam
702 1158 741 1195 et
771 1155 849 1195 hoo
873 1154 1069 1195 dissimile
1095 1159 1158 1195 est
1181 1159 1219 1195 et
1239 1154 1337 1195 illud
1357 1155 1406 1194 ab
1431 1151 1574 1201 ἕκατος

99 1221 385 1273 compositum,
417 1221 526 1273 quod
554 1221 594 1260 in
626 1220 806 1271 epitheto
839 1220 901 1261 dei
932 1222 1141 1261 retinetur.
1199 1220 1332 1261 Minus
1366 1230 1464 1260 vero
1496 1230 1572 1259 ex-

100 1287 304 1339 ploratum
325 1285 421 1326 illud
441 1287 480 1326 in
503 1297 583 1338 quo
610 1286 695 1327 EM.
713 1286 881 1339 305,3o.
907 1291 947 1327 et
969 1287 1082 1328 Eust.
1106 1286 1224 1339 1271,
1247 1287 1280 1328 1.
1311 1286 1573 1326 consentiunt

97 1348 210 1404 παρὰ
238 1347 285 1392 τὸ
315 1349 445 1403 ῥόθος
476 1351 612 1401 (ῥοθῶ
642 1347 719 1404 γὰρ
749 1350 796 1392 τὸ
825 1354 1044 1405 παρορμῶ)
1076 1353 1225 1404 γίνεται
1253 1349 1478 1404 ἐπίρροθος
1505 1349 1575 1391 καὶ

97 1419 339 1473 πλεονασμῷ
369 1419 441 1471 τῆς
468 1409 555 1470 &J
570 1419 772 1472 συλλαβῆς
800 1415 1087 1471 ἐπιτάῤῥοθος,
1118 1418 1227 1471 quod
1259 1429 1333 1470 pro
1366 1429 1573 1458 concesso

98 1485 220 1525 sumit
258 1484 395 1525 Scliol.
436 1485 482 1525 A.
523 1489 562 1525 et
602 1486 644 1527 B.
684 1485 734 1526 ad
770 1485 881 1532 11.,I.
923 1485 1015 1526 223.
1056 1484 1138 1526 ΧΠ.
1182 1483 1272 1526 180.
1318 1480 1466 1537 ἀτηρός
1505 1481 1574 1523 καὶ

96 1551 339 1606 πλεονασμῷ
368 1551 440 1604 τῆς
468 1542 542 1602 τ-(ἶρ
572 1552 777 1605 συλλαβῆς
806 1547 1032 1605 ἀταρτηρός
1054 1548 1109 1599 ὡς
1128 1548 1347 1602 τάῤῥοθος.
1396 1550 1468 1590 His
1490 1560 1574 1589 non

100 1616 272 1668 amplius
315 1616 578 1658 concedimus
619 1630 739 1670 quam
778 1618 1079 1659 fundamentum
1109 1617 1285 1658 nominis
1316 1627 1411 1657 esse
1441 1615 1574 1666 sylla-

98 1682 190 1721 bam
221 1672 283 1734 ῥῖ),
316 1681 422 1722 unde
449 1681 535 1733 ρόω
566 1681 751 1736 ρώννυμι
781 1681 912 1735 ῥόθος
940 1683 1002 1734 (ut
1032 1695 1055 1723 a
1088 1680 1202 1723 κνύω
1234 1678 1395 1728 κνύθος
1423 1693 1459 1721 v.
1491 1680 1575 1720 Pa-

100 1747 187 1787 rall.
226 1747 339 1799 406.)
379 1745 600 1799 ἐπί-ῥροθος
639 1746 891 1801 ἐπιῤῥώστης
930 1753 970 1788 et
1010 1748 1184 1788 indidem
1231 1744 1417 1800 ἄῤῥοθος
1459 1741 1575 1796 029oe-

99 1809 173 1864 γός
209 1824 271 1864 ap.
311 1814 577 1867 Hesyeliium,
617 1816 680 1854 oui
718 1826 802 1855 non
842 1813 1077 1867 diffidimus,
1116 1818 1327 1866 postremo
1366 1810 1576 1864 τάῤῥοθος

98 1878 207 1930 quod
238 1879 453 1930 Lycopliro
487 1881 696 1933 usurpavit
727 1880 965 1932 praeposita
995 1880 1113 1920 litera
1133 1882 1164 1919 ’τ’
1185 1880 1292 1919 sicut
1320 1878 1418 1919 urbs
1446 1875 1574 1930 εὔαρ-

100 1958 172 1991 νος
199 1946 377 1984 καλεῖται
404 1942 532 1999 ’Ἄρνη
562 1945 630 1986 καὶ
668 1941 750 1986 ἀπὸ
788 1947 860 1999 τῆς
901 1943 1086 1993 ἐντελοῦς
1121 1945 1282 1998 γενικῆς
1314 1939 1464 1997 Ἀρήνη
1503 1941 1573 1984 καὶ

98 2007 124 2064 ἡ
155 2007 260 2064 αὐτὴ
294 2009 434 2064 Τάρνη
465 2012 681 2053 Herodian.
712 2012 797 2052 EM.
833 2012 923 2065 146,
955 2012 988 2053 1.
1057 2013 1099 2053 Si
1126 2022 1224 2052 vero
1256 2011 1335 2051 hoo
1363 2007 1574 2061 τάρῥοθος

99 2082 368 2118 commentum
397 2084 460 2117 est
491 2083 639 2129 poetae
659 2077 923 2118 Alexandrini
950 2078 1197 2118 homericum
1222 2073 1495 2128 ἐπιτάρῥοθος
1514 2077 1573 2117 ita

100 2143 263 2184 solvere
300 2144 513 2197 conantis,
553 2155 685 2195 neque
726 2143 834 2184 aliud
873 2144 1074 2184 invenitur
1113 2142 1366 2183 assumtione
1399 2142 1572 2196 dignius,

99 2209 313 2249 fatebimur
343 2211 481 2262 potius
512 2210 694 2261 ignotum
724 2210 844 2250 nobis
878 2221 972 2250 esse
1004 2208 1098 2261 quid
1127 2219 1266 2248 verum
1295 2208 1348 2248 sit
1379 2218 1499 2260 quam
1528 2212 1572 2249 ut

99 2274 321 2326 probemus
362 2275 471 2327 quod
508 2276 653 2316 falsum
693 2287 788 2317 esse
829 2276 974 2329 possit.
1032 2275 1257 2315 Literarum
1288 2272 1469 2313 ordinem
1499 2284 1572 2313 se-

99 2341 238 2392 quenti
277 2343 502 2393 proximum
542 2346 606 2382 est
643 2341 752 2394 quod
791 2341 1022 2382 Methodius
1066 2341 1247 2391 suggerit
1284 2339 1370 2379 Eu.
1411 2339 1476 2391 73,
1509 2338 1571 2380 10.

98 2402 211 2456 παρὰ
238 2403 285 2447 τὸ
315 2404 434 2460 ἄλφω
462 2408 614 2460 γίνεται
643 2403 859 2461 ἀλφίβοια·
897 2404 1090 2453 πολλάκις
1119 2403 1162 2445 oz
1186 2401 1234 2445 τὸ
1263 2408 1287 2445 ὃ
1316 2402 1360 2444 ἐν
1387 2403 1437 2457 τῆ
1467 2413 1571 2444 συν-

97 2469 209 2512 θέσει
249 2472 303 2520 εἶς
341 2475 361 2513 ἑ
389 2471 673 2527 μεταβάλλεται
704 2472 773 2514 καὶ
806 2488 883 2527 την
920 2484 960 2514 σι
997 2468 1295 2526 προςλαιιβάνει
1324 2464 1415 2511 οἷον
1450 2467 1569 2510 ἑλκό-

98 2540 247 2585 πεπλος
274 2535 564 2590 ελκεσίπεπλος,
609 2540 903 2593 Πρωτεσίλαος,
943 2538 1247 2592 πηγεσίμαλλος,
1289 2547 1393 2589 quae
1424 2535 1568 2577 eodem

99 2602 222 2643 modo
252 2604 463 2646 traduntur
493 2607 532 2646 in
560 2606 687 2658 Epim.
713 2606 842 2647 Cram.
864 2607 890 2647 Ι.
917 2605 1006 2648 176.
1036 2604 1108 2646 sed
1133 2604 1212 2645 hoo
1233 2602 1424 2655 amplius:
1469 2599 1569 2642 ἔνιοι

99 2665 142 2708 δὲ
178 2663 260 2707 ἀπὸ
295 2668 525 2721 μελλόντων
561 2667 668 2712 αὐτὰ
696 2673 1024 2725 σχηματίζονται,
1068 2670 1153 2710 τῶν
1181 2668 1337 2710 διπλῶν
1363 2665 1436 2721 μὲν
1462 2663 1569 2708 ἀνα-

99 2731 323 2787 λυομὲνων,
353 2737 429 2777 τοῦ
456 2734 499 2777 δὲ
525 2739 548 2777 ε’
577 2739 935 2792 παρεμπίπτοντος.
1006 2736 1132 2788 Cujus
1163 2735 1392 2778 sententiae
1422 2738 1568 2776 auctor
