1731 3021
139 173 231 216 396
566 171 1001 214 DISSERTATIO
1043 172 1140 213 vm.

138 296 214 329 πος
242 280 418 332 τοπίτης.
476 279 569 322 Non
612 281 894 333 improbabilis
934 280 1037 321 haec
1074 280 1234 321 videtur
1273 284 1512 334 conjectura
1548 297 1619 337 νη-

140 348 252 401 ρίτης
282 352 321 388 et
351 342 546 400 ἀναρίτης
576 352 633 387 (ut
666 345 793 400 νήττα
822 349 941 399 anas)
974 346 1139 398 proprie
1171 346 1400 396 significare
1438 345 1511 389 τὸν
1539 363 1619 402 νη-

141 410 218 464 ρόν
255 413 470 463 marinum3
511 412 702 465 quodque
741 413 782 452 in
820 413 940 453 Arist..
979 412 1025 453 H.
1063 413 1166 453 Ann.
1205 412 1249 453 V.
1292 413 1352 454 15.
1390 426 1426 466 p.
1457 415 1549 456 547.
1579 414 1618 456 b.

140 481 203 521 IV.
235 480 271 520 4.
303 491 340 531 p.
372 479 463 520 530.
495 490 529 519 a.
569 483 609 519 ct
648 478 815 529 saepius
855 478 1049 529 scriptum
1091 481 1154 517 est
1192 477 1397 531 νηρείτης,
1437 481 1619 521 sortasse

142 545 240 586 nihil
270 544 377 585 aliud
407 556 525 596 quam
556 545 640 585 iota
669 545 832 594 longum
864 543 1015 583 indicat
1047 547 1090 583 ut
1120 538 1323 596 ἀκρείτης,
1354 545 1620 597 χαρακείτης2

142 616 182 652 et
220 611 345 651 multa
385 610 606 662 ejusmodi,
654 610 801 661 quibus
843 609 985 649 nescio
1027 621 1077 649 an
1117 609 1236 661 adfici
1279 611 1416 660 possit
1452 607 1623 662 ἅγλεῖτις

142 674 288 724 οἰκέτις
324 677 420 717 Hes.
458 672 620 729 ἀγλίτης
658 671 815 727 οἰκέτης
853 675 938 715 ΕΜ.
970 686 1149 726 quorum
1191 675 1305 726 origo
1346 675 1455 717 latet.
1520 676 1622 716 Fre-

145 743 332 796 quentior
363 745 426 781 cst
456 742 669 793 longarum
689 740 890 781 vocalium
916 741 1156 780 vicissitudo
1181 738 1389 780 Κάστνιον
1408 764 1461 769 ——
1477 742 1622 780 Καστ-

142 807 306 862 νιήτης·
356 805 434 847 ἔδει
471 804 513 847 ὁὲ
545 803 811 858 Καστνιώτης
846 801 902 852 ὡς
934 803 1150 858 Πηλιώτης
1181 806 1320 857 Slcpll.
1352 807 1418 858 qui
1449 818 1473 846 a
1502 808 1621 847 Simi-

142 876 250 916 lihus
282 870 513 926 Κασιώτης,
548 868 824 925 Ζεφυριώτης,
875 868 1172 924 Πηλουσιώτης
1210 871 1320 912 ducit
1358 876 1399 912 et
1438 883 1462 912 a
1500 873 1620 912 femi-

141 942 247 983 ninis
273 936 540 992 Ἐλιμειώτης,
567 933 935 990 Ἀλεξανδρειώτης,
966 934 1292 990 Μασσαλιώτης,
1338 937 1447 989 quod
1487 942 1621 978 tamen

141 1019 225 1049 non
255 1018 348 1047 raro
382 1017 454 1058 por
486 1010 549 1045 eta
581 1004 773 1045 scribitur
812 1016 846 1044 v.
879 1003 928 1044 ad
960 1003 1106 1054 Phryn.
1138 1003 1228 1044 700.
1269 1003 1319 1044 ad
1348 1004 1497 1045 Buttm.
1526 1004 1618 1045 433.

141 1084 218 1114 nec
259 1072 392 1113 solum
439 1070 546 1123 apud
583 1070 812 1122 scriptores
857 1070 1038 1121 ionicos,
1089 1080 1260 1120 quorum
1305 1073 1368 1109 cst
1402 1063 1623 1122 Ἰταλιήτης

141 1138 332 1181 Antiooh.
363 1150 425 1190 ap.
455 1137 625 1187 Dionys.
655 1137 766 1175 Antt.
796 1135 823 1175 Ι.
857 1134 917 1175 12.
949 1135 1109 1185 (omiss,
1139 1135 1179 1174 in
1221 1135 1308 1187 Th.)
1349 1136 1540 1187 Μαιῆται
1581 1139 1622 1176 et

142 1206 327 1258 Μαιῆτις
356 1202 504 1244 Herod.
546 1202 618 1243 scd
657 1201 762 1242 idom
802 1211 1091 1252 nonnunquam
1122 1212 1194 1252 per
1224 1204 1279 1250 ὠ,
1319 1205 1360 1240 ut
1392 1196 1621 1254 Ἱστιαιῆτις

144 1276 184 1314 et
206 1267 459 1317 Ἱστιαιῶτις,
500 1281 580 1309 11110
621 1273 756 1327 auten}
792 1266 913 1306 modo
959 1266 1166 1316 Φθιῶτις,
1212 1267 1493 1313 Θεσσαλιῶτις.
1560 1266 1621 1307 Illi

141 1349 240 1378 vero
271 1337 470 1377 Μαιῶται
501 1335 621 1375 ctiam
651 1335 814 1373 Μαϊται
851 1331 1111 1371 nominantur
1149 1332 1189 1371 in
1228 1331 1355 1373 Insor.
1393 1345 1428 1373 v,
1466 1332 1620 1373 Boekli.

142 1403 230 1443 Vol.
260 1402 306 1443 11.
338 1413 374 1453 p.
408 1401 498 1442 101.
557 1399 774 1441 Nominum
810 1394 1001 1450 Φιλήτης,
1037 1392 1225 1449 Φιλώτης
1255 1403 1292 1437 ot
1327 1398 1533 1445 Φιλοίτιος
1558 1398 1621 1438 si·-

142 1468 403 1510 militudinem
447 1477 572 1518 supra
603 1466 736 1517 attigi3
776 1470 984 1517 postremo
1026 1463 1269 1504 simillimum
1310 1470 1371 1504 est
1399 1464 1622 1515 Agroetius

145 1533 403 1576 Grammatici
434 1542 582 1571 nomen
613 1531 663 1570 ab
691 1526 898 1583 Ἀγροίτης
933 1529 1157 1570 derivatum
1194 1533 1237 1569 ut
1276 1530 1485 1581 Μενοίτης
1523 1531 1621 1569 Με-

141 1601 302 1646 νοίτιος.
360 1598 446 1637 Jam
476 1597 556 1636 hoo
579 1591 788 1649 Ἀγροίτης
819 1608 869 1636 ex
899 1591 1075 1647 ἀγρότης
1105 1596 1254 1634 factum
1286 1605 1381 1635 esso
1408 1594 1623 1635 Gramma-

145 1666 213 1706 tioi
250 1663 356 1704 haud
397 1668 548 1703 temero
589 1662 861 1714 contendunt,
906 1666 1120 1712 utrumque
1169 1660 1217 1700 ab
1257 1655 1382 1712 ἀγρός
1412 1660 1622 1712 ducentes,

143 1730 250 1772 undo
282 1730 402 1770 etiam
433 1723 598 1779 ἀγρίτης
626 1722 681 1774 ὡς
709 1724 834 1775 τόπος
864 1727 1029 1779 τοπίτης
1051 1721 1466 1779 516ρ11.θῑάγρώτης,
1498 1720 1619 1777 ἀγρό-

141 1812 213 1849 της
256 1800 388 1836 autem
430 1805 519 1834 cum
558 1789 730 1846 ἱππότης
771 1792 1090 1845 conferendum,
1134 1787 1298 1844 ἀγρίτης
1337 1804 1430 1837 cum
1460 1790 1622 1844 ἷππίτης

142 1864 239 1905 Hes.
271 1865 310 1902 ot
341 1860 509 1912 proprio
534 1855 725 1912 Ἱππίτης,
757 1860 823 1911 qui
856 1859 976 1899 homo
1011 1858 1130 1899 etiam
1148 1853 1339 1911 Ἱππότης
1368 1857 1514 1898 dicitur
1544 1869 1620 1898 neo

143 1929 282 1970 dubito
315 1927 410 1978 quin
442 1926 491 1965 ab
510 1922 658 1972 Ἵππυς
690 1926 911 1979 propagari
941 1925 1119 1976 potuerit
1149 1919 1342 1978 Ἱππότης
1380 1928 1420 1964 ot
1459 1936 1482 1964 a
1520 1919 1622 1963 Δέν-

142 2010 218 2042 νυς
247 1992 419 2041 (Δεῐυις)
451 1988 674 2044 Δεννύτης.
731 1992 914 2042 Denique
953 1986 1162 2043 ἀνεμώτης
1201 1988 1297 2038 ὄνος
1335 1992 1420 2037 τοῖς
1458 1985 1622 2041 ἀνέμοις

143 2057 351 2112 θυόμενος
379 2059 474 2099 Hos,
506 2062 545 2098 et
577 2056 685 2109 quod
714 2068 788 2108 pro
820 2068 868 2097 co
901 2056 941 2095 in
970 2056 1056 2096 EM.
1089 2057 1284 2109 scriptum
1316 2060 1378 2097 est
1409 2050 1621 2107 ἄνεμύτης,

145 2127 434 2179 propriumque
459 2123 638 2164 Thebani
669 2122 893 2174 proditoris
923 2132 1071 2161 nomen
1099 2117 1327 2174 Ἀνεμοίτας
1355 2126 1394 2161 et
1416 2122 1623 2161 Minervae

143 2198 288 2233 ventus
319 2190 619 2242 tranquillantis
651 2189 862 2240 epitheton
885 2184 1099 2239 Ἀνεμῶτις
1128 2188 1247 2229 Paus.
1277 2189 1339 2228 IV.
1369 2187 1434 2239 35,
1465 2187 1502 2227 5.

254 2296 293 2337 ὃ.
326 2290 363 2329 2.
422 2289 538 2329 Nunc
570 2287 700 2327 dicam
731 2285 898 2325 vocales
931 2286 1131 2337 ancipites
1164 2286 1368 2337 quomodo
1397 2297 1502 2325 nunc
1524 2297 1622 2326 cor-

145 2357 343 2407 ripiuntur
375 2360 514 2394 contra
545 2358 868 2412 naturam—nunc
900 2351 1190 2402 producuntur.
1248 2351 1402 2402 Regula
1442 2356 1506 2391 ost
1545 2363 1622 2391 an·-

147 2422 314 2473 tiquitus
346 2419 502 2460 sancita
532 2414 581 2457 τὰ
610 2417 664 2464 εἰς
694 2431 778 2469 ιτης
805 2415 942 2468 μακρά
972 2414 1053 2456 ἐστι
1083 2417 1168 2457 ΕΜ.
1199 2417 1292 2469 447,
1323 2417 1386 2458 27.
1418 2429 1522 2469 quac
1543 2429 1622 2470 pa-

143 2487 239 2527 ritor
269 2486 377 2525 valet
408 2485 456 2524 de
487 2483 718 2524 nominibus
749 2484 789 2523 111
819 2474 916 2536 υ-τῖῖς
947 2482 1150 2523 derivatis.
1209 2483 1321 2524 Illum
1352 2483 1520 2523 violavit
1548 2482 1622 2523 Ja-

232 2673 270 2715 2)
295 2671 395 2705 Anlh.
423 2671 479 2705 VI.
504 2671 581 2707 294.
607 2672 832 2715 παρακειίαν
858 2669 1026 2713 νάρθηκα
1053 2669 1252 2713 κροτάφων
1275 2668 1460 2712 τιλάκιορα
1493 2669 1617 2709 νηπιά-

144 2742 223 2773 χων
247 2729 380 2765 correxi
406 2729 631 2771 χαρακείτιιν
655 2726 690 2761 id
709 2730 762 2763 est
779 2727 993 2769 χαρακιίην,
1013 2725 1097 2766 fissa
1116 2726 1246 2759 arundo
1264 2726 1418 2770 Propert.
1442 2724 1495 2759 lV.
1519 2726 1551 2767 7,
1563 2724 1617 2760 25.
