1699 3021
271 175 340 217 DE
371 174 552 218 NOMIN.
581 173 634 215 IN
662 164 716 214 ᾗ
741 172 1086 216 EXEUNTIBUS.
1126 174 1167 216 C.
1189 175 1216 216 I.
1257 179 1295 223 §.
1316 175 1352 217 2.
1495 175 1548 217 91

79 281 237 338 κεφαλή
265 284 352 325 EM.
382 281 585 324 σκύταλον
620 283 769 324 collum
799 283 863 323 vel
895 283 1001 323 cutis
1039 282 1134 323 colli
1173 282 1266 323 Seh.
1294 283 1420 323 Arist.
1449 284 1548 324 Avv.

81 350 199 392 1284.
230 354 270 391 et
293 348 473 403 σκυτάλη
500 351 657 391 scutica
675 349 753 389 nisi
774 353 882 388 errat
904 348 1145 399 Hesychius.
1182 348 1438 388 Homericum
1459 343 1549 388 οὐδ’

79 412 158 455 ἅλα
186 414 301 468 δοίης
327 417 510 457 nonnulli
541 413 697 456 οὕδαλα
726 415 982 465 scripserunt
1013 414 1091 454 hoc
1123 417 1186 453 est
1215 410 1365 464 κόπρια
1391 409 1417 452 ἃ
1438 412 1550 464 παρὰ

77 481 136 536 τῷ
176 477 288 521 οὔδει
316 485 442 521 κεῖται
472 482 564 522 Sch.
596 480 667 522 Od.
697 480 813 520 XVll.
844 480 935 520 455.
966 480 1103 531 inepte
1138 479 1309 531 quidem.
1375 479 1437 519 Ab
1472 478 1549 519 ad-

73 547 228 598 jectivo
260 545 394 600 κυφός
423 548 610 588 Meletius
643 546 692 587 de
722 545 812 586 Nat.
843 546 957 586 Hom.
988 545 1014 586 I.
1045 545 1109 586 52.
1138 542 1296 597 κεφαλή
1325 544 1549 585 derivatum

77 616 216 665 putat,
248 616 363 664 cujus
394 614 569 653 nominis
601 611 764 663 species
795 611 990 663 plurimae
1020 616 1138 651 sunt:
1177 607 1334 663 γαβαλή
1365 614 1405 651 et
1433 606 1547 662 κυφή

78 688 143 728 ap.
180 678 356 729 Hesych.
395 677 500 732 κυβή
541 679 676 720 Schol.
714 677 894 717 Phoenn.
928 677 1043 718 1151.
1082 677 1123 716 in
1165 687 1354 716 sermone
1393 676 1548 727 vulgari

78 739 196 795 κόβη,
215 744 248 768 ¹5
278 741 426 796 κύμβη,
457 744 648 797 σκυφίου,
679 744 860 795 σκουφία
888 755 923 784 v.
953 743 1015 783 Du
1032 743 1154 793 Cang.
1187 754 1218 783 S.
1250 739 1370 794 Κόβη
1401 746 1440 782 01
1463 742 1549 782 Co—

78 819 172 848 raes
203 808 254 849 ad
283 809 484 851 Plutarch.
513 810 554 850 T.
576 810 602 851 Ι.
621 810 712 850 441.
739 809 953 860 Adjcctiva
973 813 1106 848 antem
1129 809 1220 859 ipsa
1242 809 1386 859 partim
1410 820 1433 848 a
1453 819 1549 848 ver—

78 873 142 914 bis
167 875 352 914 oriuntur
373 875 664 916 1101110101011115
685 875 864 925 αἴκαλος,
895 874 1096 925 δαίδαλος,
1125 869 1272 921 ἁπαλός
1302 879 1340 914 et
1361 869 1549 914 ἀτάσθα-

77 941 159 989 λος,
192 950 422 990 quanquam
453 940 501 980 de
532 941 594 980 his
626 940 825 980 dissident
856 940 1068 979 doctorum
1093 939 1248 990 judicia
1268 952 1303 981 v,
1324 940 1365 981 C.
1390 940 1435 981 ΙΙ.
1456 945 1493 988 §.
1514 940 1549 981 1.

77 1006 224 1057 partim
250 1004 300 1044 ab
325 1004 548 1045 adverbiis:
580 1001 661 1045 ἀπὸ
685 1007 760 1045 τοῦ
788 998 868 1058 ἧκα
893 1004 1142 1057 παραγωγὸν
1170 1002 1320 1057 ἤκαλος
1349 1003 1418 1046 καὶ
1445 1000 1551 1046 κατὰ

77 1067 283 1123 συστολὴν
311 1066 462 1117 ἄκαλος
492 1070 602 1111 Suid.
626 1075 665 1110 et
684 1071 769 1110 ΕΜ.
791 1071 875 1121 (ubi
897 1072 1048 1110 rectius
1069 1065 1233 1116 ἀκαλός)
1265 1082 1288 1110 a
1305 1071 1430 1122 χαμαί
1448 1074 1548 1123 χθα-

77 1133 206 1189 μαλός
235 1136 300 1176 vel
330 1141 371 1176 ut
401 1147 509 1176 nunc
539 1135 675 1176 dicunt
703 1133 883 1188 χαμαλός
912 1148 947 1175 V.
979 1136 1134 1175 Coraes
1165 1135 1215 1175 ad
1239 1136 1372 1176 Strab.
1398 1148 1434 1187 p.
1456 1136 1547 1178 212.

80 1208 119 1244 et
149 1203 199 1242 ab
230 1197 357 1254 ἀγκάς
387 1213 469 1241 11011
500 1201 632 1241 50111111
662 1197 886 1253 ἀγκάζομαι
915 1200 987 1241 sed
1014 1202 1133 1241 etiarn
1160 1198 1348 1252 ἄγκαλος,
1376 1198 1546 1254 ἀγκάλη,

77 1264 351 1321 ἀγκαλίζομαι.
399 1267 499 1307 Pars
531 1268 650 1307 eliam
681 1268 731 1307 ab
762 1267 994 1318 adjectivis:
1026 1263 1233 1319 βαύκαλος
1256 1262 1369 1318 παρὰ
1388 1264 1551 1319 τὸβαυ-

77 1332 151 1382 κός
179 1334 265 1375 ΕΜ.
295 1345 319 1374 a
348 1329 464 1385 σιμὸς
484 1334 652 1385 σίμαλος
682 1334 818 1373 Tzetz,
840 1333 980 1373 l‘osth.
1002 1333 1093 1373 377.
1117 1332 1333 1383 (omissum
1352 1332 1392 1371 in
1411 1331 1547 1385 Thes.)

79 1405 119 1441 et
149 1400 358 1451 proprium
388 1400 570 1450 Σίμαλος
607 1400 727 1440 Α11111.
758 1398 822 1439 IX.
856 1409 892 1439 n.
924 1398 1013 1439 744.
1051 1400 1199 1438 Anacr.
1228 1397 1384 1448 Fragm.
1414 1397 1547 1438 CXXI.

78 1462 179 1518 ὁμός
208 1463 350 1517 ὅμοιος
379 1461 541 1516 ὁμαλός,
573 1462 747 1517 στραβός
777 1461 1001 1517 στραβάλος
1030 1463 1126 1515 (sio)
1146 1464 1240 1504 Hes.
1267 1459 1455 1515 εὔτροχος
1474 1458 1548 1503 εὐ-

76 1529 292 1584 τρόχαλος,
322 1527 514 1583 ὑπέρβιος
541 1526 813 1582 ὑπερφίαλος,
845 1529 954 1582 qnod
987 1530 1054 1569 alii
1083 1541 1157 1581 pro
1188 1525 1405 1582 ὑπερφυής
1434 1530 1548 1569 acci-

78 1599 192 1651 piunt
221 1610 257 1638 v,
287 1598 467 1638 Nitzsch.
497 1596 548 1637 ad
579 1596 726 1647 Odyss.
758 1597 818 1638 IV.
849 1609 884 1637 ν.
916 1594 1007 1637 659.
1039 1595 1089 1634 ab
1120 1590 1229 1641 ὠκύς
1258 1590 1442 1641 ὠκύαλος
1464 1608 1548 1634 πα-

79 1660 244 1716 ραγωγή
283 1658 549 1711 ὡς’Ἀταλος,
592 1659 776 1709 Βάταλος
816 1662 952 1703 Sollol.
983 1661 1025 1701 lt.
1054 1660 1135 1701 XV.
1168 1660 1257 1701 705.
1299 1672 1334 1700 v.
1364 1660 1465 1700 Adn.
1497 1659 1547 1700 ad

78 1732 142 1781 Aj.
173 1729 264 1770 708.
322 1729 380 1768 De
411 1728 571 1767 duobus
601 1728 852 1767 hariolantur
884 1726 1160 1767 Grammatici:
1196 1721 1436 1776 ἀμάνδαλον
1455 1720 1547 1765 Ἀλ-

78 1797 194 1842 καῖος
223 1790 270 1833 τὸ
300 1789 456 1846 ἀφανὲς
484 1789 697 1843 ὑπερθέσει
727 1789 816 1832 ἀντὶ
846 1793 921 1832 τοῦ
951 1787 1190 1843 ἀμάλὸανον
1218 1786 1299 1830 ἀπὸ
1320 1791 1396 1830 τοῦ
1416 1786 1547 1842 ἄμαλ-

79 1857 193 1900 ὁύυω
223 1860 308 1900 ΕΜ.
340 1864 377 1899 et
409 1854 625 1910 ἄμίσαλλος
653 1853 742 1897 ἀντὶ
771 1857 846 1897 τοῦ
874 1853 1116 1909 ἀμίσγαλλος
1145 1851 1168 1896 ὁ
1195 1852 1250 1909 μὴ
1275 1853 1382 1910 ἄλλῳ
1402 1852 1547 1908 μισγό-

78 1941 199 1979 μενος
234 1920 317 1965 κατ’
358 1922 515 1964 ἔνδειαν
544 1924 618 1963 τοῦ
647 1925 679 1975 27
709 1918 800 1963 οἷον
829 1918 1041 1974 ἆμίσαλλοί
1068 1936 1108 1962 τε
1136 1918 1320 1974 γέροντες
1349 1922 1434 1962 EM.
1464 1933 1545 1973 quo

79 1993 146 2044 qui
176 2003 276 2031 usus
310 1995 373 2030 est
405 1991 490 2030 sive
519 1989 790 2029 Callimachus
830 1993 872 2028 ut
902 1988 1081 2028 Naekius
1111 1989 1346 2040 suspicatur
1374 1988 1415 2026 in
1444 1987 1546 2028 Mus.

77 2058 201 2099 Rhen.
234 2057 275 2097 T.
307 2057 349 2097 V.
381 2068 417 2107 p.
445 2056 481 2096 4.
523 2057 609 2095 sive
641 2055 731 2106 quis
762 2054 886 2106 alius,
930 2064 1014 2093 non
1053 2053 1172 2094 video
1212 2065 1283 2094 eur
1320 2064 1547 2093 consonam

78 2123 191 2163 verbi
221 2123 398 2162 nativam
429 2121 669 2162 exscindere
700 2132 818 2172 quam
849 2115 1064 2172 ἀμίξαλλος
1092 2119 1242 2170 fingere
1271 2119 1458 2159 maluerit
1482 2118 1546 2159 vel

172 2268 228 2309 15]
268 2267 396 2302 anog
424 2264 441 2299 ὁ
466 2263 597 2308 κωβιός
623 2264 775 2304 Theogn.
807 2262 915 2297 (Iram.
945 2264 987 2297 ll.
1016 2263 1058 2297 54
1105 2272 1206 2305 quem
1233 2262 1364 2305 piscem
1389 2272 1407 2296 a
1433 2262 1547 2304 capite

81 2325 127 2358 ita
152 2324 360 2357 nominatum
394 2327 478 2356 esse*
508 2321 657 2355 ostendit
691 2319 867 2363 epitheton
899 2317 1028 2360 msto,-
1060 2317 1258 2361 ι)’1”·κ(ξρι,ιύς
1288 2317 1439 2352 Marcell.
1474 2317 1546 2351 sid.

80 2389 110 2412 v.
138 2379 191 2414 24.
218 2376 340 2410 Κιὶπια
369 2375 528 2420 σκόροδα
565 2377 646 2411 lies.
681 2375 821 2409 latinum
846 2384 946 2417 caepe
978 2374 1032 2408 vel
1067 2383 1202 2416 porrum
1235 2374 1431 2415 capitatum.
1478 2375 1545 2404 Γα-

79 2433 169 2477 βιιλή
197 2432 280 2466 illud
313 2437 492 2467 accentum
518 2431 622 2466 habet
645 2431 822 2474 synonymi
848 2428 1007 2472 κεφαλή,
1037 2428 1128 2472 quod
1154 2432 1267 2462 tamen
1295 2437 1398 2461 unum
1423 2428 1456 2461 in
1482 2420 1546 2469 ‹de

81 2494 252 2532 oxytonon
280 2498 357 2523 0550
385 2487 486 2521 tradit
510 2487 726 2522 Herodianus
752 2499 787 2518 ,1.
817 2488 907 2518 ,11011
936 2495 967 2528 p.
999 2484 1052 2520 39.
1082 2483 1118 2516 τὸ
1144 2483 1213 2527 γὰρ
1240 2482 1349 2523 (ὶλιιλὴ
1377 2482 1416 2514 οὐ
1439 2482 1547 2526 (Τι’-σει

80 2543 324 2589 τρισύλλαβον,
352 2552 419 2586 qno
447 2552 630 2586 apocopen
657 2543 715 2574 τοῦ
742 2539 904 2583 (ὶλαλαγή
929 2539 1124 2583 significare
1149 2538 1293 2573 videtur.
1342 2538 1410 2572 Alii
1435 2536 1546 2578 (ὶλάλη

82 2600 292 2642 scripserunt
315 2597 388 2632 En.
414 2598 477 2633 sed
502 2597 671 2631 Arcadius
707 2599 782 2632 sine
815 2596 918 2630 dubio
956 2593 1087 2634 ἀλαλή,
1120 2604 1187 2628 11011
1222 2597 1257 2627 111
1282 2593 1411 2629 editum
1436 2596 1490 2628 est
1513 2602 1546 2636 p.

85 2654 158 2690 108.
185 2653 241 2687 ubi
267 2663 328 2697 pro
357 2652 508 2696 δἐιμιὲλη
546 2657 697 2697 praestat
727 2651 869 2696 δαμάλη
904 2660 1032 2695 ponere
1065 2659 1167 2694 quam
1198 2659 1276 2685 curn
1308 2648 1345 2683 L.
1370 2647 1546 2684 Dindorlio

83 2709 185 2745 Thes,
219 2709 345 2751 Διμίλη
372 2709 466 2744 urbis
490 2709 648 2752 Illyricae
672 2719 798 2746 nomen
825 2706 1118 2744 obscurissimum.
