1731 3021
135 171 220 215 144
607 166 1034 210 DISSERTATIO
1075 167 1121 208 II.

135 283 248 323 certe
292 289 377 321 non
421 277 627 331 ignoravit
669 277 747 317 hac
784 277 946 318 ratione
985 277 1051 317 vix
1091 271 1382 330 οἰλφεσίβοια12
1420 278 1615 331 explicari

133 359 275 401 posse,
304 345 452 387 nedum
486 344 782 396 Πρωτεσίλαος,
812 343 1087 395 ταμεσίχροος,
1118 339 1385 396 ἐγχεσίμωρος
1403 343 1513 396 quod
1528 344 1616 384 Eu-

133 413 310 455 stathius
340 411 434 464 403,
464 411 528 452 44.
560 421 650 450 cum
677 409 972 462 πηγεσίμαλλος
991 410 1208 449 consociat
1230 413 1269 450 et
1292 409 1394 461 alia3
1427 408 1501 450 sed
1526 410 1616 450 for-

133 484 248 521 tasse
280 479 340 520 sic
370 477 449 518 sibi
478 476 686 529 persuasit
711 474 906 527 Graecos,
938 486 1059 526 quum
1080 474 1182 515 haec
1200 475 1410 529 fingerent,
1441 475 1614 520 animum

130 545 360 588 intendisse
389 542 439 583 ad
468 541 672 582 vocabula
703 551 874 592 quorum
906 552 953 580 ea
973 544 1119 580 natura
1150 545 1213 581 est
1244 545 1286 581 ut
1317 551 1392 592 pro
1423 540 1615 581 necessi-

132 617 217 654 tate
249 609 514 652 scribentium
546 606 708 658 epsilou
734 610 772 646 et
802 607 988 658 recipere
1009 608 1173 658 possint
1199 611 1238 647 el.
1257 618 1456 659 respuere
1481 602 1614 658 ἀλάμ-

132 691 251 724 πετος
281 673 523 727 ἀριδείκετος
562 668 799 724 ἀπεύχετος,
842 676 964 724 atque
995 671 1088 712 hinc
1117 672 1318 723 gradatim
1349 673 1614 724 processisse

133 745 185 786 ad
213 744 293 784 alia
323 741 470 794 quibus
502 750 551 779 ea
578 738 698 778 litera
728 749 800 789 per
831 749 877 777 se
908 738 1041 778 aliena
1062 738 1135 778 sed
1158 742 1201 777 ut
1223 749 1386 778 versum
1404 738 1613 778 heroicum

130 811 283 851 intrare
322 806 485 859 possint
519 803 763 863 necessu-[ia
802 807 887 854 est3
941 814 990 843 ac
1019 804 1190 855 primum
1219 803 1380 855 quidem
1408 804 1478 844 illa
1508 814 1613 855 quae

133 887 222 917 cum
254 873 399 914 suturis
437 872 478 910 in
517 869 572 919 ξω
606 873 645 910 et
673 875 740 917 ψω
773 869 1017 910 exeuntibus
1049 870 1282 921 composita
1311 873 1405 910 sunt
1436 869 1613 921 duplici-

130 942 209 983 bus
241 938 455 980 dissolutis
486 935 828 988 καμπεσίγουνος,
860 935 1178 987 θελγεσίμυθος,
1209 931 1520 987 ἀρχεσίμολπος,
1558 938 1611 988 et,

131 1009 166 1049 si
196 1017 247 1047 ne
278 1005 338 1045 sic
370 1002 530 1055 quidem
560 1006 690 1042 metro
723 1001 978 1054 sufficerent,
1012 1006 1203 1053 correpta
1232 1002 1367 1041 vocali
1394 1001 1611 1053 principali

129 1069 382 1124 λιπεσήνωρ,
423 1073 490 1108 aut
530 1068 764 1109 sublatione
804 1078 1016 1118 syncopae
1054 1067 1318 1119 ταμεσίχροος
1355 1078 1429 1118 pro
1463 1066 1609 1118 τμησί-

127 1152 260 1192 χροος.
278 1135 313 1162 13
382 1133 667 1185 Πρωτεσίλαος
696 1144 793 1173 vero
836 1137 875 1173 et
915 1133 949 1174 si
981 1132 1076 1184 quid
1108 1132 1216 1172 aliud
1246 1144 1270 1172 a
1299 1132 1462 1172 nomine
1494 1131 1609 1172 ordi-

131 1211 208 1258 tur,
238 1202 463 1244 imitatione
493 1210 736 1252 expressum
766 1198 925 1239 videtur
956 1210 1005 1239 ex
1034 1198 1084 1237 iis
1106 1209 1210 1249 quae
1232 1209 1321 1238 cum
1344 1197 1480 1238 dativo
1502 1208 1609 1238 con-

125 1275 271 1324 juncta
300 1272 394 1310 sunt
425 1267 571 1318 partim
598 1265 761 1317 hyphen
783 1259 912 1316 ’Λργώ
937 1260 1229 1316 πασιμέλουσα,
1262 1264 1468 1316 partimin
1486 1275 1608 1305 unum

131 1347 285 1388 corpus
317 1333 557 1374 coaluerunt
592 1331 822 1384 Πασίφιλος
846 1329 962 1371 Diod.
983 1330 1066 1370 XX.
1090 1329 1153 1370 (57.
1186 1327 1492 1382 Μηδεσικάστη,
1523 1344 1607 1370 τει-

128 1397 379 1457 χεσιπλήτης,
410 1398 769 1452 ὅακρυσίστακτος,
799 1393 1117 1448 ναυσιφόρητος.
1157 1395 1503 1444 Quemadmodum
1529 1407 1608 1437 au-

129 1475 210 1512 tem
240 1468 390 1509 nullius
420 1465 608 1515 imaginis
639 1468 719 1504 tam
750 1463 935 1516 perfecta
964 1466 1027 1503 est
1059 1461 1279 1502 similitudo
1311 1462 1407 1513 quin
1432 1461 1483 1502 ad
1503 1474 1608 1514 pro—

128 1537 309 1590 positum
345 1531 571 1583 exemplum
611 1531 746 1582 aliqua
777 1540 826 1569 ex
855 1533 971 1581 parte
1002 1527 1181 1580 deficiat,
1221 1528 1281 1568 sic
1312 1527 1362 1567 ab
1398 1527 1480 1568 illis
1517 1529 1606 1571 dis-

129 1604 298 1653 crepant
337 1593 588 1651 σοιρξιφάγος
628 1596 808 1646 Theogn.
850 1594 976 1635 Beklz.
1017 1605 1054 1645 p.
1090 1594 1207 1636 1417.
1243 1594 1281 1634 b.
1322 1588 1604 1647 ἀλγεσίδωρος,

130 1665 439 1715 Γαλαξίδωρος,
483 1674 533 1702 ea
569 1673 613 1702 re
653 1660 762 1712 quod
792 1662 832 1700 in
862 1660 925 1700 his
956 1659 1081 1700 dativi
1111 1660 1354 1711 significatio
1385 1661 1496 1701 nulla
1525 1673 1604 1714 ap-

126 1736 264 1786 paret,
301 1729 516 1781 dupliciter
546 1738 644 1767 vero
674 1723 966 1778 ποεσιτρόφος,
1009 1726 1104 1778 quia
1134 1737 1223 1766 cum
1255 1726 1419 1767 nomine
1450 1727 1604 1778 primae

126 1796 412 1840 declinationis
444 1793 679 1846 copulatum
711 1797 796 1846 est,
836 1797 875 1833 et
905 1792 1145 1843 longissime
1174 1791 1466 1845 τηλεσίφαντος
1494 1792 1605 1844 quod

123 1876 175 1906 ne
216 1874 305 1904 cuin
341 1861 505 1901 nomine
545 1858 707 1910 quidem
750 1859 799 1899 cf.
840 1857 890 1898 ad
928 1858 1076 1909 Phryn.
1107 1857 1199 1900 (384.
1231 1862 1271 1899 et
1301 1856 1391 1899 768.
1449 1856 1603 1898 Eadem

124 1935 259 1972 autem
296 1929 359 1968 vis
399 1925 696 1978 synecdromae
736 1923 971 1964 verbalibus
1020 1925 1312 1977 λυπησίλογος,
1355 1923 1601 1976 τιμησίθεος,

123 1994 426 2048 κρατησι’πους,,
444 1991 718 2043 Χαιρησίλαος
744 1990 863 2030 Paus.
891 1989 954 2030 IX.
974 1989 1038 2042 20,
1060 1990 1094 2030 1.
1128 1989 1371 2041 adaequavit
1391 1990 1601 2041 proprium

117 2058 393 2116 Ἑρμησιάναξ
427 2054 674 2111 (Ἑρμῶναξ)
714 2060 753 2096 et
784 2055 995 2108 epitheton
1035 2052 1318 2108 Μελησιγενής
1346 2065 1421 2106 pro
1452 2056 1600 2108 Metaq-

123 2124 300 2181 τογενής.
369 2126 539 2166 Tantum
579 2123 627 2163 de
667 2122 953 2173 interjectione
993 2132 1144 2173 graeca
1183 2132 1302 2172 quam
1341 2120 1600 2161 Grammatici

124 2193 331 2246 opinionis
363 2203 503 2232 errore
527 2191 605 2231 sibi
631 2189 843 2229 finxerunt.
900 2187 1046 2228 Latina
1076 2191 1209 2227 autem
1241 2187 1529 2238 prosimurium
1560 2192 1599 2228 et

121 2257 355 2312 persesacul
383 2257 433 2297 ab
455 2256 657 2298 obsoletis
689 2254 861 2294 vocibus
882 2264 1007 2304 prose
1039 2257 1077 2293 et
1108 2253 1483 2304 perse-composita
1503 2264 1598 2294 esse

122 2326 340 2366 multorum
362 2324 500 2375 opinio
522 2326 598 2363 est.
660 2319 741 2360 Sed
772 2331 795 2358 a
827 2318 1073 2359 Graecorum
1108 2319 1348 2361 commentis
1377 2329 1462 2358 non
1491 2318 1598 2359 mul-

124 2396 205 2431 tum
247 2391 411 2431 aberrat
451 2389 567 2429 Gellii
605 2385 811 2428 sententia
850 2383 968 2425 XVII.
1008 2384 1045 2437 2,
1078 2384 1138 2426 17.
1182 2386 1424 2426 sermonarz'
1458 2386 1597 2425 rusti—

212 2589 268 2631 12]
302 2589 365 2622 Pro
393 2586 613 2630 ἆλᾳησίβοια
640 2587 743 2628 puto,
768 2587 805 2617 ut
831 2581 1109 2627 ([οβεσιστράῑη.

211 2665 268 2706 13)
304 2665 339 2697 Si
367 2664 510 2699 Graecis
535 2663 697 2698 libuisset
730 2661 835 2697 verbo
861 2663 993 2703 ταμεῖν
1024 2660 1232 2697 subnectere
1265 2669 1411 2702 nomen,
1446 2658 1595 2702 τάμεσις

119 2722 287 2754 (lixissellt
311 2722 346 2752 ul
363 2721 511 2762 γένεσις.
