1731 3021
121 173 212 214 422
586 170 1019 213 DISSERTATIO
1080 169 1143 211 lX.

121 278 270 328 οώσιος
299 293 323 321 a
357 278 559 328 Θεόδοτος
588 280 768 321 adbibita
799 280 949 331 ectasi,
995 290 1100 330 quae
1132 280 1248 318 etiam
1278 280 1319 318 in
1345 279 1599 330 simplicibus

122 344 275 398 ὁώτης,
307 344 438 399 βώτης
469 346 817 408 cern—itun-Nuno
842 356 908 384 res
938 345 1032 395 ipsa
1062 343 1252 384 admonet
1281 348 1326 384 ut
1356 344 1404 385 de
1435 356 1602 397 permu-

124 413 278 453 tatione
309 413 517 453 literarum
545 426 567 451 τ
597 416 636 452 et
666 420 690 451 6
720 421 934 463 exponam.

234 494 272 537 ς.
304 489 341 529 2.
401 488 604 529 Arcadius
643 488 668 527 l.
702 498 734 527 e.
775 486 1008 526 nominibus
1048 485 1398 537 proparoxytonis
1436 496 1541 537 quae
1579 496 1604 526 a

123 555 258 594 futuro
300 553 483 594 derivata
513 565 609 594 esse
639 552 853 594 constituit
892 546 1071 603 ὀρθώσω
1110 545 1341 601 ὀρθώσιος,
1371 547 1606 603 φυλάξομαι

123 618 334 673 φυλάξιος,
368 620 562 660 continuo
595 618 705 658 addit
733 613 781 657 τὸ
809 613 949 669 μέντοι
976 613 1118 669 πλήσω
1147 616 1316 668 πλησίος
1344 614 1414 656 καὶ
1442 613 1606 668 δέξομαι

123 682 252 734 δεξιός
281 683 350 725 καὶ
379 682 530 738 ἕψομαι
558 680 685 733 ἑψιός,
717 694 889 735 quorum
920 687 1171 735 postremum
1204 679 1407 735 (ἀνεψιός)
1436 686 1607 734 propter

126 751 422 792 obscuritatem
462 750 632 801 originis
674 749 840 799 omitto·
892 749 1062 799 primum
1092 747 1178 820 Epi.
1212 746 1395 799 15o,15.
1427 753 1466 788 et
1495 747 1606 788 Suid.

127 829 146 858 S
196 818 377 869 Πλησίος
406 817 467 856 sio
498 815 750 865 disceptant:
791 809 837 852 τὸ
876 811 1046 864 πλησίος
1083 806 1134 850 οὐ
1172 807 1284 861 παρὰ
1311 809 1528 887 μἰμέίλοιτα
1569 812 1610 853 οἱ

124 878 204 935 γὰρ
246 880 443 928 Λάκωνες
478 876 529 920 τὰ
569 874 680 931 παρὰ
717 875 914 930 μέλλοντα
953 877 1009 924 εἷς
1042 873 1089 917 τὸ
1125 891 1148 916 τ
1187 872 1238 917 οὐ
1276 874 1496 929 τρέπουσιν
1524 874 1606 919 ἀλλ’

127 943 210 988 ἀπὸ
249 962 271 987 τ
307 947 362 995 εἰς
400 956 443 995 σ,
483 941 670 991 ἐιιαυτός
699 940 905 990 ἐιιαύσιος
933 939 1157 992 ἐνιαύτιος,
1196 943 1374 990 πλοῦτος
1412 940 1609 992 πλούσιος

127 1010 332 1060 πλούτιος.
346 1014 364 1038 8
417 1009 473 1052 Τὸ
507 1008 551 1051 δὲ
580 1010 751 1063 πλησίος
777 1009 943 1062 πλητίος
971 1005 1160 1061 λέγουσιν
1190 1005 1287 1056 ὤςτε
1317 1004 1370 1050 οὐ
1397 1007 1509 1061 παρὰ
1536 1006 1611 1050 τὸν

127 1076 326 1132 μέλλοντα
364 1074 465 1118 ἀλλὰ
498 1073 611 1129 παρὰ
647 1072 695 1116 τὸ
736 1073 842 1115 πέλω
876 1073 923 1116 τὸ
951 1071 1156 1127 πλησιάζει)
1185 1071 1337 1122 πλατός
1365 1073 1433 1115 καὶ
1460 1073 1612 1128 πλητός

127 1143 194 1186 καὶ
225 1146 394 1198 πλησίος
422 1140 477 1191 ὡς
506 1141 708 1195 ἄμβροτος
727 1136 962 1193 ἀμβρόσιος.
1019 1141 1108 1182 Hoc
1128 1141 1294 1187 πλατίος
1316 1141 1484 1192 saepius
1506 1140 1612 1192 legi-

129 1217 192 1251 tur
223 1211 329 1263 apud
360 1211 589 1261 scriptores
622 1207 788 1248 dorieos
819 1207 1089 1258 Diotogenem
1117 1207 1231 1248 Stob.
1255 1206 1360 1247 Flor.
1382 1206 1422 1246 T.
1442 1206 1611 1248 XLVIII.

131 1276 195 1317 63.
235 1289 272 1329 p.
304 1276 407 1328 331,
442 1275 506 1316 50.
547 1274 739 1324 Theagen
779 1272 821 1313 T.
851 1272 878 1312 I.
921 1283 958 1323 p.
989 1271 1025 1312 9.
1064 1273 1104 1312 in
1142 1272 1278 1324 Epigr.
1310 1271 1452 1312 dorico
1489 1273 1610 1314 Anth.

131 1341 241 1381 Plan.
280 1341 326 1383 N.
368 1340 459 1381 249.
500 1343 540 1379 et
578 1339 669 1378 aliis
708 1337 814 1377 locis
853 1348 958 1388 quos
997 1338 1177 1377 Koenius
1214 1337 1366 1377 indicat
1405 1336 1455 1376 ad
1494 1336 1612 1389 Greg.

131 1406 254 1447 267⁹
284 1418 411 1446 eausa
443 1410 577 1444 tamen
606 1409 750 1454 tropae
780 1413 863 1443 non
884 1407 1067 1454 apparet,
1099 1414 1190 1442 nam
1219 1402 1338 1442 iidem
1359 1402 1492 1442 Dores
1516 1400 1612 1454 γνά-

134 1480 222 1519 σιος
251 1471 437 1512 dixerunt
476 1472 591 1513 Stob.
624 1471 665 1511 T.
694 1468 864 1510 LXXIV.
895 1468 960 1510 ol.
990 1479 1028 1519 p.
1058 1468 1150 1521 444,
1181 1468 1245 1509 30.
1279 1468 1321 1509 T.
1348 1467 1518 1508 XLVltt.
1547 1468 1612 1518 64,

133 1549 170 1590 p.
201 1536 294 1588 333,
329 1537 390 1577 18.
423 1548 445 1576 a
474 1533 576 1589 γνής
605 1536 757 1588 (ἴγνης)
789 1530 938 1585 γνητός
967 1529 1208 1585 (ἀείγνητος,
1239 1530 1469 1586 διόγνητος)
1502 1533 1615 1574 deri-

132 1607 281 1654 vatum,
314 1603 420 1642 sieut
450 1602 508 1641 illi
535 1601 702 1647 πλατίος
734 1612 757 1640 a
785 1596 989 1651 πέπλημαι
1017 1595 1180 1650 πλητός,
1210 1597 1316 1638 unde
1341 1599 1615 1649 compositum

133 1664 324 1714 ἄπλατος.
382 1666 577 1718 Ejusdem
621 1666 865 1706 anthithesis
898 1663 1083 1716 exempla
1115 1675 1163 1704 ex
1194 1663 1284 1703 aliis
1315 1663 1616 1703 terminationi—

133 1733 210 1774 bus
238 1733 396 1784 profert
425 1732 511 1772 EM.
547 1730 637 1785 139,
667 1731 734 1772 46.
759 1726 980 1784 Ἀφροὸίτη
1010 1724 1264 1782 ἀφροδίσιος,
1293 1725 1424 1780 ἱκέτης
1453 1724 1614 1787 ἱκέσιος

135 1795 331 1851 δεσπότης
363 1794 601 1847 ὃεσπόσιος,
641 1793 850 1849 συμπότης
879 1791 1126 1847 συμπόσιος,
1164 1791 1343 1847 Φιλήτης
1371 1789 1394 1834 ὁ
1423 1790 1618 1841 Κλέωνος

140 1862 357 1918 Φιλήσιοςζ
367 1864 403 1889 1⁰
450 1862 598 1915 quibus
641 1862 738 1903 alibi
779 1861 1024 1912 adjiciuntur
1064 1860 1113 1900 ab
1158 1859 1369 1912 adjectivis
1411 1859 1615 1911 copulatis

136 1934 366 1982 propagata
387 1924 637 1975 Ἀθανάσιος
667 1933 705 1968 et
722 1923 956 1980 ἀμβρόσιος,
989 1925 1214 1977 eodemque
1240 1925 1418 1966 adscribi
1438 1927 1616 1976 possunt

136 1992 342 2048 διφάσιος,
372 1991 600 2047 τριφάσιος,
633 1989 904 2043 ἀντιστάσιος,
935 1988 1170 2042 τριστάσιας
1191 1996 1267 2032 eto.
1298 1996 1407 2052 et—
1369 2001 1393 2030 a
1417 1990 1618 2030 substan-

138 2062 221 2102 tivo
263 2056 465 2113 (ἔουλυτός
499 2055 728 2111 βουλύσιος.
795 2058 908 2108 Quae
946 2070 970 2098 a
1006 2057 1239 2098 nominibus
1267 2057 1309 2097 in
1337 2070 1408 2103 τος
1434 2054 1616 2096 derivata

227 2228 265 2267 8)
291 2225 365 2260 Hoc
390 2226 556 2259 omissum
580 2226 614 2258 in
639 2224 749 2267 Etym.
778 2224 866 2259 Gud.

226 2283 262 2324 9)
290 2282 441 2321 Πλησίος
465 2284 580 2315 tamen
606 2281 640 2312 in
669 2278 798 2322 Sapph.
826 2278 880 2312 Fr.
909 2278 952 2311 II.
979 2277 1011 2313 3.
1039 2275 1113 2321 [ubi
1139 2285 1229 2310 nunc
1253 2275 1446 2311 Ahrensius
1469 2272 1621 2310 πλάσιος

138 2335 289 2380 scripsit]
316 2336 573 2380 παραπλησίως
596 2334 736 2377 Archyt.
763 2334 859 2368 Stob.
886 2334 922 2367 T.
949 2333 976 2367 Ι.
1004 2333 1059 2368 75.
1086 2342 1119 2375 p.
1150 2332 1201 2367 15.
1227 2331 1264 2365 Τ.
1292 2331 1387 2366 CXV.
1408 2331 1464 2366 27.
1487 2339 1520 2374 p.
1540 2329 1617 2367 589,

137 2395 169 2427 7.
198 2396 233 2428 et
257 2393 419 2435 neglecta
442 2396 540 2435 trope
566 2389 746 2426 ἐνιαύσιος
771 2389 856 2423 Tim.
883 2389 983 2422 Loer.
1012 2398 1047 2431 p.
1074 2388 1128 2423 96.
1155 2386 1194 2421 E.
1272 2424 1274 2426 ,

230 2448 286 2491 10)
314 2447 489 2488 Φιλήσιος
514 2455 638 2481 nomen
664 2446 839 2489 proprium
866 2445 929 2477 viri
956 2443 1112 2486 Xenoph.
1148 2443 1313 2486 idemque
1341 2441 1460 2476 herois
1486 2439 1619 2473 Arrian.

140 2504 174 2537 P.
202 2503 324 2537 Euxin.
351 2514 384 2547 p.
414 2504 488 2538 114.
520 2505 554 2537 et
579 2509 772 2543 cognomen
799 2500 970 2543 Apollinis
995 2498 1147 2532 Macrob.
1171 2499 1320 2533 feminae
1341 2496 1498 2536 Φιλησία
1517 2493 1619 2528 Anth.

141 2560 229 2602 App.
259 2559 337 2594 259.
375 2560 456 2602 quin
496 2559 599 2593 etiam
633 2556 841 2597 adjectivum
874 2554 972 2589 affert
1011 2554 1205 2597 Hesychius
1242 2551 1392 2596 ᾳιλήσια
1427 2548 1621 2594 φιλοτήσια

142 2614 333 2657 ,ιροςᾳιλὴᾎ
360 2613 563 2657 ibidemque
591 2612 840 2646 substantivum
865 2610 1028 2653 ([ιλησίαι
1054 2607 1292 2641 κλεῑιτοσύναι
1318 2608 1342 2641 i.
1369 2616 1403 2650 q.
1431 2603 1618 2649 φηλώσεις.

143 2668 195 2702 Illi
221 2669 348 2702 similia
374 2672 452 2703 sunl.
477 2667 667 2711 Τιμήσιος,
699 2665 861 2709 ’(ὶχήσιος
893 2665 990 2699 Hom.
1025 2663 1198 2701 λἰκιὲσιος
1232 2662 1352 2706 Steph.
1388 2671 1415 2696 S.
1452 2660 1619 2696 Νικασίτι,

139 2721 309 2758 'Oudon-tc.
