1699 3021
315 175 382 216 DF.
413 174 534 216 MUT.
567 173 774 214 TERMIN.
806 171 1005 214 CAUSIS.
1046 171 1086 213 C.
1116 172 1179 214 ΙΙΙ.
1219 176 1258 221 5.
1280 172 1315 212 ’7.
1495 169 1555 212 ’77

76 283 249 339 δένδρον
286 283 396 325 Suid.
440 295 544 336 quae
585 283 635 325 ad
675 283 926 334 mesallagen
966 282 1171 335 pertinent
1210 282 1284 323 sed
1314 288 1552 342 plerumque

75 363 158 393 non
190 351 474 391 observantur.
534 350 626 390 Alia
655 349 747 400 plus
774 359 893 401 quam
913 359 1032 387 unam
1052 348 1210 389 literam
1234 357 1390 395 mutant
1414 351 1552 408 Ἀχρά-

75 418 149 466 (Sag
176 413 249 464 τὰς
278 412 475 468 ἆχέρδους
503 413 691 468 λέγουσιν
719 438 772 443 ——
802 414 900 460 ἴσως
927 408 965 453 δ’
999 408 1021 452 ὁ
1041 410 1116 465 μὲν
1144 413 1301 467 καρπὸς
1330 414 1475 472 ἀχράς,
1504 417 1551 461 τὸ

76 480 118 523 δὲ
147 479 318 534 δένδρου
349 479 516 533 ἰίχερδος
544 480 696 521 Anecd.
720 479 844 520 Bekk.
867 479 959 519 475.
982 478 1031 518 de
1057 491 1136 531 quo
1160 480 1350 525 dissentit
1374 486 1551 528 Galenus

77 548 125 589 (16
156 549 248 589 Fac.
278 548 396 588 Alini.
428 548 472 588 ΙΙ.
505 547 570 600 38,
599 546 691 588 619.
727 546 853 586 T.V1.
887 541 1086 597 ὁθάμνος
1105 546 1178 599 τῆς
1197 543 1370 602 (ἰχέρδου
1394 550 1461 592 καὶ
1481 553 1552 606 τῆς

74 609 262 666 ἀχράδος.
295 614 397 653 Sunt
419 613 497 652 alia
517 624 621 664 quae
642 611 892 652 differentiae
914 610 1225 662 significationis
1248 626 1375 658 causa
1394 621 1550 659 mutent

73 690 238 732 genera,
270 679 382 730 pirus
414 679 556 730 pirum,
597 678 728 717 malus
759 677 920 729 malum,
953 676 1122 717 arbutus
1155 679 1362 736 arbutum,
1394 694 1549 735 prunus

74 756 258 797 prunum,
290 756 394 795 quae
418 744 664 796 Priscianus,
696 746 812 795 cujus
839 743 939 783 haec
964 742 1089 782 verba
1119 749 1213 784 sunt
1241 746 1284 787 V.
1304 758 1336 788 6.
1365 747 1400 790 1.
1431 750 1550 801 quasi

73 811 292 851 mobilibus
324 810 501 860 subjicit.
559 808 710 849 Eadem
743 809 909 849 Graecis
941 810 981 848 in
1020 807 1317 861 distinguendis
1358 814 1550 855 arborum

75 881 113 916 et
138 878 335 916 fruetuum
355 875 586 914 nominibus
612 875 734 914 ratio:
767 874 806 915 οἱ
824 874 989 914 παλαιοί
1007 884 1136 927 φασιν
1153 873 1217 916 ὅτι
1234 874 1367 930 ἔρινος
1385 874 1551 933 ἀρσενι-

73 942 156 989 κῶς
183 938 230 981 τὸ
260 937 442 992 ὁὲνδρον,
476 935 698 990 οὐδετέρως
725 937 767 980 δὲ
798 936 820 980 ὁ
850 936 1006 993 καρπὸς
1035 938 1104 981 καὶ
1126 937 1151 995 ἡ
1170 939 1314 996 κέδρος
1333 940 1380 986 τὸ
1400 944 1548 1000 φυτόν,

71 1006 119 1048 τὸ
147 1003 295 1058 κέδρον
324 1001 346 1045 ὁ
376 1001 532 1057 καρπὸς
560 1005 674 1045 Eust.
708 1006 823 1058 1536,
858 1006 917 1047 15.
949 1003 1000 1060 ὄη
1028 1004 1075 1047 τὸ
1105 1005 1289 1062 δένδρον,
1323 1003 1370 1065 ἧς
1398 1008 1420 1052 ὁ
1445 1028 1550 1067 καρ-

73 1070 150 1122 πὸς
181 1070 231 1113 ὄα
260 1073 438 1112 καλεῖται
469 1070 606 1111 Galen.
638 1070 686 1110 (16
719 1071 858 1122 Sinlpl.
889 1072 992 1112 Med.
1022 1073 1119 1114 VIII.
1148 1074 1209 1115 14.
1240 1087 1278 1127 p.
1299 1076 1364 1119 87.
1397 1079 1438 1119 Τ.
1465 1079 1550 1120 XII.

74 1145 116 1181 ut
148 1138 254 1191 apud
283 1137 452 1178 Latinos
484 1135 634 1176 sorbus
669 1140 708 1176 et
739 1137 926 1189 sorbum,
968 1138 1128 1191 aliaque
1167 1150 1317 1191 graeca
1360 1138 1384 1196 ἡ
1424 1145 1552 1197 προῦ·

73 1220 176 1260 μνος
201 1200 248 1244 τὸ
277 1203 505 1255 προῦμνον,
542 1197 564 1254 ἦ
593 1203 759 1255 κερασία
777 1199 823 1242 τὸ
847 1200 1051 1256 κεράσιον,
1089 1201 1111 1258 ἡ
1143 1203 1319 1260 πιστάκη
1348 1203 1394 1248 τὸ
1413 1206 1552 1249 πιστά-

72 1269 187 1322 κιόν,
232 1265 255 1310 ὁ
297 1273 336 1309 61
377 1263 399 1321 ἡ
437 1270 602 1320 πρῖνος,
641 1264 691 1307 τὰ
727 1271 853 1320 πρῖνα
893 1269 1029 1311 Galen.
1061 1270 1109 1311 de
1138 1272 1229 1313 Fae.
1260 1273 1377 1315 Alim.
1404 1274 1449 1315 ΙΙ.
1483 1274 1549 1329 38,

75 1338 166 1380 021.
206 1331 229 1376 ὁ
261 1340 300 1376 61
332 1329 354 1387 ἡ
392 1330 594 1386 κόμαρος,
631 1329 677 1373 τὸ
717 1331 924 1388 κόμαρον,
969 1331 994 1389 ἡ
1037 1333 1157 1384 ἄπιος
1194 1334 1241 1378 τὸ
1278 1335 1422 1393 ἄπιοι),
1472 1348 1550 1394 ση-

73 1401 182 1457 σάμη
212 1398 416 1455 σήσαμον,
447 1399 616 1452 μεσπίλη
645 1396 862 1452 μέσπιλον,
893 1398 1029 1454 καρύα
1058 1399 1237 1455 κάρυον,
1270 1403 1319 1444 de
1352 1416 1432 1456 quo
1466 1405 1546 1445 ali-

75 1476 135 1511 ter
166 1468 307 1510 statuit
341 1465 477 1507 schol.
507 1465 593 1507 NiC.
624 1465 690 1506 Al.
723 1466 811 1508 108.
850 1464 1009 1520 κάρυον
1048 1463 1280 1521 ὁμωνύμως
1319 1466 1474 1522 λέγεται
1502 1466 1550 1510 τὸ

73 1533 245 1588 δένδρον
274 1529 343 1573 καὶ
371 1526 394 1571 ὁ
424 1527 601 1582 καρπός,
642 1528 772 1584 ὥςπερ
810 1529 924 1573 ἐλαία
951 1531 998 1574 τὸ
1033 1532 1199 1575 κότινον
1225 1532 1295 1575 καὶ
1314 1531 1375 1580 ,τὸ
1405 1532 1549 1576 ἐσθιό-

74 1615 211 1655 μενον.
263 1594 542 1650 Κοκκύμηλον
572 1593 594 1637 ὃ
624 1595 802 1649 καρπός,
843 1594 1067 1650 ἀρσενικῶς
1095 1597 1139 1641 δὲ
1167 1596 1193 1655 ἡ
1222 1597 1324 1654 μέση
1352 1602 1551 1658 κωμῳδία

72 1664 119 1708 τὸ
149 1663 321 1717 δένδρον
347 1664 447 1705 Poll.
477 1664 504 1705 Ι.
535 1663 626 1704 232.
666 1664 733 1712 alii
765 1675 862 1704 vero
895 1666 1084 1707 arborem
1112 1663 1398 1720 κοκκυμηλέαν
1430 1668 1550 1709 dixe-

73 1737 166 1774 runt
203 1731 297 1772 Ath.
328 1729 372 1770 ΙΙ.
402 1728 466 1768 50.
496 1729 538 1769 B.
579 1729 752 1769 fructum
789 1727 974 1783 βράβηλα
1010 1731 1163 1773 Α666(1.
1200 1732 1326 1774 Bekk.
1359 1733 1447 1775 103.
1505 1734 1550 1775 In

74 1799 136 1839 his
166 1798 288 1849 igitur
324 1794 494 1835 duorum
533 1804 725 1845 generum
756 1796 993 1836 alterutrum
1022 1797 1273 1839 differentiae
1304 1810 1430 1839 causa
1460 1810 1550 1840 cum

72 1868 218 1905 neutro
251 1864 514 1914 permutatur.
573 1859 653 1901 Sed
683 1860 787 1901 idem
820 1862 939 1902 etiam
971 1861 1235 1905 distinctione
1265 1864 1479 1905 masculini
1510 1870 1550 1906 et

75 1928 253 1970 feminini
284 1926 456 1967 efficitur
487 1921 510 1979 ἡ
539 1923 689 1974 κόκκος
719 1927 863 1980 arbor,
895 1923 918 1967 ὁ
947 1925 1095 1977 κόκκος
1121 1940 1290 1982 granum
1303 1930 1339 1956 3⁷
1369 1943 1404 1972 v.
1434 1932 1550 1972 Frie-

75 1994 258 2035 demanii.
291 1991 341 2032 ad
374 1991 507 2033 Strab.
544 2003 581 2043 p.
613 1991 704 2034 610.
743 1991 844 2041 ῥοῦς
873 1989 936 2033 ἐπὶ
974 1990 1024 2034 τὰ
1061 1992 1147 2044 ὄψα
1175 1993 1332 2049 καρπός
1369 1994 1450 2037 ἐστι
1478 1998 1552 2051 τῆς

74 2056 171 2113 ῥοός
200 2059 388 2099 Dioscor.
418 2058 513 2099 Mat.
544 2058 570 2099 Ι.
601 2057 680 2100 148
710 2059 825 2111 (147)
857 2071 961 2111 quae
993 2061 1113 2102 etiam
1142 2057 1165 2102 ὁ
1190 2061 1291 2115 ῥοῦς
1310 2062 1456 2103 dicitur
1476 2062 1551 2104 sed

76 2127 231 2167 fructus
250 2134 412 2175 semper
431 2123 656 2164 masculine
683 2125 732 2165 61.
756 2124 990 2167 Schneider.
1012 2125 1182 2168 Gramm.
1202 2128 1248 2169 II.
1273 2128 1361 2170 138.
1392 2125 1415 2169 ὁ
1435 2125 1549 2182 στρό-

74 2193 186 2245 βιλος
214 2191 356 2243 pinus,
385 2185 410 2243 ἡ
442 2187 652 2243 στρόβιλος
681 2201 763 2230 nux
795 2192 916 2243 pinea
945 2204 980 2234 v,
1010 2192 1150 2233 Niclas
1181 2193 1231 2234 ad
1256 2193 1410 2246 Geopp.
1429 2194 1494 2235 XI.
1516 2194 1549 2236 1.

74 2259 282 2299 Accentus
325 2256 376 2296 ob
416 2256 756 2308 significationem
794 2258 936 2297 mutati
977 2258 1203 2311 exemplum
1235 2260 1405 2312 praebet
1437 2260 1551 2301 Tho-

74 2336 163 2366 mas
196 2319 383 2375 Κερασός
411 2318 458 2362 τὸ
489 2319 674 2376 δένδρον,
705 2319 873 2377 κέρασος
901 2319 924 2363 ὁ
953 2321 1135 2377 καρπός,
1166 2325 1240 2367 sed
1269 2326 1388 2367 aliter
1416 2327 1552 2367 Arca-

164 2511 224 2554 37)
262 2509 451 2545 Granorum
474 2511 612 2545 nomina
640 2513 781 2555 saepius
806 2510 1030 2554 heteronyma
1055 2516 1151 2546 sunt:
1189 2512 1342 2550 κόκκους
1366 2513 1407 2546 οὐ
1435 2513 1550 2547 dimu-

77 2565 155 2599 οἷσι
178 2565 297 2609 λέγειν
321 2565 409 2608 ῥοᾶς
434 2564 451 2606 ἢ
482 2566 667 2610 σταφυλῆς
698 2566 786 2599 ἀλλὰ
823 2567 940 2611 ῥᾶγας
973 2566 1106 2602 Auecd.
1134 2568 1243 2604 Bekk.
1276 2569 1349 2606 103.
1386 2571 1551 2615 Κεγχρα-

76 2621 180 2665 μίδεὲ
204 2620 266 2653 τοῦ
300 2619 409 2653 σύκου
444 2621 600 2653 καὶτῶν
628 2621 758 2654 ἐλαιῶν
790 2623 823 2653 οἱ
854 2622 1008 2666 πυρῆνες
1030 2622 1127 2657 Suid.
1166 2624 1235 2659 Sed
1270 2627 1394 2657 σίκυον
1428 2625 1552 2661 (licitur

79 2677 273 2712 cucumeris
297 2676 351 2711 vel
377 2677 576 2712 cucurbitae
606 2677 773 2721 (κυκύοτ)
803 2688 954 2721 granum.
1008 2678 1143 2714 Baccae
1183 2679 1394 2717 deminutive
1423 2683 1551 2726 appel-

79 2733 206 2766 lanlur:
238 2731 474 2777 (ἷρκευθίδις,
504 2732 685 2776 κεδρίδες,
713 2732 900 2776 d‘msri'd'eg.
