1731 3021
143 153 228 197 126
624 153 1060 197 DISSERTATIO
1105 153 1151 196 Π.

145 263 363 316 gressione
405 263 456 305 ab
498 260 628 313 ὄνθος
666 264 892 306 derivatum
931 268 995 306 est
1033 259 1278 306 ὀνθυλεύειν
1307 266 1520 308 intellectu
1550 266 1631 309 ho-

147 332 332 373 nestiore
370 332 477 373 sicut
514 331 640 372 verba
676 331 877 384 χραίνειν,
924 331 1121 384 μιαίνειν,
1161 328 1358 384 μολύνειν
1396 330 1630 386 (μωλύειν)

149 401 190 439 et
227 398 355 439 latina
394 408 684 449 corrumpere,
726 398 910 448 violare,
952 398 1109 438 vitiare
1140 396 1190 438 de
1219 398 1445 439 mutatione
1476 399 1630 440 coloris

149 464 343 506 odorisve
370 464 497 504 nativi
527 464 711 516 quamvis
742 468 860 515 grata
889 463 966 504 dici
988 463 1137 504 solent.
1198 463 1456 505 Postremum
1477 464 1531 506 sit
1554 463 1632 506 ad-

147 531 331 572 verbium
361 527 665 583 σπερχυλλάδην
691 526 803 582 παρὰ
830 525 878 569 τὸ
907 526 1153 581 σπέρχεσθοει
1181 529 1278 570 Hes.

260 628 300 672 §.
331 623 369 665 3.
427 622 605 664 Nomina
633 623 674 662 in
703 613 1022 669 uffexeuntia
1051 621 1186 662 vocali
1216 621 1341 673 longa
1371 621 1421 662 ab
1449 621 1629 664 Arcadio

149 690 375 742 praeterita
411 701 545 742 neque
582 689 703 729 nobis
744 692 844 728 nota
883 691 978 728 sunt
1016 693 1180 739 praeter
1218 688 1388 740 propria
1417 687 1630 739 Mnasylus

150 756 259 807 Virg.
292 755 377 797 Ecl.
411 756 473 796 VI.
508 754 570 797 13.
603 755 683 795 nisi
712 753 939 804 Mnasyllus
978 752 1257 804 recipiendum
1299 763 1348 792 ex
1378 752 1493 794 libris
1524 766 1630 807 quos

149 822 406 863 Burmannus
443 822 628 861 nominat
668 820 717 860 ab
747 819 906 870 Heynio
938 818 1174 871 neglectos,
1214 819 1464 871 Καμβῦλος,
1499 821 1633 861 Μασ-

150 884 269 928 σύλοι
299 887 438 940 Steph.
468 887 548 927 hoc
577 885 777 926 mendoso
810 888 1006 938 accentu,
1043 895 1137 924 nam
1167 884 1299 925 Latini
1328 885 1500 927 mediam
1528 897 1632 939 pro-

151 953 315 1006 ducunt,
344 952 443 993 illud
472 952 655 1002 incert03
685 961 762 991 nec
792 950 894 991 satis
926 954 1092 990 constat
1117 947 1312 990 Μόσυλοι
1342 962 1378 991 v.
1408 950 1550 993 Miller.
1581 952 1632 994 ad

149 1020 343 1061 Marcian.
383 1031 420 1071 p.
454 1018 542 1060 144.
584 1016 790 1069 quomodo
831 1015 1182 1068 pronunciandum
1221 1016 1294 1069 sit,
1339 1020 1378 1057 et
1420 1015 1634 1069 Γόργυλος

150 1084 259 1125 fluvii
288 1095 438 1125 nomen
469 1084 629 1135 aliaque
660 1083 795 1134 poetis
827 1083 983 1123 intacta
1014 1082 1241 1132 Γαίσυλος,
1287 1078 1482 1130 Πάσυλος
1511 1083 1631 1136 Diog.

151 1151 232 1191 VII.
266 1150 398 1192 191.¹³
427 1161 532 1202 quae
564 1150 599 1190 si
627 1149 996 1202 brachyparalecta
1026 1152 1193 1202 essent,
1233 1148 1312 1188 alio
1346 1149 1471 1189 scribi
1502 1148 1632 1191 debe—

150 1222 242 1258 rent
265 1220 458 1269 accentu3
490 1216 564 1257 sed
593 1215 757 1256 brevem
788 1215 1051 1268 penultimam
1081 1215 1233 1255 habere
1262 1213 1450 1254 videntur
1473 1211 1632 1268 βάκχυ-

150 1286 220 1331 λος
258 1284 377 1336 panis
412 1294 562 1335 genus,
604 1279 787 1334 βήθυλος
827 1282 914 1321 avis
946 1280 1056 1322 Suid.
1087 1280 1197 1333 quod
1229 1280 1496 1331 Theognosto
1531 1281 1631 1323 red-

153 1350 324 1391 dendum
359 1360 433 1401 pro
464 1346 649 1401 θήβυλος
677 1348 722 1388 ΙΙ.
755 1346 819 1388 61.
852 1343 1077 1399 δράκτυλος
1106 1348 1193 1388 sive
1223 1344 1455 1399 δράκτυλου
1483 1348 1630 1390 Athen.

150 1417 197 1458 11.
237 1417 301 1458 71.
339 1416 387 1456 A.
426 1415 593 1466 (omiss.
631 1414 673 1454 in
711 1412 848 1466 Thes.)
887 1413 1048 1465 aliaque
1084 1413 1239 1465 pariter
1276 1412 1418 1463 ignota
1454 1412 1631 1466 ideoque

152 1480 515 1536 praetermittenda
549 1482 590 1521 in
628 1480 705 1521 bac
746 1489 1049 1532 paragogorum
1089 1478 1350 1520 collectione.
1423 1478 1633 1521 Feminina
1687 1511 1691 1513 .

150 1548 287 1601 ypsilo
319 1547 442 1598 longo
475 1546 660 1599 praedita
691 1549 785 1587 sunt
813 1541 985 1597 μιστύλη
1010 1540 1037 1597 ἣ
1057 1542 1126 1584 καὶ
1143 1541 1324 1598 μύστρος
1340 1539 1493 1596 λέγεται
1514 1545 1633 1588 Eust.

154 1613 272 1664 1368,
305 1613 369 1654 52.
400 1612 439 1653 id
471 1617 535 1653 est
565 1612 757 1652 cochlear
788 1622 811 1650 a
839 1607 947 1663 μύαξ
976 1621 1069 1661 mya
1099 1611 1122 1651 i.
1154 1621 1186 1651 e.
1219 1609 1389 1651 cochlea
1421 1611 1475 1663 (v.
1509 1616 1546 1660 δ.
1571 1612 1631 1665 5.)

151 1679 328 1720 κενδυλα
365 1679 454 1719 sine
490 1682 662 1718 accentu
701 1677 898 1728 scriptum
937 1677 979 1716 in
1019 1675 1136 1716 codd.
1177 1676 1299 1717 Anth.
1338 1676 1403 1717 XI.
1433 1676 1525 1719 203.
1563 1678 1632 1718 ubi

149 1745 377 1787 Brunckius
397 1741 596 1796 σχὲνδυλα
618 1741 741 1783 edidit
772 1741 822 1782 ad
853 1740 1160 1793 significandum
1177 1741 1491 1783 instrumentum
1521 1743 1632 1795 quod

152 1812 202 1853 ab
234 1811 441 1862 Hesychio
475 1806 672 1862 σχενδύλη
701 1808 873 1859 dicitur3
914 1812 997 1848 tum
1026 1803 1242 1860 σφονδύλη
1271 1807 1402 1848 blatta
1431 1812 1471 1849 et
1501 1817 1633 1850 σπον-

150 1874 254 1930 δύλη
283 1876 387 1929 γαλῆ
424 1875 520 1916 Hes.
558 1876 660 1915 haec
692 1875 872 1914 fortasse
903 1885 926 1913 a
957 1874 1117 1914 foetore
1158 1873 1447 1924 cognominata
1475 1874 1631 1916 blattae

150 1943 334 1996 proprio,
374 1952 467 1982 nam
506 1936 721 1993 σφονδύλη
758 1936 1043 1992 πονηρότατον
1078 1938 1169 1991 βδεῖ
1199 1939 1411 1991 Aristoph.
1445 1939 1633 1993 idemque

153 2010 254 2050 dixit
291 2007 404 2061 βδεῖν
441 2004 685 2060 δριμύτερον
712 2005 858 2058 γαλῆς,
897 2004 1028 2044 blatta
1059 2008 1192 2044 autem
1224 2004 1316 2056 ipsa
1345 2005 1451 2046 unde
1481 2017 1632 2047 nomen

152 2075 360 2127 acceperit
389 2085 472 2114 non
504 2076 667 2114 constat
697 2072 776 2111 nisi
799 2072 904 2112 forte
925 2080 948 2109 a
969 2069 1230 2110 similitudine
1251 2069 1466 2124 spondyli;
1498 2083 1632 2124 quan-

152 2152 272 2193 quam
301 2141 421 2191 hujus
453 2138 651 2192 prosodia
681 2137 855 2190 diversa,
887 2140 1052 2187 etymon
1080 2137 1331 2188 incognitum
1357 2140 1432 2177 est.
1474 2137 1632 2178 Trans-

150 2208 290 2249 missis
322 2207 425 2259 aliis,
457 2216 627 2258 quorum
656 2214 789 2255 neque
821 2202 1026 2254 quantitas
1047 2212 1179 2253 neque
1199 2202 1359 2242 notatio
1383 2205 1521 2242 certa:
1552 2217 1632 2255 γα-

150 2271 275 2326 γύλη,
315 2269 498 2325 καγκύλη
535 2272 559 2312 i.
591 2282 627 2323 q.
658 2269 794 2322 κηκίς,
835 2264 1019 2319 κανδύλη
1050 2271 1126 2308 etc.
1166 2267 1217 2308 ad
1255 2267 1458 2308 neutralia
1494 2269 1630 2322 venio,

151 2350 322 2391 quorum
353 2348 474 2378 unum
503 2338 544 2377 in
574 2339 766 2389 promptu
796 2333 1024 2384 exemplum
1052 2332 1254 2384 τόρδυλον
1282 2333 1435 2374 herbae
1463 2334 1631 2386 ignotae

150 2415 299 2445 nomen
335 2402 445 2456 quod
485 2400 759 2443 Schneiderus
798 2411 847 2439 ex
882 2398 1012 2439 Plinio
1044 2399 1232 2451 reposuit
1265 2398 1352 2439 Nic.
1389 2398 1505 2440 Ther.
1535 2398 1629 2441 841.

152 2481 231 2522 quo
272 2470 365 2510 loco
406 2468 523 2509 codd.
568 2467 689 2508 etiam
727 2463 892 2519 ὄρδιλον
929 2464 995 2505 vel
1033 2461 1211 2517 ὄρδυλον
1248 2463 1447 2516 praebent
1486 2463 1630 2505 sedin

244 2657 300 2699 13]
340 2655 508 2691 Hciszvzog
532 2654 685 2697 Theogn.
709 2653 763 2696 61,
791 2653 841 2688 19.
871 2652 1018 2696 Papylus
1043 2653 1078 2686 in
1099 2651 1289 2686 cod.Voss.
1309 2650 1455 2685 Martial.
1476 2649 1550 2685 VII.
1571 2651 1626 2687 78.

150 2722 211 2757 pro
237 2712 394 2755 papilus,
423 2711 611 2757 penultima
634 2709 741 2745 brevi.
792 2708 928 2744 Incerta
955 2707 1046 2744 haec
1071 2708 1198 2742 omnia.
