1699 3021
229 155 296 197 DE
329 153 616 196 NOMINIBUS
648 152 699 194 IN
729 154 756 194 ὗ
781 151 1127 194 EXEUNTIBUS.
1170 153 1210 195 C.
1234 154 1275 196 V.
1316 159 1352 203 §.
1376 156 1410 198 1.
1467 157 1557 200 225

88 265 301 318 βασίλιννα
339 268 380 305 et
411 264 553 305 nescio
587 274 639 304 an
669 274 719 304 ex
747 261 941 313 Hesychii
968 261 1113 313 glossa
1142 263 1415 318 Μαλακίννης
1449 279 1559 319 παρ-

87 327 212 378 θένος
249 330 409 370 eluceat
456 329 729 370 nominativus
770 324 1023 367 Μαλάκιννα
1061 324 1275 379 παρθένου
1312 326 1444 382 ὄνομα
1493 332 1559 373 vel

86 392 315 447 ἐπώνυμον.
379 396 494 436 Alius
535 396 624 447 quis
667 394 840 434 forsitan
889 393 1175 435 deminutivum
1215 393 1360 435 dixerit
1403 395 1559 447 (molli-

86 460 207 513 cella)
245 461 309 500 eui
340 472 506 501 numero
547 459 805 500 Ruhnkenius
836 457 887 499 ad
917 458 1070 500 Callim.
1102 460 1257 511 Fragm.
1286 460 1365 500 XL.
1396 472 1433 512 p.
1468 461 1557 503 184.

85 524 146 566 ed.
168 525 311 567 Blomf.
342 531 381 566 et
409 527 574 566 Bastius
600 525 650 565 ad
675 524 879 564 Aristaen.
910 536 946 576 p.
979 524 1069 566 632.
1101 522 1299 578 Κόριννα,
1313 527 1353 551 ⁴0
1380 523 1558 577 ’Ἠριννα

86 595 162 632 etc.
193 590 430 631 adscribunt
461 594 698 642 argumento
731 589 864 640 nullo;
895 590 986 641 quis
1025 591 1129 630 enim
1160 590 1415 632 demonstrat
1432 591 1558 633 Erin-

86 668 163 696 nae
205 667 353 697 nomen
392 658 441 697 ab
470 654 581 708 ‘'Hpa
619 656 757 708 potius
795 654 957 695 ductum
999 666 1094 696 esse
1129 668 1247 709 quam
1285 657 1335 697 ab
1370 648 1422 709 ἦρ
1452 657 1558 698 unde

83 721 264 763 Earine?
309 727 349 763 et
387 722 450 762 vel
489 722 557 762 illo
598 732 802 762 concesso
842 722 933 772 quis
969 720 1161 772 dijudicet
1188 727 1318 762 utrum
1348 722 1559 763 Domioel-

84 787 163 827 lam
193 788 393 839 significet
424 799 475 828 an
504 788 777 829 Domninam‘?
810 783 997 838 Κόριννα
1027 787 1121 827 milii
1151 798 1233 828 non
1266 789 1395 840 magis
1426 788 1558 829 demi-

83 853 264 892 nutivum
315 853 472 893 videtur
521 864 640 905 quam
686 853 953 893 masculinum
999 849 1205 904 Κόριννος
1251 853 1324 895 sed
1369 853 1558 900 denomie

83 918 273 957 nativum.
331 918 432 958 Huie
472 929 521 958 ex
559 919 817 970 appellativis
849 930 969 959 unum
1008 920 1160 971 apponi
1194 923 1333 971 potest
1362 919 1556 970 κίκιννος,

84 983 194 1036 quod
230 994 319 1024 cum
360 984 486 1023 latino
529 985 663 1024 cirrus
700 987 896 1035 majorem
936 996 1055 1036 quam
1092 996 1181 1026 eum
1218 980 1368 1032 κόννος
1402 981 1556 1037 πώγων

82 1049 205 1090 habet
235 1050 546 1100 significationis
579 1049 900 1100 similitudinem
926 1045 1111 1102 Ἀρβίννη
1139 1046 1256 1101 κρέας
1277 1050 1440 1090 Σικελοί
1460 1051 1555 1092 Hes.

84 1120 148 1156 est
178 1115 343 1155 latinum
375 1117 527 1155 (ινυέιιιι
558 1114 631 1155 sed
662 1126 686 1154 a
715 1115 875 1166 graecis
907 1114 1117 1167 delapsum
1149 1115 1329 1155 fontibus
1351 1115 1554 1157 v.Para11.

84 1193 121 1233 p.
164 1181 227 1222 74.
265 1181 482 1221 Femininis
522 1176 682 1227 ἑλιννύς
721 1185 759 1220 et
797 1177 958 1230 ἐριννύς
995 1180 1178 1232 plerique
1219 1179 1390 1221 alterum
1428 1187 1454 1220 τ’)
1480 1180 1556 1221 de-

85 1247 247 1287 trahunt
277 1258 353 1287 nee
383 1245 655 1286 demonstrari
685 1248 824 1297 potest
853 1247 1132 1287 necessarium
1163 1258 1269 1287 esse.
1336 1245 1437 1286 Illud
1465 1246 1552 1287 EM.

82 1317 194 1353 reete
226 1311 275 1352 ab
305 1311 423 1352 εἱλεῖν
453 1311 601 1363 repetit
629 1309 698 1350 ἵνα
729 1307 935 1364 (ἐλινύειν)
960 1305 987 1365 ᾗ
1016 1309 1063 1352 τὸ
1083 1309 1127 1352 ἐν
1144 1312 1203 1367 τῷ
1227 1307 1341 1366 αὐτῷ
1360 1311 1555 1352 εἰλεῖσθαι

80 1375 151 1418 καὶ
179 1374 441 1430 στρέφεσθαι,
472 1377 548 1417 hue
581 1381 620 1417 et
650 1376 745 1416 illue
776 1388 821 1417 se
852 1388 1032 1432 versare,
1064 1378 1339 1431 tergiversari,
1371 1388 1553 1431 cessare,

81 1454 185 1496 quae
226 1447 289 1484 est
328 1444 497 1496 propria
537 1442 651 1483 verbi
692 1440 1013 1494 στραγγεύεσθαι
1044 1444 1310 1497 significatio,
1352 1443 1554 1495 similique

80 1520 288 1562 paragoge
317 1509 444 1550 verba
473 1507 764 1561 producuntur,
797 1508 846 1548 ab
878 1506 964 1561 ἄγω
982 1506 1144 1562 ἀγινὲω,
1177 1507 1260 1562 ὅρω
1279 1505 1417 1562 ὀρίνω,
1448 1508 1554 1550 unde

81 1577 261 1616 sortasse
293 1570 464 1626 Ἐρινύς.
523 1574 574 1614 Et
615 1573 665 1614 ab
704 1573 795 1614 εἰλῶ
839 1575 959 1615 etiam
997 1573 1158 1616 σέλινον
1197 1575 1332 1616 fictum
1361 1579 1425 1615 est
1454 1575 1553 1628 iota,

81 1645 124 1681 ut
155 1645 313 1693 cetera,
352 1640 498 1692 longo,
539 1638 612 1680 sed
650 1637 780 1686 ἕλινος
819 1637 916 1689 (ἕλιξ
956 1642 1130 1693 palmes)
1169 1642 1295 1682 brevi.
1362 1640 1554 1681 Ultimum

82 1707 135 1747 sit
165 1705 463 1757 σκορδινᾶσθαι
492 1706 578 1745 Sive
617 1705 892 1756 κορδινᾶσθαι
929 1706 968 1746 id
1009 1711 1073 1747 est
1110 1703 1426 1757 διαστρέφεσθαι
1464 1706 1552 1746 Sive

81 1769 268 1812 ἐκτείνειν
296 1766 345 1810 τὰ
373 1767 470 1822 μέλι]
503 1772 591 1809 toto
624 1781 798 1821 corpore
830 1771 1010 1824 extendi,
1041 1770 1247 1823 quomodo
1279 1770 1425 1810 Festus
1453 1780 1551 1809 ver-

81 1839 174 1879 bum
224 1836 475 1889 painlieulari
523 1836 825 1887 interpretatur.
901 1835 1151 1877 Primitivum
1201 1841 1264 1877 est
1315 1831 1551 1887 σκορδάζειν

80 1906 265 1945 σπᾶσθαι
301 1903 396 1943 I-Ies.
437 1900 546 1954 quod
583 1901 987 1953 interpretamentum
1027 1903 1148 1943 etiam
1177 1901 1302 1943 verbo
1334 1900 1549 1955 σκορδινᾶ-

79 1973 180 2011 σθαι
210 1969 412 2010 convenit.

697 2042 838 2083 CAP.
889 2042 936 2084 V.

136 2129 210 2173 De
243 2124 508 2170 nominibus
544 2125 592 2167 z'n
627 2139 748 2168 ον-
788 2138 924 2168 ων-
965 2127 1009 2167 el
1040 2139 1165 2168 vv—
1206 2125 1498 2169 exeuntibus.

188 2229 227 2272 ὃ.
261 2222 297 2264 1.
356 2221 400 2263 In
430 2209 526 2268 ον-οὲ
555 2218 649 2273 duo,
677 2231 762 2260 non
791 2221 977 2275 amplius,
1007 2220 1198 2273 reperiri,
1238 2220 1293 2261 ait
1325 2221 1548 2273 Theogno-

79 2294 168 2333 stus
206 2289 335 2330 Cram.
366 2287 412 2328 II.
442 2286 506 2329 68.
543 2283 749 2333 Μύκονος
787 2291 827 2328 et
853 2283 1034 2334 ’Ἡδονος
1072 2280 1094 2326 ὁ
1133 2283 1336 2338 ποταμός,
1381 2286 1547 2327 omissis

167 2420 226 2463 46)
250 2417 502 2462 Lexicogiaplii
529 2417 634 2452 nostri
661 2418 804 2453 atterunt
828 2420 949 2463 κορίνη
973 2418 1085 2460 puella
1112 2420 1145 2452 et
1168 2420 1347 2460 κοριναῖοι
1373 2426 1390 2448 e
1414 2416 1544 2448 clancu-

80 2477 166 2509 laria
206 2474 377 2507 concubitu
407 2475 501 2516 uati,
536 2473 619 2506 illud
660 2484 703 2508 ex
736 2473 894 2508 Pliilostr.
931 2473 967 2507 V.
994 2473 1107 2515 Apoll.
1138 2473 1181 2506 ll.
1208 2472 1262 2514 22,
1287 2472 1340 2506 74.
1368 2470 1409 2503 τὰ
1435 2469 1545 2503 λευκὰ

80 2535 153 2567 τοῖς
178 2530 319 2573 μέλασι,
345 2528 387 2560 τὰ
413 2528 531 2575 nuper}
563 2533 634 2565 [οἷς
658 2529 791 2573 ὠχρυῖς
813 2531 985 2573 μίγνυσιν
1009 2528 1121 2575 ὥςπερ
1148 2529 1185 2560 αἱ
1212 2531 1366 2570 κορΐναι,
1396 2535 1456 2570 pro
1476 2535 1543 2568 quo

79 2588 235 2628 Rapum
269 2583 488 2619 scribendum
525 2587 577 2620 est
610 2594 653 2619 ex
693 2586 873 2619 notissimo
906 2585 1044 2619 llomeri
1080 2584 1169 2618 loco.
1226 2582 1400 2625 Adjthivi
1434 2582 1544 2623 testis,

80 2651 182 2684 quem
207 2639 257 2673 illi
284 2643 462 2683 quaerunt,
491 2643 544 2675 est
568 2639 761 2683 Hesychius
788 2643 960 2676 Σκοτίους
985 2639 1063 2676 τοὺς
1089 2639 1139 2683 μὴ
1165 2638 1204 2672 ἐκ
1230 2637 1393 2685 φανερᾶς
1415 2637 1546 2680 μίξεως

77 2690 286 2740 γεγὸνόιας,
315 2694 403 2727 ἔνιοι
428 2697 658 2741 παρθενίους,
685 2695 785 2728 ἄλλοι
810 2697 1024 2741 κοριναίους.

125 2762 265 2793 Lubeck.
289 2761 469 2801 I’atlaeolog.
1218 2747 1268 2791 15
