1747 3005
126 185 195 228 DE
225 184 460 227 VICISSIT.
493 183 773 226 TERMINAT.
803 198 864 236 ας,
900 198 949 236 ις,
980 199 1056 236 ιας,
1094 191 1188 236 αζω,
1219 186 1327 234 ιαζω.
1348 187 1386 233 §.
1410 184 1472 227 15.
1487 182 1573 228 ⁷181

92 295 243 348 jectiva
277 296 320 335 in
357 284 451 344 εἷς,
492 294 752 335 substantiva
791 294 999 347 gentilicia
1038 296 1079 335 in
1115 284 1197 348 ἷῆξ
1226 298 1265 335 et
1293 293 1420 335 verba
1448 295 1490 335 in
1519 284 1573 345 ζῖ)

95 360 297 401 exeuntia.
354 359 475 399 Primi
505 361 668 411 generis
699 364 794 400 sunt
824 357 1032 412 δενδρικός
1063 359 1265 412 Theophr.
1307 364 1347 400 et
1380 359 1571 413 δενδρια-

93 423 166 473 κός
203 436 227 465 a
267 428 392 477 poeta
430 425 593 466 Antliol.
643 437 787 466 versus
838 425 1108 466 concionandi
1147 436 1274 465 causa
1315 425 1570 479 productum,

93 486 232 537 ἁλικός
262 494 302 530 ct
331 485 496 537 ἁλιακός
527 492 691 539 (πλοῖον
720 487 907 544 ἁλιακόν)
938 489 1036 531 illud
1065 490 1115 531 ab
1146 488 1229 540 ἅλς,
1260 490 1340 531 hoc
1368 492 1496 542 magis
1517 492 1569 532 ab

93 553 219 606 ἅλιος,
248 552 495 608 μυστηρικός
524 557 734 608 Aristoph.
761 552 1035 610 μυστηριακός
1064 555 1244 609 vulgare,
1283 550 1569 608 ἆντωυυμικός

93 627 132 663 et
159 617 469 672 ἀντωνυμιακός
498 621 582 661 ΕΜ.
614 622 705 672 757,
736 622 800 663 40.
829 618 990 675 φιλικός
1013 626 1051 662 et
1072 618 1242 675 φιλιακὴ
1261 618 1446 669 διάθεσις
1467 622 1569 663 Plo-

92 688 161 728 tin.
195 687 297 728 Enn.
327 686 373 727 II.
401 686 444 727 L.
472 686 535 726 III.
569 685 657 727 143.
677 687 720 727 B.
753 686 903 739 Orphei
923 684 1080 727 Λιθικά
1104 691 1143 728 et
1163 687 1351 739 Dionysii
1379 685 1568 728 Λιθιακά

92 751 202 794 Suid.
233 756 273 793 et
302 762 407 804 quae
437 755 530 792 sunt
559 751 678 791 unius
711 753 864 793 formae
893 753 1057 793 nomina
1078 753 1297 793 carminum
1318 747 1568 804 Ὀρνιθιακά

89 817 277 869 Dionysii
305 817 420 858 Eust.
451 816 502 857 ad
532 817 648 857 Dion.
680 829 716 868 p.
745 817 810 859 81.
843 823 880 858 et
904 814 1085 871 Ὀφιακά
1103 817 1309 871 Nicandri,
1328 818 1437 870 quod
1460 830 1567 860 eno-

91 884 191 924 tavit
218 883 304 924 EM.
333 882 425 936 644,
455 882 491 924 9.
523 877 579 930 ὠς
606 879 717 933 παρὰ
747 879 793 923 τὸ
822 881 948 936 φύσις
978 881 1166 936 φυσικός,
1194 879 1337 935 μάντις
1354 881 1564 936 μαντικός,

90 945 224 996 οὕτως
260 945 355 1001 ὄφις
393 944 542 1001 ὀφικός
579 947 646 988 καὶ
675 944 852 1000 ὀφιακός
888 945 993 989 κατὰ
1027 945 1305 1000 πλεονασμόν·
1339 948 1565 1002 συνεξηκο-

88 1011 271 1066 λούθησε
298 1010 377 1066 γὰρ
405 1014 463 1069 τῷ
492 1011 706 1066 θηριακός,
739 1014 848 1066 quod
878 1027 902 1055 a
931 1026 1033 1067 puro
1066 1015 1228 1055 ductum
1260 1018 1321 1054 est
1341 1018 1384 1054 ut
1411 1017 1564 1056 κοιλια-

87 1077 173 1130 κός,
203 1075 474 1132 γενεθλιακός,
505 1076 724 1132 βιβλιακός,
754 1077 950 1133 χρειακός,
982 1077 1196 1130 οἰκειακός,
1217 1077 1444 1130 δανειακός,
1467 1081 1562 1133 qui-

87 1145 166 1187 bus
195 1144 438 1186 dissidentia
463 1141 621 1197 βοεικός
651 1148 691 1186 et
720 1142 940 1193 δεκελεικός
970 1157 1021 1186 ex
1044 1142 1232 1198 βοειακός
1254 1149 1294 1186 et
1313 1143 1564 1194 δεκελειακός

88 1211 275 1252 extitisse
315 1214 458 1250 censet
498 1223 535 1263 p.
575 1210 678 1263 254,
716 1210 781 1252 40.
825 1211 903 1251 etsi
941 1211 1044 1251 haec
1083 1222 1167 1252 non
1204 1211 1335 1262 magis
1374 1211 1565 1263 leguntur

87 1287 208 1328 quam
237 1268 451 1327 δαρειακός
481 1280 520 1316 et
550 1276 590 1315 in
618 1275 748 1315 altero
777 1286 928 1327 genere
959 1272 1117 1328 ὀφικός.
1175 1276 1272 1316 Plus
1295 1288 1392 1317 vero
1419 1288 1563 1318 exem-

85 1341 245 1394 plorum
284 1340 482 1392 praebent
528 1340 716 1392 propria:
756 1335 1027 1393 Ἀκαδημικός
1068 1341 1205 1383 Galen.
1246 1340 1398 1381 Comm.
1440 1342 1468 1382 Ι.
1509 1341 1560 1382 de

85 1406 189 1448 Med.
219 1405 332 1448 Offic.
365 1417 399 1448 c.
428 1406 473 1446 V.
505 1405 596 1447 658.
629 1405 671 1445 Τ.
703 1405 840 1447 XVIII.
872 1406 914 1447 P.
944 1407 989 1447 ΙΙ.
1021 1410 1061 1447 et
1099 1407 1291 1447 usitatius
1317 1401 1560 1459 Ἀκαδημια-

84 1470 169 1524 κός,
186 1472 223 1498 ⁷1
252 1469 455 1525 Βακχικός
485 1467 730 1523 Βακχιακός.
786 1471 838 1512 Et
868 1473 1039 1512 maxime
1069 1472 1296 1524 gentilicia:
1331 1470 1561 1520 Βιθυνικὸς

86 1535 354 1589 Βιθυνιακός,
387 1534 611 1584 Βοιωτικός
654 1534 907 1584 Βοιωτιακός
936 1550 972 1578 v.
1001 1538 1112 1578 Bast.
1144 1537 1193 1578 ad
1226 1536 1341 1589 Greg.
1374 1537 1464 1579 791.
1497 1550 1559 1590 Sq.

84 1600 277 1656 Δωρικός
314 1599 532 1656 Λωριακός
573 1606 616 1643 ut
646 1602 784 1653 Δωρίς
823 1606 862 1643 et
891 1600 1071 1654 Δωριάς,
1098 1598 1326 1653 Ἐρετρικός
1349 1598 1557 1654 Ἐρετρια-

84 1667 158 1718 κός
187 1670 249 1722 (ut
272 1664 552 1721 Ἀρμενιακός)
584 1679 620 1708 v.
653 1667 876 1708 Tzschuck.
908 1668 957 1709 ad
986 1668 1120 1710 Strab.
1150 1667 1248 1708 VIII.
1278 1667 1371 1709 344.
1401 1666 1561 1722 Ἴσθμι-

83 1732 158 1783 κός
182 1730 415 1787 Ἰσθμιακός
441 1733 494 1774 ib.
524 1731 616 1774 261.
649 1729 849 1780 Θεσπικός
878 1732 1035 1785 (omiss.
1065 1735 1105 1774 in
1137 1733 1226 1785 Th.)
1257 1733 1342 1774 EM.
1373 1734 1466 1788 561,
1493 1736 1559 1777 49.

87 1801 359 1853 ssespiacuS,
392 1798 595 1839 Καυλικοί
623 1795 766 1845 ἔθνος·
793 1793 1064 1846 Ἀπολλώνιος
1092 1796 1136 1839 δὲ
1176 1796 1416 1847 Καυλιακός
1455 1801 1558 1854 φησί

85 1867 226 1919 Steph.
255 1861 516 1912 Μαντινικός
545 1868 587 1904 ut
616 1860 835 1911 Δεκελικός
865 1869 904 1905 et
933 1862 1239 1912 Μαντινειακός
1268 1875 1303 1905 V.
1325 1864 1475 1907 Siebel.
1506 1866 1558 1908 ad

83 1931 203 1973 Paus.
235 1931 277 1972 T.
306 1931 371 1972 III.
401 1930 492 1971 226.
518 1925 766 1981 Ὀλυμπικός
791 1925 975 1980 Ἀττικοί,
1007 1926 1086 1970 οὐκ
1110 1926 1387 1983 Ὀλυμπιακός
1416 1931 1555 1974 Thom.

84 1997 135 2039 M.
173 2008 292 2049 quem
330 1995 443 2036 multi
480 1996 659 2036 refutant
699 2008 737 2035 v.
776 1995 905 2048 Popp.
947 1995 1097 2037 Comm.
1136 1994 1187 2036 ad
1227 1995 1349 2036 Thuc.
1386 1996 1415 2037 Ι.
1451 1997 1488 2050 G,
1519 1998 1556 2039 5.

82 2064 120 2104 A
146 2062 378 2103 nominibus
410 2061 531 2112 alpha
558 2061 709 2102 mobile
748 2066 1000 2113 propagatur
1040 2059 1091 2101 ad
1127 2060 1255 2101 verba
1293 2059 1555 2115 βοιωτιάζειν,

83 2126 307 2181 δωριάζειν,
336 2124 566 2180 λεσβιάζειν,
597 2123 807 2176 λυδιάζειν.
867 2127 948 2168 Sed
976 2125 1081 2166 idem
1121 2127 1323 2178 recipiunt
1361 2138 1464 2179 quae
1504 2128 1555 2168 ab

85 2193 344 2246 appellativis
377 2193 572 2244 originem
604 2193 766 2233 trahunt
795 2188 1027 2241 ἀσκωλίζειν
1057 2194 1097 2231 et
1126 2186 1391 2242 ἀσκωλιάζειν
1422 2193 1560 2244 Phry-

83 2259 204 2300 nicho
235 2259 388 2311 pariter
418 2259 606 2313 probata,
641 2259 878 2312 Φρατρίζειν
906 2256 975 2299 καὶ
1002 2254 1101 2311 μετὰ
1127 2259 1203 2299 τοῦ
1233 2264 1260 2299 ἇ
1298 2255 1558 2312 φρατριάζειν

173 2445 234 2490 71)
259 2445 320 2480 His
344 2445 481 2481 accedit
503 2447 640 2481 tertium
660 2444 937 2490 Ἀκαδη,ιιαϊκός,
965 2455 1055 2490 quae
1079 2446 1251 2481 vocalium
1277 2448 1458 2482 conversio
1491 2456 1557 2481 non

83 2510 160 2536 rara
198 2504 268 2536 est:
299 2500 540 2545 πυῤῥιχιακός
574 2505 608 2536 et
643 2501 902 2546 πυρῥιχιιϊκός,
938 2501 1122 2535 bai-diacus
1158 2504 1193 2536 et
1223 2501 1428 2546 harduicus,
1467 2512 1557 2546 quac

84 2556 305 2592 Heinrichius
331 2556 373 2591 ad
397 2557 521 2592 Juven.
547 2557 631 2592 XVI.
661 2557 712 2593 13.
745 2557 890 2592 diversis
915 2556 1066 2591 attribuit
1099 2557 1289 2600 principiis.
1342 2557 1426 2591 Cum
1455 2557 1554 2590 'Amc-

86 2610 239 2655 (Γημικός
273 2615 307 2647 et
339 2611 605 2655 Ἀκαδημαϊκός
631 2612 840 2647 conserenda
869 2615 947 2645 sunt
969 2611 1136 2656 ’θριχικός
1164 2615 1199 2646 et
1223 2613 1387 2646 novitIum
1410 2612 1555 2655 Ὀρφαϊ-

86 2665 147 2704 κός
172 2677 203 2701 v.
230 2667 389 2702 Boisson.
418 2667 459 2701 ad
494 2667 636 2702 Zaeliar.
673 2678 706 2711 p.
732 2668 809 2704 354.
831 2665 993 2703 Ὑλλικός
1028 2670 1145 2711 portus
1170 2667 1331 2710 Apollon.
1357 2671 1393 2703 et
1419 2665 1555 2700 Ὓλλαϊ-

86 2720 323 2766 x6c'Tliucyd.
351 2726 384 2758 et
408 2723 508 2757 Dion.
534 2723 608 2757 Hal.

134 2788 279 2820 Luteci.
305 2789 487 2829 Patholog.
1247 2777 1295 2819 31
