<?xml version="1.0" encoding="UTF-8"?>
<!DOCTYPE html PUBLIC "-//W3C//DTD XHTML 1.0 Transitional//EN"
    "http://www.w3.org/TR/xhtml1/DTD/xhtml1-transitional.dtd">
<html xmlns="http://www.w3.org/1999/xhtml" xml:lang="en" lang="en">
 <head>
  <title>
</title>
<meta http-equiv="Content-Type" content="text/html;charset=utf-8" />
  <meta name='ocr-system' content='tesseract 3.04.00' />
  <meta name='ocr-capabilities' content='ocr_page ocr_carea ocr_par ocr_line ocrx_word'/>
</head>
<body>
  <div class='ocr_page' id='page_1' title='image "./pathologiaesermo00lobeuoft_0111.png"; bbox 0 0 1699 3021; ppageno 0'>
   <div class='ocr_carea' id='block_1_1' title="bbox 272 175 1554 234">
    <p class='ocr_par' dir='ltr' id='par_1_1' title="bbox 272 175 1554 234">
     <span class='ocr_line' id='line_1_1' title="bbox 272 175 1554 234; baseline 0.001 -6"><span class='ocrx_word' id='word_1_1' title='bbox 272 187 340 228; x_wconf 86' lang='lat' dir='ltr'>DE</span> <span class='ocrx_word' id='word_1_2' title='bbox 372 186 553 230; x_wconf 87' lang='lat' dir='ltr'><strong>NOMIN.</strong></span> <span class='ocrx_word' id='word_1_3' title='bbox 581 185 636 227; x_wconf 86' lang='lat' dir='ltr'>IN</span> <span class='ocrx_word' id='word_1_4' title='bbox 664 175 715 226; x_wconf 56' lang='grc' dir='ltr'>οἶ</span> <span class='ocrx_word' id='word_1_5' title='bbox 743 184 1089 227; x_wconf 88' lang='lat' dir='ltr'><strong>EXEUNTIBUS.</strong></span> <span class='ocrx_word' id='word_1_6' title='bbox 1128 186 1170 227; x_wconf 89' lang='lat' dir='ltr'>C.</span> <span class='ocrx_word' id='word_1_7' title='bbox 1190 186 1218 227; x_wconf 88' lang='grc' dir='ltr'>Ι.</span> <span class='ocrx_word' id='word_1_8' title='bbox 1249 190 1288 234; x_wconf 84' lang='lat'>§.</span> <span class='ocrx_word' id='word_1_9' title='bbox 1306 186 1343 229; x_wconf 91' lang='lat'>2.</span> <span class='ocrx_word' id='word_1_10' title='bbox 1493 189 1554 232; x_wconf 81' lang='lat'>93</span> 
     </span>
    </p>
   </div>
   <div class='ocr_carea' id='block_1_2' title="bbox 75 294 1553 1600">
    <p class='ocr_par' dir='ltr' id='par_1_2' title="bbox 75 294 1553 1600">
     <span class='ocr_line' id='line_1_2' title="bbox 81 294 1553 352; baseline 0.001 -13"><span class='ocrx_word' id='word_1_11' title='bbox 81 298 175 352; x_wconf 90' lang='lat' dir='ltr'>quia</span> <span class='ocrx_word' id='word_1_12' title='bbox 204 297 402 350; x_wconf 83' lang='lat' dir='ltr'>pituitosa</span> <span class='ocrx_word' id='word_1_13' title='bbox 431 302 472 338; x_wconf 88' lang='lat' dir='ltr'>et</span> <span class='ocrx_word' id='word_1_14' title='bbox 501 297 666 350; x_wconf 82' lang='lat' dir='ltr'>pinguia</span> <span class='ocrx_word' id='word_1_15' title='bbox 694 296 825 336; x_wconf 83' lang='lat' dir='ltr'>nitere</span> <span class='ocrx_word' id='word_1_16' title='bbox 847 294 1000 350; x_wconf 89' lang='lat' dir='ltr'>solent,</span> <span class='ocrx_word' id='word_1_17' title='bbox 1025 295 1165 344; x_wconf 80' lang='grc' dir='ltr'><strong><em>σίαλος</em></strong></span> <span class='ocrx_word' id='word_1_18' title='bbox 1185 294 1313 348; x_wconf 81' lang='lat' dir='ltr'>adeps</span> <span class='ocrx_word' id='word_1_19' title='bbox 1343 297 1489 339; x_wconf 91' lang='lat' dir='ltr'>dicitur</span> <span class='ocrx_word' id='word_1_20' title='bbox 1513 303 1553 341; x_wconf 91' lang='lat' dir='ltr'>et</span> 
     </span>
     <span class='ocr_line' id='line_1_3' title="bbox 81 361 1553 417; baseline 0.001 -13"><span class='ocrx_word' id='word_1_21' title='bbox 81 364 292 417; x_wconf 85' lang='lat' dir='ltr'>adipatus,</span> <span class='ocrx_word' id='word_1_22' title='bbox 335 364 410 411; x_wconf 78' lang='grc' dir='ltr'>σῦς</span> <span class='ocrx_word' id='word_1_23' title='bbox 443 362 582 411; x_wconf 78' lang='grc' dir='ltr'><em>σίαλος</em></span> <span class='ocrx_word' id='word_1_24' title='bbox 611 363 783 415; x_wconf 74' lang='lat' dir='ltr'>pinquis</span> <span class='ocrx_word' id='word_1_25' title='bbox 830 364 870 402; x_wconf 81' lang='lat' dir='ltr'>ec</span> <span class='ocrx_word' id='word_1_26' title='bbox 912 361 1072 403; x_wconf 77' lang='lat' dir='ltr'>nitidus</span> <span class='ocrx_word' id='word_1_27' title='bbox 1110 361 1214 403; x_wconf 83' lang='lat' dir='ltr'>bene</span> <span class='ocrx_word' id='word_1_28' title='bbox 1256 366 1411 404; x_wconf 82' lang='lat' dir='ltr'>curata</span> <span class='ocrx_word' id='word_1_29' title='bbox 1457 369 1553 407; x_wconf 80' lang='lat' dir='ltr'>cute</span> 
     </span>
     <span class='ocr_line' id='line_1_4' title="bbox 75 425 1552 482; baseline 0 -12"><span class='ocrx_word' id='word_1_30' title='bbox 75 440 255 482; x_wconf 76' lang='lat' dir='ltr'>porcus,</span> <span class='ocrx_word' id='word_1_31' title='bbox 289 440 371 469; x_wconf 92' lang='lat' dir='ltr'>uno</span> <span class='ocrx_word' id='word_1_32' title='bbox 401 429 527 470; x_wconf 75' lang='lat' dir='ltr'>verbo</span> <span class='ocrx_word' id='word_1_33' title='bbox 557 425 748 480; x_wconf 80' lang='grc' dir='ltr'><strong><em>λιπαρός,</em></strong></span> <span class='ocrx_word' id='word_1_34' title='bbox 787 426 1005 479; x_wconf 90' lang='lat' dir='ltr'>additaque</span> <span class='ocrx_word' id='word_1_35' title='bbox 1033 427 1228 480; x_wconf 83' lang='lat' dir='ltr'>gutturali</span> <span class='ocrx_word' id='word_1_36' title='bbox 1258 425 1456 480; x_wconf 82' lang='grc' dir='ltr'><em>σιγαλόεις</em></span> <span class='ocrx_word' id='word_1_37' title='bbox 1484 430 1552 470; x_wconf 92' lang='lat' dir='ltr'>ni-</span> 
     </span>
     <span class='ocr_line' id='line_1_5' title="bbox 81 492 1553 549; baseline -0.001 -13"><span class='ocrx_word' id='word_1_38' title='bbox 81 495 210 549; x_wconf 82' lang='lat' dir='ltr'>tiduS‚</span> <span class='ocrx_word' id='word_1_39' title='bbox 247 496 442 535; x_wconf 80' lang='grc' dir='ltr'><em>σιαλῶσαι</em></span> <span class='ocrx_word' id='word_1_40' title='bbox 473 496 560 536; x_wconf 85' lang='lat' dir='ltr'>sive</span> <span class='ocrx_word' id='word_1_41' title='bbox 589 494 812 547; x_wconf 77' lang='grc' dir='ltr'><em>σιγαλῶσαι</em></span> <span class='ocrx_word' id='word_1_42' title='bbox 848 492 1020 533; x_wconf 82' lang='lat' dir='ltr'>nitidare</span> <span class='ocrx_word' id='word_1_43' title='bbox 1059 497 1099 533; x_wconf 85' lang='lat' dir='ltr'>et</span> <span class='ocrx_word' id='word_1_44' title='bbox 1135 492 1380 545; x_wconf 80' lang='grc' dir='ltr'><em>νεοσίγαλος.</em></span> <span class='ocrx_word' id='word_1_45' title='bbox 1450 495 1553 536; x_wconf 84' lang='lat' dir='ltr'>Sunt</span> 
     </span>
     <span class='ocr_line' id='line_1_6' title="bbox 81 559 1551 613; baseline 0 -12"><span class='ocrx_word' id='word_1_46' title='bbox 81 572 179 602; x_wconf 93' lang='lat' dir='ltr'>vero</span> <span class='ocrx_word' id='word_1_47' title='bbox 208 561 288 601; x_wconf 84' lang='lat' dir='ltr'>alia</span> <span class='ocrx_word' id='word_1_48' title='bbox 317 562 438 602; x_wconf 86' lang='lat' dir='ltr'>altius</span> <span class='ocrx_word' id='word_1_49' title='bbox 469 561 679 602; x_wconf 86' lang='lat' dir='ltr'>abstrusa:</span> <span class='ocrx_word' id='word_1_50' title='bbox 717 559 912 600; x_wconf 82' lang='grc' dir='ltr'><strong><em>Σκίταλοι</em></strong></span> <span class='ocrx_word' id='word_1_51' title='bbox 940 559 1146 610; x_wconf 79' lang='lat' dir='ltr'>nequitiae</span> <span class='ocrx_word' id='word_1_52' title='bbox 1174 559 1411 613; x_wconf 83' lang='lat' dir='ltr'>praesides,</span> <span class='ocrx_word' id='word_1_53' title='bbox 1443 560 1551 612; x_wconf 90' lang='lat' dir='ltr'>quod</span> 
     </span>
     <span class='ocr_line' id='line_1_7' title="bbox 80 621 1551 677; baseline -0.001 -9"><span class='ocrx_word' id='word_1_54' title='bbox 80 637 230 668; x_wconf 91' lang='lat' dir='ltr'>nomen</span> <span class='ocrx_word' id='word_1_55' title='bbox 258 627 483 668; x_wconf 87' lang='lat' dir='ltr'>Meinekius</span> <span class='ocrx_word' id='word_1_56' title='bbox 514 627 624 668; x_wconf 90' lang='lat' dir='ltr'>Com.</span> <span class='ocrx_word' id='word_1_57' title='bbox 652 625 808 677; x_wconf 86' lang='lat' dir='ltr'>Fragm.</span> <span class='ocrx_word' id='word_1_58' title='bbox 840 624 881 665; x_wconf 91' lang='lat' dir='ltr'>T.</span> <span class='ocrx_word' id='word_1_59' title='bbox 909 624 954 665; x_wconf 92' lang='lat'>11.</span> <span class='ocrx_word' id='word_1_60' title='bbox 984 623 1076 665; x_wconf 85' lang='lat'><strong>353.</strong></span> <span class='ocrx_word' id='word_1_61' title='bbox 1107 635 1198 665; x_wconf 92' lang='lat' dir='ltr'>cum</span> <span class='ocrx_word' id='word_1_62' title='bbox 1226 621 1378 665; x_wconf 79' lang='grc' dir='ltr'>σκιτών</span> <span class='ocrx_word' id='word_1_63' title='bbox 1412 626 1551 677; x_wconf 78' lang='lat' dir='ltr'>futilis</span> 
     </span>
     <span class='ocr_line' id='line_1_8' title="bbox 81 689 1553 747; baseline -0.001 -13"><span class='ocrx_word' id='word_1_64' title='bbox 81 697 319 747; x_wconf 90' lang='lat' dir='ltr'>comparat,</span> <span class='ocrx_word' id='word_1_65' title='bbox 367 693 435 733; x_wconf 89' lang='lat' dir='ltr'>alii</span> <span class='ocrx_word' id='word_1_66' title='bbox 473 691 749 744; x_wconf 85' lang='lat' dir='ltr'>cacemphatis</span> <span class='ocrx_word' id='word_1_67' title='bbox 788 689 1030 742; x_wconf 79' lang='grc' dir='ltr'><strong><em>σκίυδαρος,</em></strong></span> <span class='ocrx_word' id='word_1_68' title='bbox 1079 691 1349 743; x_wconf 80' lang='grc' dir='ltr'>σκινθαρίζω,</span> <span class='ocrx_word' id='word_1_69' title='bbox 1403 699 1553 744; x_wconf 85' lang='grc' dir='ltr'><em>σκιμα-</em></span> 
     </span>
     <span class='ocr_line' id='line_1_9' title="bbox 79 753 1552 811; baseline -0.001 -13"><span class='ocrx_word' id='word_1_70' title='bbox 79 759 172 808; x_wconf 81' lang='grc' dir='ltr'><em>λίζω</em></span> <span class='ocrx_word' id='word_1_71' title='bbox 210 759 381 800; x_wconf 91' lang='lat' dir='ltr'>similius</span> <span class='ocrx_word' id='word_1_72' title='bbox 412 763 567 811; x_wconf 88' lang='lat' dir='ltr'>putant.</span> <span class='ocrx_word' id='word_1_73' title='bbox 624 759 668 800; x_wconf 95' lang='lat' dir='ltr'>In</span> <span class='ocrx_word' id='word_1_74' title='bbox 701 757 835 798; x_wconf 89' lang='lat' dir='ltr'>Gloss.</span> <span class='ocrx_word' id='word_1_75' title='bbox 866 753 1046 809; x_wconf 81' lang='grc' dir='ltr'><em>κήδαλον</em></span> <span class='ocrx_word' id='word_1_76' title='bbox 1068 767 1208 807; x_wconf 82' lang='lat' dir='ltr'>penae</span> <span class='ocrx_word' id='word_1_77' title='bbox 1238 759 1278 797; x_wconf 91' lang='lat' dir='ltr'>et</span> <span class='ocrx_word' id='word_1_78' title='bbox 1302 767 1443 808; x_wconf 80' lang='lat' dir='ltr'>penae</span> <span class='ocrx_word' id='word_1_79' title='bbox 1472 753 1552 810; x_wconf 83' lang='grc' dir='ltr'>κή-</span> 
     </span>
     <span class='ocr_line' id='line_1_10' title="bbox 80 818 1552 877; baseline -0.002 -11"><span class='ocrx_word' id='word_1_80' title='bbox 80 825 210 866; x_wconf 81' lang='grc' dir='ltr'><em>δαλον</em></span> <span class='ocrx_word' id='word_1_81' title='bbox 250 826 458 877; x_wconf 83' lang='lat' dir='ltr'>corrigunt</span> <span class='ocrx_word' id='word_1_82' title='bbox 489 826 611 876; x_wconf 72' lang='lat' dir='ltr'>penis</span> <span class='ocrx_word' id='word_1_83' title='bbox 658 835 710 864; x_wconf 77' lang='lat' dir='ltr'>ex</span> <span class='ocrx_word' id='word_1_84' title='bbox 746 822 952 874; x_wconf 77' lang='lat' dir='ltr'>Hesychio</span> <span class='ocrx_word' id='word_1_85' title='bbox 993 818 1192 875; x_wconf 83' lang='grc' dir='ltr'><em>Κήδαλον</em></span> <span class='ocrx_word' id='word_1_86' title='bbox 1232 821 1394 863; x_wconf 83' lang='grc' dir='ltr'><em>αἰδοῖον</em></span> <span class='ocrx_word' id='word_1_87' title='bbox 1430 818 1552 874; x_wconf 78' lang='grc' dir='ltr'><strong><em>κέρας</em></strong></span> 
     </span>
     <span class='ocr_line' id='line_1_11' title="bbox 80 887 1550 943; baseline -0.001 -11"><span class='ocrx_word' id='word_1_88' title='bbox 80 888 357 943; x_wconf 80' lang='grc' dir='ltr'>σκάλευθρον,</span> <span class='ocrx_word' id='word_1_89' title='bbox 403 890 549 941; x_wconf 86' lang='lat' dir='ltr'>quibus</span> <span class='ocrx_word' id='word_1_90' title='bbox 589 891 625 931; x_wconf 93' lang='lat' dir='ltr'>si</span> <span class='ocrx_word' id='word_1_91' title='bbox 662 889 899 930; x_wconf 85' lang='lat' dir='ltr'>adhibemus</span> <span class='ocrx_word' id='word_1_92' title='bbox 928 887 1096 928; x_wconf 85' lang='lat' dir='ltr'>verbum</span> <span class='ocrx_word' id='word_1_93' title='bbox 1126 888 1176 928; x_wconf 91' lang='lat' dir='ltr'>ab</span> <span class='ocrx_word' id='word_1_94' title='bbox 1205 887 1349 929; x_wconf 86' lang='lat' dir='ltr'>eodem</span> <span class='ocrx_word' id='word_1_95' title='bbox 1378 888 1550 930; x_wconf 89' lang='lat' dir='ltr'>relatum</span> 
     </span>
     <span class='ocr_line' id='line_1_12' title="bbox 80 953 1550 1010; baseline -0.002 -13"><span class='ocrx_word' id='word_1_96' title='bbox 80 953 257 1010; x_wconf 81' lang='grc' dir='ltr'><em>Κηδάζει</em></span> <span class='ocrx_word' id='word_1_97' title='bbox 292 955 483 1006; x_wconf 77' lang='grc' dir='ltr'><em>καθαίρει</em></span> <span class='ocrx_word' id='word_1_98' title='bbox 517 954 736 1007; x_wconf 79' lang='grc' dir='ltr'><em>κηδαλίζει,</em></span> <span class='ocrx_word' id='word_1_99' title='bbox 779 958 819 995; x_wconf 86' lang='lat' dir='ltr'>et</span> <span class='ocrx_word' id='word_1_100' title='bbox 849 953 900 995; x_wconf 91' lang='lat' dir='ltr'>ad</span> <span class='ocrx_word' id='word_1_101' title='bbox 928 954 1030 994; x_wconf 90' lang='lat' dir='ltr'>haec</span> <span class='ocrx_word' id='word_1_102' title='bbox 1059 954 1358 994; x_wconf 88' lang='lat' dir='ltr'>meminerimus</span> <span class='ocrx_word' id='word_1_103' title='bbox 1386 958 1550 994; x_wconf 88' lang='lat' dir='ltr'>veteres</span> 
     </span>
     <span class='ocr_line' id='line_1_13' title="bbox 79 1018 1549 1075; baseline -0.003 -11"><span class='ocrx_word' id='word_1_104' title='bbox 79 1022 131 1064; x_wconf 91' lang='lat' dir='ltr'>ad</span> <span class='ocrx_word' id='word_1_105' title='bbox 169 1020 402 1075; x_wconf 80' lang='lat' dir='ltr'>purgandas</span> <span class='ocrx_word' id='word_1_106' title='bbox 442 1019 589 1060; x_wconf 92' lang='lat' dir='ltr'>sordes</span> <span class='ocrx_word' id='word_1_107' title='bbox 629 1018 770 1059; x_wconf 89' lang='lat' dir='ltr'>caudis</span> <span class='ocrx_word' id='word_1_108' title='bbox 808 1018 1006 1069; x_wconf 90' lang='lat' dir='ltr'>leporinis</span> <span class='ocrx_word' id='word_1_109' title='bbox 1044 1018 1290 1070; x_wconf 89' lang='lat' dir='ltr'>bubulisque</span> <span class='ocrx_word' id='word_1_110' title='bbox 1322 1030 1423 1059; x_wconf 92' lang='lat' dir='ltr'>usos</span> <span class='ocrx_word' id='word_1_111' title='bbox 1454 1030 1549 1060; x_wconf 91' lang='lat' dir='ltr'>esse</span> 
     </span>
     <span class='ocr_line' id='line_1_14' title="bbox 79 1082 1549 1140; baseline -0.003 -12"><span class='ocrx_word' id='word_1_112' title='bbox 79 1098 155 1140; x_wconf 91' lang='lat' dir='ltr'>pro</span> <span class='ocrx_word' id='word_1_113' title='bbox 186 1086 388 1139; x_wconf 87' lang='lat' dir='ltr'>penicillis</span> <span class='ocrx_word' id='word_1_114' title='bbox 417 1097 453 1126; x_wconf 86' lang='lat' dir='ltr'>v.</span> <span class='ocrx_word' id='word_1_115' title='bbox 481 1085 607 1125; x_wconf 91' lang='lat' dir='ltr'>Arist.</span> <span class='ocrx_word' id='word_1_116' title='bbox 636 1084 738 1135; x_wconf 89' lang='lat' dir='ltr'>qu.</span> <span class='ocrx_word' id='word_1_117' title='bbox 768 1082 859 1124; x_wconf 77' lang='lat'>909.</span> <span class='ocrx_word' id='word_1_118' title='bbox 902 1083 1008 1135; x_wconf 85' lang='lat' dir='ltr'>Virg.</span> <span class='ocrx_word' id='word_1_119' title='bbox 1037 1084 1138 1124; x_wconf 90' lang='lat' dir='ltr'>Mor.</span> <span class='ocrx_word' id='word_1_120' title='bbox 1167 1083 1232 1124; x_wconf 88' lang='lat'>23.</span> <span class='ocrx_word' id='word_1_121' title='bbox 1271 1094 1354 1124; x_wconf 91' lang='lat' dir='ltr'>non</span> <span class='ocrx_word' id='word_1_122' title='bbox 1384 1083 1549 1124; x_wconf 89' lang='lat' dir='ltr'>dubita-</span> 
     </span>
     <span class='ocr_line' id='line_1_15' title="bbox 78 1148 1548 1202; baseline -0.002 -9"><span class='ocrx_word' id='word_1_123' title='bbox 78 1152 211 1193; x_wconf 89' lang='lat' dir='ltr'>bimus</span> <span class='ocrx_word' id='word_1_124' title='bbox 239 1152 407 1193; x_wconf 86' lang='lat' dir='ltr'>latinum</span> <span class='ocrx_word' id='word_1_125' title='bbox 438 1151 545 1192; x_wconf 80' lang='lat' dir='ltr'>coda</span> <span class='ocrx_word' id='word_1_126' title='bbox 574 1148 764 1202; x_wconf 77' lang='lat' dir='ltr'>primitivi</span> <span class='ocrx_word' id='word_1_127' title='bbox 792 1148 886 1189; x_wconf 89' lang='lat' dir='ltr'>loco</span> <span class='ocrx_word' id='word_1_128' title='bbox 917 1148 1129 1190; x_wconf 80' lang='lat' dir='ltr'>ducere.2⁰</span> <span class='ocrx_word' id='word_1_129' title='bbox 1185 1148 1303 1197; x_wconf 87' lang='lat' dir='ltr'>Quod</span> <span class='ocrx_word' id='word_1_130' title='bbox 1324 1160 1422 1190; x_wconf 87' lang='lat' dir='ltr'>vero</span> <span class='ocrx_word' id='word_1_131' title='bbox 1443 1149 1548 1190; x_wconf 90' lang='lat' dir='ltr'>idem</span> 
     </span>
     <span class='ocr_line' id='line_1_16' title="bbox 80 1213 1548 1269; baseline -0.001 -11"><span class='ocrx_word' id='word_1_132' title='bbox 80 1218 196 1259; x_wconf 78' lang='lat' dir='ltr'>affert</span> <span class='ocrx_word' id='word_1_133' title='bbox 223 1217 390 1258; x_wconf 80' lang='grc' dir='ltr'><em>κίδαλον</em></span> <span class='ocrx_word' id='word_1_134' title='bbox 418 1213 643 1269; x_wconf 80' lang='grc' dir='ltr'><em>κρόμμυον,</em></span> <span class='ocrx_word' id='word_1_135' title='bbox 674 1214 845 1267; x_wconf 89' lang='lat' dir='ltr'>propius</span> <span class='ocrx_word' id='word_1_136' title='bbox 876 1214 1073 1255; x_wconf 82' lang='lat' dir='ltr'>accedere</span> <span class='ocrx_word' id='word_1_137' title='bbox 1102 1213 1262 1255; x_wconf 83' lang='lat' dir='ltr'>videtur</span> <span class='ocrx_word' id='word_1_138' title='bbox 1291 1213 1342 1254; x_wconf 89' lang='lat' dir='ltr'>ad</span> <span class='ocrx_word' id='word_1_139' title='bbox 1368 1215 1548 1266; x_wconf 83' lang='grc' dir='ltr'>κίταλον,</span> 
     </span>
     <span class='ocr_line' id='line_1_17' title="bbox 79 1280 1550 1336; baseline -0.001 -12"><span class='ocrx_word' id='word_1_140' title='bbox 79 1295 160 1336; x_wconf 92' lang='lat' dir='ltr'>quo</span> <span class='ocrx_word' id='word_1_141' title='bbox 201 1282 345 1324; x_wconf 89' lang='lat' dir='ltr'>Graeci</span> <span class='ocrx_word' id='word_1_142' title='bbox 381 1294 489 1324; x_wconf 92' lang='lat' dir='ltr'>nunc</span> <span class='ocrx_word' id='word_1_143' title='bbox 528 1285 706 1323; x_wconf 87' lang='lat' dir='ltr'>crustam</span> <span class='ocrx_word' id='word_1_144' title='bbox 741 1281 859 1333; x_wconf 90' lang='lat' dir='ltr'>panis</span> <span class='ocrx_word' id='word_1_145' title='bbox 898 1281 1127 1332; x_wconf 87' lang='lat' dir='ltr'>significant</span> <span class='ocrx_word' id='word_1_146' title='bbox 1156 1280 1327 1322; x_wconf 89' lang='lat' dir='ltr'>similem</span> <span class='ocrx_word' id='word_1_147' title='bbox 1357 1281 1550 1323; x_wconf 82' lang='lat' dir='ltr'>folliculis</span> 
     </span>
     <span class='ocr_line' id='line_1_18' title="bbox 80 1346 1550 1403; baseline -0.001 -13"><span class='ocrx_word' id='word_1_148' title='bbox 80 1360 297 1403; x_wconf 87' lang='lat' dir='ltr'>caeparum</span> <span class='ocrx_word' id='word_1_149' title='bbox 327 1348 575 1400; x_wconf 89' lang='lat' dir='ltr'>aliarumque</span> <span class='ocrx_word' id='word_1_150' title='bbox 607 1349 785 1400; x_wconf 80' lang='lat' dir='ltr'>frugum,</span> <span class='ocrx_word' id='word_1_151' title='bbox 829 1357 935 1399; x_wconf 90' lang='lat' dir='ltr'>quos</span> <span class='ocrx_word' id='word_1_152' title='bbox 965 1346 1120 1398; x_wconf 86' lang='lat' dir='ltr'>antiqui</span> <span class='ocrx_word' id='word_1_153' title='bbox 1148 1346 1322 1399; x_wconf 78' lang='grc' dir='ltr'>χιτῶνας</span> <span class='ocrx_word' id='word_1_154' title='bbox 1360 1351 1400 1388; x_wconf 86' lang='lat' dir='ltr'>et</span> <span class='ocrx_word' id='word_1_155' title='bbox 1440 1348 1550 1388; x_wconf 85' lang='lat' dir='ltr'>tuni-</span> 
     </span>
     <span class='ocr_line' id='line_1_19' title="bbox 80 1411 1547 1466; baseline -0.001 -10"><span class='ocrx_word' id='word_1_156' title='bbox 80 1427 151 1457; x_wconf 88' lang='lat' dir='ltr'>cas</span> <span class='ocrx_word' id='word_1_157' title='bbox 188 1414 324 1456; x_wconf 86' lang='lat' dir='ltr'>dicere</span> <span class='ocrx_word' id='word_1_158' title='bbox 362 1414 558 1456; x_wconf 82' lang='lat' dir='ltr'>solent.2¹</span> <span class='ocrx_word' id='word_1_159' title='bbox 614 1413 778 1454; x_wconf 80' lang='lat' dir='ltr'>Interim</span> <span class='ocrx_word' id='word_1_160' title='bbox 816 1411 918 1453; x_wconf 86' lang='lat' dir='ltr'>haec</span> <span class='ocrx_word' id='word_1_161' title='bbox 957 1423 1007 1453; x_wconf 95' lang='lat' dir='ltr'>eo</span> <span class='ocrx_word' id='word_1_162' title='bbox 1038 1412 1170 1452; x_wconf 91' lang='lat' dir='ltr'>minus</span> <span class='ocrx_word' id='word_1_163' title='bbox 1202 1423 1424 1466; x_wconf 83' lang='lat' dir='ltr'>assevero,</span> <span class='ocrx_word' id='word_1_164' title='bbox 1467 1424 1547 1465; x_wconf 90' lang='lat' dir='ltr'>quo</span> 
     </span>
     <span class='ocr_line' id='line_1_20' title="bbox 79 1475 1549 1534; baseline -0.003 -12"><span class='ocrx_word' id='word_1_165' title='bbox 79 1481 197 1534; x_wconf 88' lang='lat' dir='ltr'>plura</span> <span class='ocrx_word' id='word_1_166' title='bbox 225 1484 384 1522; x_wconf 87' lang='lat' dir='ltr'>restant</span> <span class='ocrx_word' id='word_1_167' title='bbox 410 1478 726 1532; x_wconf 84' lang='lat' dir='ltr'>inexplicabilia,</span> <span class='ocrx_word' id='word_1_168' title='bbox 755 1478 867 1519; x_wconf 77' lang='lat' dir='ltr'>velut</span> <span class='ocrx_word' id='word_1_169' title='bbox 897 1478 1088 1520; x_wconf 91' lang='lat' dir='ltr'>arborum</span> <span class='ocrx_word' id='word_1_170' title='bbox 1107 1478 1273 1518; x_wconf 91' lang='lat' dir='ltr'>nomina</span> <span class='ocrx_word' id='word_1_171' title='bbox 1292 1475 1549 1530; x_wconf 76' lang='grc' dir='ltr'><em>θραύπαλος,</em></span> 
     </span>
     <span class='ocr_line' id='line_1_21' title="bbox 78 1539 1549 1600; baseline -0.001 -13"><span class='ocrx_word' id='word_1_172' title='bbox 78 1544 288 1600; x_wconf 81' lang='grc' dir='ltr'><strong><em>πρόμαλος</em></strong></span> <span class='ocrx_word' id='word_1_173' title='bbox 327 1550 366 1588; x_wconf 86' lang='lat' dir='ltr'>et</span> <span class='ocrx_word' id='word_1_174' title='bbox 405 1546 666 1587; x_wconf 82' lang='lat' dir='ltr'>animantium</span> <span class='ocrx_word' id='word_1_175' title='bbox 705 1541 905 1597; x_wconf 77' lang='grc' dir='ltr'><em>ἄστραλος</em></span> <span class='ocrx_word' id='word_1_176' title='bbox 943 1539 966 1585; x_wconf 88' lang='grc' dir='ltr'>ὁ</span> <span class='ocrx_word' id='word_1_177' title='bbox 994 1541 1129 1596; x_wconf 81' lang='grc' dir='ltr'><strong><em>ψαρός</em></strong></span> <span class='ocrx_word' id='word_1_178' title='bbox 1157 1544 1304 1586; x_wconf 79' lang='lat' dir='ltr'>Hes.22</span> <span class='ocrx_word' id='word_1_179' title='bbox 1334 1541 1549 1596; x_wconf 79' lang='grc' dir='ltr'><em>δάνδαλος,</em></span> 
     </span>
    </p>
   </div>
   <div class='ocr_carea' id='block_1_3' title="bbox 76 1713 1562 2780">
    <p class='ocr_par' dir='ltr' id='par_1_3' title="bbox 78 1713 1552 1869">
     <span class='ocr_line' id='line_1_22' title="bbox 78 1713 1549 1761; baseline -0.001 -12"><span class='ocrx_word' id='word_1_180' title='bbox 78 1718 290 1761; x_wconf 70' lang='grc' dir='ltr'>προαίρεσιν</span> <span class='ocrx_word' id='word_1_181' title='bbox 315 1717 485 1760; x_wconf 71' lang='lat' dir='ltr'>(sputum)</span> <span class='ocrx_word' id='word_1_182' title='bbox 511 1714 528 1749; x_wconf 85' lang='grc' dir='ltr'><em>ὃ</em></span> <span class='ocrx_word' id='word_1_183' title='bbox 556 1715 593 1748; x_wconf 72' lang='grc' dir='ltr'>δὲ</span> <span class='ocrx_word' id='word_1_184' title='bbox 621 1715 741 1751; x_wconf 75' lang='grc' dir='ltr'><em>σίαλος</em></span> <span class='ocrx_word' id='word_1_185' title='bbox 764 1713 975 1758; x_wconf 69' lang='grc' dir='ltr'><em>αὐτομάτως</em></span> <span class='ocrx_word' id='word_1_186' title='bbox 999 1714 1073 1757; x_wconf 73' lang='grc' dir='ltr'>ῥεῖ,</span> <span class='ocrx_word' id='word_1_187' title='bbox 1110 1713 1174 1749; x_wconf 79' lang='lat' dir='ltr'>sed</span> <span class='ocrx_word' id='word_1_188' title='bbox 1200 1723 1268 1747; x_wconf 83' lang='lat' dir='ltr'>non</span> <span class='ocrx_word' id='word_1_189' title='bbox 1293 1718 1447 1749; x_wconf 80' lang='lat' dir='ltr'>Servatur</span> <span class='ocrx_word' id='word_1_190' title='bbox 1472 1714 1549 1748; x_wconf 90' lang='lat' dir='ltr'>dis-</span> 
     </span>
     <span class='ocr_line' id='line_1_23' title="bbox 80 1769 1552 1814; baseline -0.002 -9"><span class='ocrx_word' id='word_1_191' title='bbox 80 1772 221 1805; x_wconf 82' lang='lat' dir='ltr'>crimen.</span> <span class='ocrx_word' id='word_1_192' title='bbox 267 1771 390 1807; x_wconf 72' lang='grc' dir='ltr'><strong><em>Σιιιλίς</em></strong></span> <span class='ocrx_word' id='word_1_193' title='bbox 412 1771 556 1813; x_wconf 68' lang='grc' dir='ltr'><em>βλέννος</em></span> <span class='ocrx_word' id='word_1_194' title='bbox 580 1770 662 1805; x_wconf 88' lang='lat' dir='ltr'>Hes.</span> <span class='ocrx_word' id='word_1_195' title='bbox 688 1771 743 1805; x_wconf 80' lang='lat' dir='ltr'>vel</span> <span class='ocrx_word' id='word_1_196' title='bbox 768 1771 924 1814; x_wconf 80' lang='lat' dir='ltr'>pituitam</span> <span class='ocrx_word' id='word_1_197' title='bbox 953 1769 1151 1812; x_wconf 80' lang='lat' dir='ltr'>significans</span> <span class='ocrx_word' id='word_1_198' title='bbox 1174 1769 1230 1804; x_wconf 91' lang='lat' dir='ltr'>vel</span> <span class='ocrx_word' id='word_1_199' title='bbox 1255 1769 1387 1812; x_wconf 87' lang='lat' dir='ltr'>piscem</span> <span class='ocrx_word' id='word_1_200' title='bbox 1403 1769 1552 1812; x_wconf 74' lang='grc' dir='ltr'><em>βλένναν</em></span> 
     </span>
     <span class='ocr_line' id='line_1_24' title="bbox 79 1824 1238 1869; baseline -0.002 -9"><span class='ocrx_word' id='word_1_201' title='bbox 79 1827 227 1861; x_wconf 87' lang='lat' dir='ltr'>similem</span> <span class='ocrx_word' id='word_1_202' title='bbox 253 1826 371 1869; x_wconf 85' lang='lat' dir='ltr'>mugili</span> <span class='ocrx_word' id='word_1_203' title='bbox 401 1827 475 1861; x_wconf 89' lang='lat' dir='ltr'>sive</span> <span class='ocrx_word' id='word_1_204' title='bbox 498 1827 653 1869; x_wconf 75' lang='grc' dir='ltr'><em>μυξίνῳ,</em></span> <span class='ocrx_word' id='word_1_205' title='bbox 684 1835 761 1860; x_wconf 90' lang='lat' dir='ltr'>nam</span> <span class='ocrx_word' id='word_1_206' title='bbox 787 1824 883 1868; x_wconf 77' lang='grc' dir='ltr'>μύξα</span> <span class='ocrx_word' id='word_1_207' title='bbox 910 1829 944 1860; x_wconf 84' lang='lat' dir='ltr'>et</span> <span class='ocrx_word' id='word_1_208' title='bbox 966 1825 1111 1867; x_wconf 74' lang='grc' dir='ltr'><em>βλέννος</em></span> <span class='ocrx_word' id='word_1_209' title='bbox 1133 1824 1238 1860; x_wconf 91' lang='lat' dir='ltr'>idem.</span> 
     </span>
    </p>

    <p class='ocr_par' dir='ltr' id='par_1_4' title="bbox 76 1891 1552 2328">
     <span class='ocr_line' id='line_1_25' title="bbox 168 1891 1549 1935; baseline 0.001 -11"><span class='ocrx_word' id='word_1_210' title='bbox 168 1893 229 1935; x_wconf 86' lang='grc'>20)</span> <span class='ocrx_word' id='word_1_211' title='bbox 263 1892 389 1925; x_wconf 71' lang='lat' dir='ltr'>Ocelum</span> <span class='ocrx_word' id='word_1_212' title='bbox 413 1893 541 1935; x_wconf 71' lang='lat' dir='ltr'>antiqui</span> <span class='ocrx_word' id='word_1_213' title='bbox 571 1902 686 1934; x_wconf 78' lang='lat' dir='ltr'>penem</span> <span class='ocrx_word' id='word_1_214' title='bbox 713 1891 876 1924; x_wconf 76' lang='lat' dir='ltr'>vocabant</span> <span class='ocrx_word' id='word_1_215' title='bbox 902 1891 988 1924; x_wconf 77' lang='lat' dir='ltr'>unde</span> <span class='ocrx_word' id='word_1_216' title='bbox 1011 1895 1042 1923; x_wconf 80' lang='lat' dir='ltr'>et</span> <span class='ocrx_word' id='word_1_217' title='bbox 1063 1891 1208 1934; x_wconf 76' lang='lat' dir='ltr'>peniculi</span> <span class='ocrx_word' id='word_1_218' title='bbox 1231 1892 1306 1934; x_wconf 68' lang='lat' dir='ltr'>quis</span> <span class='ocrx_word' id='word_1_219' title='bbox 1330 1892 1549 1925; x_wconf 70' lang='lat' dir='ltr'>calciamenta</span> 
     </span>
     <span class='ocr_line' id='line_1_26' title="bbox 80 1946 1548 1991; baseline 0 -11"><span class='ocrx_word' id='word_1_220' title='bbox 80 1952 264 1990; x_wconf 55' lang='lat' dir='ltr'>tei-ymnum</span> <span class='ocrx_word' id='word_1_221' title='bbox 289 1948 375 1991; x_wconf 77' lang='lat' dir='ltr'>quod</span> <span class='ocrx_word' id='word_1_222' title='bbox 398 1957 415 1980; x_wconf 86' lang='lat' dir='ltr'>e</span> <span class='ocrx_word' id='word_1_223' title='bbox 439 1948 530 1980; x_wconf 80' lang='lat' dir='ltr'>codis</span> <span class='ocrx_word' id='word_1_224' title='bbox 553 1948 713 1980; x_wconf 73' lang='lat' dir='ltr'>extremis</span> <span class='ocrx_word' id='word_1_225' title='bbox 736 1947 858 1987; x_wconf 77' lang='lat' dir='ltr'>fiebant</span> <span class='ocrx_word' id='word_1_226' title='bbox 882 1947 974 1982; x_wconf 81' lang='lat' dir='ltr'>Fest.</span> <span class='ocrx_word' id='word_1_227' title='bbox 1012 1947 1108 1982; x_wconf 83' lang='lat' dir='ltr'>Idem</span> <span class='ocrx_word' id='word_1_228' title='bbox 1143 1946 1288 1981; x_wconf 74' lang='lat' dir='ltr'>sortasse</span> <span class='ocrx_word' id='word_1_229' title='bbox 1315 1951 1368 1981; x_wconf 81' lang='lat' dir='ltr'>est</span> <span class='ocrx_word' id='word_1_230' title='bbox 1391 1946 1548 1991; x_wconf 65' lang='grc' dir='ltr'><em>Κόῧημα</em></span> 
     </span>
     <span class='ocr_line' id='line_1_27' title="bbox 79 2002 1550 2046; baseline 0.001 -11"><span class='ocrx_word' id='word_1_231' title='bbox 79 2002 137 2035; x_wconf 76' lang='grc' dir='ltr'>ἐπὶ</span> <span class='ocrx_word' id='word_1_232' title='bbox 162 2003 225 2034; x_wconf 71' lang='grc' dir='ltr'>τοῦ</span> <span class='ocrx_word' id='word_1_233' title='bbox 247 2003 387 2035; x_wconf 72' lang='grc' dir='ltr'><em>αἰδοίου</em></span> <span class='ocrx_word' id='word_1_234' title='bbox 412 2003 494 2038; x_wconf 79' lang='lat' dir='ltr'>Hes.</span> <span class='ocrx_word' id='word_1_235' title='bbox 521 2003 623 2037; x_wconf 88' lang='lat' dir='ltr'>Penis</span> <span class='ocrx_word' id='word_1_236' title='bbox 649 2007 780 2045; x_wconf 80' lang='lat' dir='ltr'>autem,</span> <span class='ocrx_word' id='word_1_237' title='bbox 814 2002 906 2038; x_wconf 89' lang='lat' dir='ltr'>unde</span> <span class='ocrx_word' id='word_1_238' title='bbox 933 2003 1074 2046; x_wconf 85' lang='lat' dir='ltr'>pipinna</span> <span class='ocrx_word' id='word_1_239' title='bbox 1100 2005 1134 2037; x_wconf 87' lang='lat' dir='ltr'>et</span> <span class='ocrx_word' id='word_1_240' title='bbox 1159 2003 1276 2045; x_wconf 87' lang='lat' dir='ltr'>penita</span> <span class='ocrx_word' id='word_1_241' title='bbox 1304 2002 1389 2045; x_wconf 76' lang='lat' dir='ltr'>offa,</span> <span class='ocrx_word' id='word_1_242' title='bbox 1415 2002 1456 2036; x_wconf 87' lang='lat' dir='ltr'>ab</span> <span class='ocrx_word' id='word_1_243' title='bbox 1483 2002 1550 2036; x_wconf 87' lang='lat' dir='ltr'>ad-</span> 
     </span>
     <span class='ocr_line' id='line_1_28' title="bbox 76 2057 1550 2102; baseline 0 -9"><span class='ocrx_word' id='word_1_244' title='bbox 76 2060 206 2101; x_wconf 81' lang='lat' dir='ltr'>jectivo</span> <span class='ocrx_word' id='word_1_245' title='bbox 232 2069 359 2102; x_wconf 78' lang='lat' dir='ltr'>pennus</span> <span class='ocrx_word' id='word_1_246' title='bbox 384 2062 503 2101; x_wconf 61' lang='lat' dir='ltr'>acutus</span> <span class='ocrx_word' id='word_1_247' title='bbox 531 2057 668 2092; x_wconf 86' lang='lat' dir='ltr'>ductum</span> <span class='ocrx_word' id='word_1_248' title='bbox 688 2057 833 2101; x_wconf 83' lang='lat' dir='ltr'>videtur,</span> <span class='ocrx_word' id='word_1_249' title='bbox 860 2061 895 2091; x_wconf 88' lang='lat' dir='ltr'>ut</span> <span class='ocrx_word' id='word_1_250' title='bbox 914 2062 947 2093; x_wconf 90' lang='lat' dir='ltr'>et</span> <span class='ocrx_word' id='word_1_251' title='bbox 965 2062 1129 2100; x_wconf 73' lang='lat' dir='ltr'>pennatae</span> <span class='ocrx_word' id='word_1_252' title='bbox 1149 2068 1257 2100; x_wconf 71' lang='lat' dir='ltr'>aynae</span> <span class='ocrx_word' id='word_1_253' title='bbox 1276 2057 1343 2092; x_wconf 84' lang='lat' dir='ltr'>hoc</span> <span class='ocrx_word' id='word_1_254' title='bbox 1362 2061 1414 2093; x_wconf 86' lang='lat' dir='ltr'>est</span> <span class='ocrx_word' id='word_1_255' title='bbox 1430 2059 1550 2102; x_wconf 84' lang='lat' dir='ltr'>spicae</span> 
     </span>
     <span class='ocr_line' id='line_1_29' title="bbox 81 2113 1552 2158; baseline 0.001 -11"><span class='ocrx_word' id='word_1_256' title='bbox 81 2124 156 2147; x_wconf 68' lang='lat' dir='ltr'>cum</span> <span class='ocrx_word' id='word_1_257' title='bbox 184 2116 296 2148; x_wconf 83' lang='lat' dir='ltr'>aristis</span> <span class='ocrx_word' id='word_1_258' title='bbox 322 2113 413 2148; x_wconf 86' lang='lat' dir='ltr'>Fest.</span> <span class='ocrx_word' id='word_1_259' title='bbox 439 2114 544 2158; x_wconf 82' lang='lat' dir='ltr'>Spica</span> <span class='ocrx_word' id='word_1_260' title='bbox 568 2124 650 2149; x_wconf 78' lang='lat' dir='ltr'>vero</span> <span class='ocrx_word' id='word_1_261' title='bbox 675 2114 873 2149; x_wconf 81' lang='lat' dir='ltr'>hordeacea</span> <span class='ocrx_word' id='word_1_262' title='bbox 901 2123 1004 2157; x_wconf 88' lang='lat' dir='ltr'>quum</span> <span class='ocrx_word' id='word_1_263' title='bbox 1031 2115 1075 2147; x_wconf 83' lang='lat' dir='ltr'>sit</span> <span class='ocrx_word' id='word_1_264' title='bbox 1100 2114 1254 2157; x_wconf 89' lang='lat' dir='ltr'>penicilli</span> <span class='ocrx_word' id='word_1_265' title='bbox 1275 2114 1459 2157; x_wconf 86' lang='lat' dir='ltr'>simillima,</span> <span class='ocrx_word' id='word_1_266' title='bbox 1485 2123 1552 2148; x_wconf 93' lang='lat' dir='ltr'>non</span> 
     </span>
     <span class='ocr_line' id='line_1_30' title="bbox 81 2168 1550 2214; baseline -0.001 -11"><span class='ocrx_word' id='word_1_267' title='bbox 81 2171 201 2204; x_wconf 82' lang='lat' dir='ltr'>mirum</span> <span class='ocrx_word' id='word_1_268' title='bbox 227 2173 280 2205; x_wconf 82' lang='lat' dir='ltr'>est</span> <span class='ocrx_word' id='word_1_269' title='bbox 304 2179 429 2214; x_wconf 83' lang='lat' dir='ltr'>perlem</span> <span class='ocrx_word' id='word_1_270' title='bbox 457 2170 525 2204; x_wconf 88' lang='lat' dir='ltr'>dici</span> <span class='ocrx_word' id='word_1_271' title='bbox 553 2169 687 2214; x_wconf 67' lang='grc' dir='ltr'>κριθήν</span> <span class='ocrx_word' id='word_1_272' title='bbox 712 2170 793 2205; x_wconf 80' lang='lat' dir='ltr'>Hes.</span> <span class='ocrx_word' id='word_1_273' title='bbox 823 2171 880 2213; x_wconf 91' lang='lat' dir='ltr'>qui</span> <span class='ocrx_word' id='word_1_274' title='bbox 909 2179 969 2213; x_wconf 87' lang='lat' dir='ltr'>pro</span> <span class='ocrx_word' id='word_1_275' title='bbox 995 2172 1125 2214; x_wconf 69' lang='grc' dir='ltr'><em>κρίθον</em></span> <span class='ocrx_word' id='word_1_276' title='bbox 1157 2168 1349 2213; x_wconf 79' lang='grc' dir='ltr'><em>ἐπώνυμον</em></span> <span class='ocrx_word' id='word_1_277' title='bbox 1383 2169 1550 2214; x_wconf 76' lang='grc' dir='ltr'>ἀνδροκι-</span> 
     </span>
     <span class='ocr_line' id='line_1_31' title="bbox 82 2222 1552 2270; baseline 0 -14"><span class='ocrx_word' id='word_1_278' title='bbox 82 2223 193 2257; x_wconf 53' lang='lat' dir='ltr'>(iiiam)</span> <span class='ocrx_word' id='word_1_279' title='bbox 227 2227 278 2259; x_wconf 86' lang='lat' dir='ltr'>sic</span> <span class='ocrx_word' id='word_1_280' title='bbox 303 2227 486 2269; x_wconf 82' lang='lat' dir='ltr'>scripsisse</span> <span class='ocrx_word' id='word_1_281' title='bbox 518 2226 656 2261; x_wconf 86' lang='lat' dir='ltr'>videtur</span> <span class='ocrx_word' id='word_1_282' title='bbox 689 2229 829 2270; x_wconf 68' lang='lat' dir='ltr'>xpi-&#39;hou</span> <span class='ocrx_word' id='word_1_283' title='bbox 860 2224 1051 2268; x_wconf 76' lang='grc' dir='ltr'>ἐπώνυμον</span> <span class='ocrx_word' id='word_1_284' title='bbox 1085 2224 1250 2269; x_wconf 77' lang='grc' dir='ltr'>(παιδός)</span> <span class='ocrx_word' id='word_1_285' title='bbox 1276 2222 1552 2270; x_wconf 76' lang='grc' dir='ltr'>ἄνδροκηδάλου</span> 
     </span>
     <span class='ocr_line' id='line_1_32' title="bbox 80 2279 1257 2328; baseline -0.002 -14"><span class='ocrx_word' id='word_1_286' title='bbox 80 2283 117 2314; x_wconf 83' lang='lat' dir='ltr'>ut</span> <span class='ocrx_word' id='word_1_287' title='bbox 139 2279 385 2325; x_wconf 70' lang='grc' dir='ltr'>(ἷνδροσάθων</span> <span class='ocrx_word' id='word_1_288' title='bbox 409 2279 426 2314; x_wconf 87' lang='grc' dir='ltr'>ὁ</span> <span class='ocrx_word' id='word_1_289' title='bbox 452 2281 585 2328; x_wconf 75' lang='grc' dir='ltr'><em>ἀνδρὸς</em></span> <span class='ocrx_word' id='word_1_290' title='bbox 609 2281 734 2315; x_wconf 71' lang='grc' dir='ltr'><em>αἰδοῖα</em></span> <span class='ocrx_word' id='word_1_291' title='bbox 762 2281 868 2326; x_wconf 77' lang='grc' dir='ltr'><em>ἔχων,</em></span> <span class='ocrx_word' id='word_1_292' title='bbox 894 2290 961 2314; x_wconf 87' lang='lat' dir='ltr'>uno</span> <span class='ocrx_word' id='word_1_293' title='bbox 986 2280 1092 2316; x_wconf 78' lang='lat' dir='ltr'>verbo</span> <span class='ocrx_word' id='word_1_294' title='bbox 1118 2279 1257 2313; x_wconf 71' lang='grc' dir='ltr'><em>σάθων.</em></span> 
     </span>
    </p>

    <p class='ocr_par' dir='ltr' id='par_1_5' title="bbox 80 2339 1556 2664">
     <span class='ocr_line' id='line_1_33' title="bbox 169 2339 1552 2386; baseline -0.001 -9"><span class='ocrx_word' id='word_1_295' title='bbox 169 2341 230 2384; x_wconf 86' lang='lat'>21]</span> <span class='ocrx_word' id='word_1_296' title='bbox 255 2341 342 2375; x_wconf 85' lang='lat' dir='ltr'>Hinc</span> <span class='ocrx_word' id='word_1_297' title='bbox 369 2339 651 2386; x_wconf 74' lang='grc' dir='ltr'><em>ἕγκαψικίδαλοι</em></span> <span class='ocrx_word' id='word_1_298' title='bbox 676 2342 758 2376; x_wconf 85' lang='lat' dir='ltr'>mihi</span> <span class='ocrx_word' id='word_1_299' title='bbox 786 2343 868 2377; x_wconf 73' lang='lat' dir='ltr'>dicti</span> <span class='ocrx_word' id='word_1_300' title='bbox 893 2341 1096 2377; x_wconf 70' lang='lat' dir='ltr'>Videbantur</span> <span class='ocrx_word' id='word_1_301' title='bbox 1122 2341 1294 2384; x_wconf 76' lang='lat' dir='ltr'>famelici,</span> <span class='ocrx_word' id='word_1_302' title='bbox 1330 2342 1388 2384; x_wconf 84' lang='lat' dir='ltr'>qui</span> <span class='ocrx_word' id='word_1_303' title='bbox 1418 2349 1552 2385; x_wconf 79' lang='lat' dir='ltr'>caepa-</span> 
     </span>
     <span class='ocr_line' id='line_1_34' title="bbox 80 2395 1553 2442; baseline 0.001 -13"><span class='ocrx_word' id='word_1_304' title='bbox 80 2405 171 2439; x_wconf 88' lang='lat' dir='ltr'>rum,</span> <span class='ocrx_word' id='word_1_305' title='bbox 203 2395 382 2431; x_wconf 90' lang='lat' dir='ltr'>bulborum</span> <span class='ocrx_word' id='word_1_306' title='bbox 407 2398 574 2442; x_wconf 77' lang='lat' dir='ltr'>farrisque</span> <span class='ocrx_word' id='word_1_307' title='bbox 608 2402 643 2434; x_wconf 88' lang='lat' dir='ltr'>et</span> <span class='ocrx_word' id='word_1_308' title='bbox 667 2399 808 2433; x_wconf 85' lang='lat' dir='ltr'>aliarum</span> <span class='ocrx_word' id='word_1_309' title='bbox 834 2397 966 2440; x_wconf 85' lang='lat' dir='ltr'>frugum</span> <span class='ocrx_word' id='word_1_310' title='bbox 991 2397 1124 2441; x_wconf 82' lang='lat' dir='ltr'>glumas</span> <span class='ocrx_word' id='word_1_311' title='bbox 1160 2400 1194 2432; x_wconf 87' lang='lat' dir='ltr'>et</span> <span class='ocrx_word' id='word_1_312' title='bbox 1223 2397 1396 2440; x_wconf 90' lang='lat' dir='ltr'>putamina</span> <span class='ocrx_word' id='word_1_313' title='bbox 1429 2395 1553 2431; x_wconf 87' lang='lat' dir='ltr'>suble-</span> 
     </span>
     <span class='ocr_line' id='line_1_35' title="bbox 82 2452 1556 2498; baseline -0.001 -11"><span class='ocrx_word' id='word_1_314' title='bbox 82 2456 213 2493; x_wconf 82' lang='lat' dir='ltr'>gerent.</span> <span class='ocrx_word' id='word_1_315' title='bbox 261 2452 461 2488; x_wconf 90' lang='lat' dir='ltr'>Mendosam</span> <span class='ocrx_word' id='word_1_316' title='bbox 486 2456 688 2498; x_wconf 80' lang='lat' dir='ltr'>scripturam</span> <span class='ocrx_word' id='word_1_317' title='bbox 714 2453 970 2497; x_wconf 67' lang='lat' dir='ltr'>x‹c1,0171r5‹5a).o;</span> <span class='ocrx_word' id='word_1_318' title='bbox 1002 2452 1196 2497; x_wconf 80' lang='lat' dir='ltr'>Hesychius</span> <span class='ocrx_word' id='word_1_319' title='bbox 1227 2453 1470 2496; x_wconf 84' lang='lat' dir='ltr'>interpretatus</span> <span class='ocrx_word' id='word_1_320' title='bbox 1503 2454 1556 2487; x_wconf 89' lang='lat' dir='ltr'>est</span> 
     </span>
     <span class='ocr_line' id='line_1_36' title="bbox 82 2505 1556 2555; baseline -0.001 -16"><span class='ocrx_word' id='word_1_321' title='bbox 82 2510 118 2540; x_wconf 87' lang='lat' dir='ltr'>ut</span> <span class='ocrx_word' id='word_1_322' title='bbox 142 2509 252 2551; x_wconf 82' lang='lat' dir='ltr'>poluit</span> <span class='ocrx_word' id='word_1_323' title='bbox 287 2505 304 2541; x_wconf 84' lang='grc' dir='ltr'>ὁ</span> <span class='ocrx_word' id='word_1_324' title='bbox 341 2509 435 2552; x_wconf 72' lang='grc' dir='ltr'>μετὰ</span> <span class='ocrx_word' id='word_1_325' title='bbox 460 2510 531 2542; x_wconf 81' lang='grc' dir='ltr'>τῶν</span> <span class='ocrx_word' id='word_1_326' title='bbox 567 2509 611 2543; x_wconf 77' lang='grc' dir='ltr'>τὰ</span> <span class='ocrx_word' id='word_1_327' title='bbox 637 2511 772 2555; x_wconf 56' lang='grc' dir='ltr'><em>ἄλφιτα</em></span> <span class='ocrx_word' id='word_1_328' title='bbox 801 2508 980 2542; x_wconf 73' lang='grc' dir='ltr'>διδόντων</span> <span class='ocrx_word' id='word_1_329' title='bbox 1003 2506 1218 2552; x_wconf 75' lang='grc' dir='ltr'><em>ἁλλόμενος,</em></span> <span class='ocrx_word' id='word_1_330' title='bbox 1243 2509 1342 2552; x_wconf 86' lang='lat' dir='ltr'>quasi</span> <span class='ocrx_word' id='word_1_331' title='bbox 1369 2517 1411 2543; x_wconf 82' lang='lat' dir='ltr'>ex</span> <span class='ocrx_word' id='word_1_332' title='bbox 1436 2506 1556 2549; x_wconf 78' lang='grc' dir='ltr'><em>κάψιιι</em></span> 
     </span>
     <span class='ocr_line' id='line_1_37' title="bbox 83 2562 1556 2609; baseline 0.001 -12"><span class='ocrx_word' id='word_1_333' title='bbox 83 2565 118 2597; x_wconf 87' lang='lat' dir='ltr'>et</span> <span class='ocrx_word' id='word_1_334' title='bbox 140 2562 262 2605; x_wconf 74' lang='grc' dir='ltr'><em>πηδᾷν</em></span> <span class='ocrx_word' id='word_1_335' title='bbox 287 2567 445 2608; x_wconf 89' lang='lat' dir='ltr'>componi</span> <span class='ocrx_word' id='word_1_336' title='bbox 472 2567 582 2609; x_wconf 81' lang='lat' dir='ltr'>possit</span> <span class='ocrx_word' id='word_1_337' title='bbox 605 2564 871 2607; x_wconf 70' lang='grc' dir='ltr'>καψιπήδαλος.</span> <span class='ocrx_word' id='word_1_338' title='bbox 919 2563 1006 2598; x_wconf 75' lang='lat' dir='ltr'>Num</span> <span class='ocrx_word' id='word_1_339' title='bbox 1032 2565 1108 2607; x_wconf 87' lang='lat' dir='ltr'>quis</span> <span class='ocrx_word' id='word_1_340' title='bbox 1134 2563 1251 2599; x_wconf 88' lang='lat' dir='ltr'>credat</span> <span class='ocrx_word' id='word_1_341' title='bbox 1269 2563 1449 2599; x_wconf 87' lang='lat' dir='ltr'>mustelam</span> <span class='ocrx_word' id='word_1_342' title='bbox 1466 2572 1556 2607; x_wconf 86' lang='lat' dir='ltr'>quae</span> 
     </span>
     <span class='ocr_line' id='line_1_38' title="bbox 85 2618 1349 2664; baseline 0.002 -14"><span class='ocrx_word' id='word_1_343' title='bbox 85 2618 171 2653; x_wconf 80' lang='lat' dir='ltr'>inter</span> <span class='ocrx_word' id='word_1_344' title='bbox 196 2620 398 2654; x_wconf 87' lang='lat' dir='ltr'>currendum</span> <span class='ocrx_word' id='word_1_345' title='bbox 425 2630 549 2664; x_wconf 87' lang='lat' dir='ltr'>parere</span> <span class='ocrx_word' id='word_1_346' title='bbox 575 2622 737 2664; x_wconf 81' lang='lat' dir='ltr'>creditur,</span> <span class='ocrx_word' id='word_1_347' title='bbox 764 2619 1045 2663; x_wconf 69' lang='grc' dir='ltr'><em>θρεξιγένναλον</em></span> <span class='ocrx_word' id='word_1_348' title='bbox 1071 2619 1139 2653; x_wconf 87' lang='lat' dir='ltr'>dici</span> <span class='ocrx_word' id='word_1_349' title='bbox 1165 2619 1349 2664; x_wconf 84' lang='lat' dir='ltr'>potuisse?</span> 
     </span>
    </p>

    <p class='ocr_par' dir='ltr' id='par_1_6' title="bbox 84 2678 1562 2780">
     <span class='ocr_line' id='line_1_39' title="bbox 173 2678 1558 2722; baseline -0.001 -8"><span class='ocrx_word' id='word_1_350' title='bbox 173 2678 232 2721; x_wconf 84' lang='lat'>22)</span> <span class='ocrx_word' id='word_1_351' title='bbox 267 2679 342 2714; x_wconf 80' lang='lat' dir='ltr'>Non</span> <span class='ocrx_word' id='word_1_352' title='bbox 376 2681 559 2716; x_wconf 89' lang='lat' dir='ltr'>admodum</span> <span class='ocrx_word' id='word_1_353' title='bbox 595 2682 801 2718; x_wconf 87' lang='lat' dir='ltr'>incredibile</span> <span class='ocrx_word' id='word_1_354' title='bbox 840 2683 891 2715; x_wconf 83' lang='lat' dir='ltr'>est</span> <span class='ocrx_word' id='word_1_355' title='bbox 927 2681 1161 2722; x_wconf 83' lang='lat' dir='ltr'>germanicum</span> <span class='ocrx_word' id='word_1_356' title='bbox 1195 2681 1304 2714; x_wconf 77' lang='lat' dir='ltr'>Staar</span> <span class='ocrx_word' id='word_1_357' title='bbox 1345 2680 1558 2722; x_wconf 84' lang='lat' dir='ltr'>latinumque</span> 
     </span>
     <span class='ocr_line' id='line_1_40' title="bbox 84 2734 1562 2780; baseline 0.001 -14"><span class='ocrx_word' id='word_1_358' title='bbox 84 2737 221 2768; x_wconf 82' lang='lat' dir='ltr'>sturnus</span> <span class='ocrx_word' id='word_1_359' title='bbox 257 2738 497 2779; x_wconf 76' lang='lat' dir='ltr'>cognationem</span> <span class='ocrx_word' id='word_1_360' title='bbox 532 2737 661 2773; x_wconf 86' lang='lat' dir='ltr'>habere</span> <span class='ocrx_word' id='word_1_361' title='bbox 695 2747 770 2772; x_wconf 90' lang='lat' dir='ltr'>cum</span> <span class='ocrx_word' id='word_1_362' title='bbox 805 2745 932 2778; x_wconf 73' lang='lat' dir='ltr'>graeco</span> <span class='ocrx_word' id='word_1_363' title='bbox 958 2734 1059 2780; x_wconf 79' lang='grc' dir='ltr'>ψάρ,</span> <span class='ocrx_word' id='word_1_364' title='bbox 1094 2737 1242 2780; x_wconf 89' lang='lat' dir='ltr'>ejusque</span> <span class='ocrx_word' id='word_1_365' title='bbox 1275 2737 1423 2772; x_wconf 91' lang='lat' dir='ltr'>nominis</span> <span class='ocrx_word' id='word_1_366' title='bbox 1460 2736 1562 2770; x_wconf 84' lang='lat' dir='ltr'>aliam</span> 
     </span>
    </p>
   </div>
  </div>
 </body>
</html>
