1747 3005
165 172 232 213 DE
265 169 388 212 NOM.
407 166 624 217 QUORUM
648 164 797 205 uttan.
816 162 916 203 EST
935 159 1208 201 DENTALIS.
1242 160 1283 199 C.
1305 158 1365 199 IV.
1385 161 1423 205 ὃ.
1447 157 1485 198 4.
1517 154 1604 198 375

130 282 411 330 relinquuntur
442 281 481 317 ct
512 287 561 316 ea
591 276 826 314 concertata
856 266 1088 323 ἀφύσγετος
1118 266 1199 318 (sic
1220 268 1324 307 enim
1345 266 1602 307 scribendum

131 346 254 397 soret)
287 349 326 385 et
353 340 544 395 πάχετος,
576 339 723 392 quibus
765 336 926 388 adjungi
964 339 1137 387 possunt
1176 333 1440 384 comparativi
1476 327 1603 371 ὑετώ-

128 426 242 463 τερος
272 416 311 451 ct
348 405 642 461 παγετώτερος,
683 413 911 455 quanquam
951 401 988 440 hi
1027 410 1190 451 quoque
1231 399 1269 437 in
1310 397 1599 437 dubitationem

130 478 266 518 vocati
296 474 428 515 suutſs'·
485 472 690 513 Feminina
721 468 865 520 partim
897 466 1062 519 propria
1092 468 1186 504 suut
1232 467 1274 502 ut
1308 458 1448 514 Ένετή
1490 461 1598 513 urbs,

129 539 291 594 Ξυπετή
322 541 475 590 demus,
506 538 651 589 partim
690 533 935 586 appellativa
973 527 1112 582 ἀρετή,
1151 525 1318 580 μελέτη,
1363 528 1411 568 dc
1451 527 1597 577 quihus

129 610 208 650 alio
244 609 337 648 loco
369 605 517 645 dictum
548 606 632 652 est3
671 598 784 646 Τετίς
813 608 930 638 mous
951 597 1075 637 Mileti
1099 595 1190 636 Soli.
1213 594 1382 633 Tlleocr.
1405 593 1484 632 Vll.
1510 591 1596 631 115.

128 674 360 724 Eademque
390 675 622 710 neutrorum
651 664 884 716 dispositis),
917 658 1120 713 Bovxmiv
1148 660 1260 711 Epiri
1283 657 1485 709 oppidum,
1522 657 1598 695 Τα-

129 736 244 781 λετόν
279 735 384 789 ἄκρα
421 735 496 774 τοῦ
543 727 753 782 Ταϋγέτου
784 730 902 770 Paus.
935 728 997 769 Ill.
1029 727 1093 779 20,
1123 726 1160 767 5.
1201 721 1426 777 μάσπετον,
1467 717 1597 762 κινῶ-

128 820 277 855 πετον,
319 808 358 844 et
388 798 704 841 masculinorum
735 796 885 847 primae
917 792 1201 834 declinationis
1227 786 1422 842 Ἀλκέτης,
1454 790 1483 828 I
1486 789 1596 826 ’λαυ-

130 869 244 924 κέτης
275 880 363 909 cum
393 864 610 918 gentiliciis
642 856 861 912 Κερκέται,
900 854 1114 907 Μακέται,
1165 852 1353 908 Τορέται,
1386 858 1422 893 et
1452 851 1599 903 appel-

130 938 346 978 lativorum
375 927 561 981 κερκὲτης
589 937 755 980 parvum
784 924 1100 976 gubernaculum
1132 935 1155 963 a
1185 920 1393 971 Cercetis,
1424 921 1464 957 ut
1495 917 1599 957 dici—

131 1008 206 1055 tur,
236 998 546 1047 denominatum,
577 989 733 1044 οἰκέτης
761 996 834 1031 etc.
865 994 906 1030 et
935 989 1155 1040 syntheton
1185 980 1386 1038 ὁμωχέτης
1414 983 1464 1023 ab
1495 978 1599 1034 ὁμῶ-

132 1081 202 1120 χος
233 1066 294 1115 (ut
322 1062 532 1114 παμῶχος)
575 1059 818 1106 derivatum3
860 1066 951 1095 nam
982 1053 1090 1105 quod
1121 1051 1345 1092 Ahrensius
1384 1048 1520 1089 statuit
1551 1046 1600 1087 de

135 1132 227 1173 dial.
257 1129 360 1170 aeol.
391 1139 428 1179 p.
462 1125 550 1167 192.
582 1136 631 1164 ex
662 1117 874 1175 ὃμοικέτης
904 1121 1049 1160 sactum
1070 1128 1164 1158 esse
1185 1125 1329 1156 vereor
1349 1118 1392 1154 ut
1412 1112 1598 1164 exemplo

133 1198 283 1238 idoneo
314 1192 479 1246 probari
512 1190 659 1242 possit.

242 1277 282 1320 ς.
322 1270 359 1310 4.
428 1268 545 1308 Nunc
584 1264 684 1305 ordo
721 1273 854 1302 rorum
893 1272 971 1301 nos
1011 1260 1060 1300 ad
1100 1258 1371 1310 diphthongos
1421 1253 1596 1294 deducit.

135 1339 423 1387 Theognostus
456 1344 492 1383 p.
521 1331 586 1370 45.
620 1327 824 1368 Theodos,
857 1326 1027 1367 Gramm.
1058 1337 1095 1376 p.
1125 1324 1188 1364 th.
1228 1326 1267 1362 et
1307 1319 1599 1360 Grammaticus

135 1403 185 1445 de
225 1401 369 1450 Quant.
407 1398 453 1438 II.
491 1395 583 1436 292.
622 1394 812 1434 universe
851 1391 1105 1443 praecipiunt
1144 1395 1367 1439 paronyma
1405 1394 1477 1435 por
1514 1383 1601 1422 iota

136 1468 260 1511 scribi
289 1464 465 1516 τοπίτης,
495 1460 666 1513 μεσίτης,
698 1458 862 1510 πολίτης
892 1461 932 1497 et
963 1461 1110 1507 cetera,
1140 1455 1301 1504 praeter
1336 1450 1455 1489 haec:
1500 1443 1600 1487 ἀλεί-

135 1549 219 1587 της,
249 1528 411 1582 ἀλοίτης
439 1525 530 1580 γάρ,
560 1521 822 1576 Ἀταρνείτης,
849 1517 1062 1572 Ἀταρνεύς
1088 1514 1177 1569 γάρ,
1212 1515 1395 1567 Ζελείτης
1425 1509 1507 1553 ἀπὸ
1525 1513 1600 1552 τοῦ

141 1597 291 1647 Ζέλεια,
322 1592 475 1647 ὀρείτης
504 1589 548 1632 ἐκ
574 1591 650 1630 τοῦ
680 1585 775 1641 ὄρος
804 1586 931 1636 ὄρεος,
962 1581 1225 1634 Σαμαρείτης,
1257 1575 1480 1632 Σαμαρεύς
1507 1575 1597 1630 γάρ·

141 1663 211 1706 καὶ
239 1660 373 1703 πάντα
400 1656 450 1699 τὰ
478 1653 589 1707 παρὰ
618 1651 665 1695 τὸ
695 1651 811 1704 ῥέειν,
842 1654 918 1692 hoo
949 1654 1010 1690 cst
1039 1646 1167 1698 ῥείτης
1196 1642 1218 1686 ὃ
1247 1643 1354 1697 ῥέων
1384 1643 1494 1685 Suid.
1516 1643 1601 1683 EM.

71 1770 76 1775 ,
140 1729 250 1783 quod
280 1735 362 1767 non
392 1725 537 1775 legitur
566 1722 644 1761 nisi
675 1718 943 1770 compositum
972 1710 1257 1765 (Joefivy'bet'myg,
1288 1706 1475 1763 εὐρείτης.
1527 1708 1600 1748 His

142 1795 329 1845 omissis,
368 1801 472 1843 quac
513 1792 627 1828 extra
666 1793 827 1825 causam
858 1782 969 1829 sunt,
1002 1779 1077 1817 tria
1106 1781 1263 1817 restant
1293 1776 1497 1817 nominum
1527 1784 1603 1825 ge-

141 1873 260 1910 nera3
290 1859 459 1911 primum
490 1867 513 1895 a
542 1850 730 1906 genitivis
759 1845 960 1886 nominum
990 1843 1152 1893 generis
1178 1843 1362 1882 neutrius
1382 1841 1422 1881 iu
1449 1831 1496 1886 ’ἇς
1528 1849 1604 1878 ex·-

142 1926 333 1976 cuntium,
364 1918 517 1973 ὀρείτης
547 1924 585 1958 et
615 1904 1058 1965 παρωρείτης,Ἐλείτης
1077 1903 1099 1947 ὁ
1117 1904 1294 1954 τὸ“”Ἐλος
1319 1906 1445 1946 οἰκῶν
1466 1902 1602 1954 Steph.

145 2005 177 2033 s.
210 1985 475 2041 Βορυσθένης
505 1990 543 2025 et
563 1981 695 2026 ἕλεῐτις
714 1975 885 2026 helxine,
907 1977 1119 2025 quaesunt
1138 1973 1258 2024 hujus
1277 1972 1439 2023 generis
1462 1970 1603 2019 unica3

142 2068 234 2098 nam
266 2068 288 2095 a
319 2053 467 2094 ceteris
496 2045 743 2090 neutralibus
775 2044 841 2080 aut
862 2038 971 2078 nulla
990 2042 1267 2090 propagantur
1288 2033 1605 2078 substantivam

138 2116 212 2175 τῆς
242 2124 309 2161 aut
340 2129 411 2170 per
440 2118 523 2155 iota
554 2109 724 2160 simplex
753 2106 918 2158 βελίτης,
948 2103 1168 2155 τεμενίτης,
1198 2099 1353 2155 ἑρκίτης
1378 2105 1467 2161 et-c.
1526 2099 1609 2158 Q:

145 2187 315 2229 cundum
345 2192 471 2233 genus
502 2174 707 2229 gentilicia
738 2171 1021 2223 complectitur
1042 2180 1065 2208 a
1086 2167 1298 2207 vocabulis
1317 2168 1357 2206 in
1381 2179 1448 2212 ευς
1478 2172 1517 2209 et
1544 2180 1605 2206 εια

147 2253 269 2294 ducta
300 2248 455 2291 ΙΙεὸιεῑς
482 2267 533 2271 ——
568 2239 774 2293 Πεὸιείτης
804 2232 860 2284 ὡς
884 2231 1147 2289 Ἀταρνείτης,
1179 2229 1364 2286 Σύβερος
1401 2227 1608 2284 Συβερεύς

235 2435 272 2475 3)
297 2433 359 2466 Pro
387 2431 493 2465 altero
518 2426 751 2462 Schneiderus
776 2424 810 2457 in
833 2422 917 2457 Lex.
945 2430 988 2456 ex
1022 2420 1090 2455 alio
1123 2419 1262 2454 Aretaei
1296 2418 1375 2451 loco
1408 2413 1609 2460 παγερώτε-

146 2502 211 2535 ρον
235 2485 520 2527 substituendum,
544 2481 740 2516 ὑετώιατος
763 2476 1118 2519 Schweighaueserus
1144 2475 1176 2507 in
1211 2473 1294 2508 Lex.
1326 2471 1454 2507 Herod.
1489 2472 1523 2504 in
1556 2468 1608 2502 ὖε-

148 2546 368 2578 wulfaram,-
394 2541 448 2575 vel
475 2538 584 2582 (quod
611 2538 720 2570 minus
744 2532 973 2578 probandum)
1007 2528 1217 2565 ὑετιώταιος
1249 2526 1445 2561 mutandum
1478 2527 1609 2560 censet.

148 2600 232 2634 Mihi
257 2607 339 2632 vero
366 2595 578 2630 substantiva
607 2592 666 2625 illa
687 2588 798 2626 ’ὑφειός1
825 2589 967 2631 ἐζαειος,
996 2584 1148 2620 κάπετος
1182 2587 1248 2618 etc.
1289 2582 1535 2624 adjectivorum
1570 2577 1613 2614 ad

150 2659 302 2697 naturam
328 2656 393 2685 tani
420 2659 527 2695 prope
552 2647 724 2683 accedere
751 2644 921 2685 videntur,
947 2646 983 2676 ut
1007 2639 1258 2684 comparativos
1292 2637 1370 2672 illos
1396 2646 1463 2671 non
1488 2634 1612 2671 admo-

151 2711 229 2744 dum
256 2709 367 2743 mirer.
