1731 3021
190 152 252 195 28
671 152 1107 197 DISSERTATIO
1150 153 1177 196 1.

193 261 255 303 sic
285 260 488 304 Homerus
527 265 569 304 et
605 262 811 304 Hesiodus
844 263 947 316 βοῦς
982 264 1136 317 ταῦρος
1174 266 1215 304 et
1254 259 1316 310 ὄϊς
1353 257 1514 317 ἀρνειός
1543 275 1692 312 ηειιῑ-,

192 330 293 378 pant
330 326 473 368 eodem
514 327 725 368 intellectu
766 340 847 381 quo
887 329 1008 381 vulgo
1050 327 1112 377 ὄϊς
1146 326 1279 381 ἄρσην
1316 331 1357 368 et
1394 329 1497 380 βοῦς
1535 327 1668 384 ἄρσην

192 390 272 432 dici
310 392 430 434 solet.
486 392 664 434 Proinde
693 394 902 446 quaeritur
935 394 1042 446 apud
1080 393 1332 435 Herodotum
1361 393 1425 435 111.
1458 394 1547 437 112.
1584 396 1669 437 τῶν

191 456 322 510 αἰγῶν
341 458 425 498 τῶν
441 455 605 511 τράγων
632 463 764 500 utrum
795 460 898 500 alter
916 461 1118 511 genitivus
1139 460 1311 499 alterum
1329 463 1446 511 regat
1465 460 1506 500 οἱ
1525 457 1670 514 τράγοι

189 523 275 563 τῶν
313 522 443 576 αἰγῶν
485 535 537 565 an
578 535 702 576 caper
742 524 820 565 dici
861 526 997 577 possit
1036 525 1100 574 αἴξ
1136 522 1285 577 τράγος
1324 523 1404 564 hoc
1442 529 1507 566 est
1542 524 1565 567 ὁ
1602 526 1669 577 αἲξ

191 584 216 629 ὁ
245 585 378 642 ἅρσην
414 589 535 630 Paus.
564 590 627 631 IV.
657 590 722 643 20,
752 590 788 631 2.
865 590 1065 631 Convenit
1102 590 1263 642 quidem
1302 589 1412 642 quod
1451 591 1667 643 caprificus

191 654 217 696 i.
233 665 267 696 e.
285 651 311 708 ἡ
331 650 464 707 ἀγρία,
485 651 511 709 ἡ
531 651 662 708 ἄρσην
682 655 789 707 συκῆ
811 655 918 707 apud
937 656 1170 696 Messenios
1189 666 1339 696 nomen
1359 655 1500 696 habuit
1517 654 1668 709 τράγος

192 724 233 760 et
262 731 432 762 maenae
461 733 595 762 mares
628 725 811 772 tempore
835 721 1086 761 catulitionis
1108 718 1252 774 τράγοι
1275 721 1402 761 Arist.
1429 721 1475 762 H.
1499 722 1547 763 A.
1566 722 1666 765 VIII.

190 785 256 827 30.
295 785 369 827 sed
407 786 517 838 quod
557 787 744 826 omnibus
783 785 970 836 partibus
1011 786 1142 826 simile
1190 787 1244 827 sit
1283 787 1511 837 exemplum
1557 789 1666 840 apud

190 850 373 891 Graecos
404 855 501 903 post
530 850 753 892 Hesiodum
782 861 866 890 non
895 850 1070 901 reperio.
1137 850 1248 891 Haec
1278 854 1412 891 autem
1442 854 1666 904 praefanda

188 915 284 956 duxi
322 927 402 968 quo
433 917 578 957 melius
608 917 826 956 universae
855 916 1049 969 regionis,
1091 927 1210 967 quam
1239 921 1532 968 peragraturus
1563 931 1666 974 sum,

187 982 363 1024 ambitus
394 986 586 1035 tanquam
617 993 667 1022 ex
697 981 832 1033 aliqua
861 981 1032 1033 specula
1061 981 1246 1033 prospici
1275 986 1434 1033 posset.

298 1053 337 1097 §.
374 1048 412 1090 4.
477 1048 564 1088 Jam
602 1057 701 1087 vero
733 1045 784 1086 ad
825 1057 913 1086 eam
952 1057 1078 1086 sexus
1119 1046 1424 1089 discriminandi
1461 1050 1664 1093 rationem

185 1113 426 1166 progrediar
446 1124 563 1166 quae,
594 1112 688 1164 quia
718 1111 810 1153 sola
839 1112 1014 1152 nominis
1046 1111 1320 1153 declinatione
1345 1114 1529 1168 efficitur,
1559 1126 1662 1167 pro-

183 1179 273 1231 prie
309 1179 437 1220 motio
475 1179 719 1219 nominatur.
784 1178 884 1228 EJ'us
924 1178 1088 1229 species
1119 1182 1214 1219 sunt
1242 1179 1461 1233 plurimae,
1499 1180 1662 1233 simpli-

183 1245 351 1286 cissima
381 1256 430 1286 ea
459 1255 539 1296 qua
570 1243 878 1284 terminationes
911 1243 1162 1285 masculinae
1191 1247 1398 1285 mutantur
1427 1245 1468 1286 in
1497 1246 1662 1287 semini-

181 1321 258 1351 nas
297 1311 386 1351 sine
421 1310 504 1351 ullo
547 1310 803 1350 extrinsecus
842 1309 1120 1350 incremento:
1173 1307 1266 1350 οὔτε
1294 1310 1395 1357 θεᾶς
1422 1306 1513 1359 υἱὸς
1540 1313 1660 1365 φίλος

181 1373 276 1417 οὔτε
307 1378 426 1417 θεοῖο
464 1376 507 1417 ΙΙ.
536 1375 583 1417 Χ.
613 1375 676 1417 59.
712 1375 772 1422 τίς
796 1375 909 1415 θεῶν
936 1372 964 1427 ἢ
992 1375 1098 1415 θεᾶν
1133 1375 1283 1416 Aesch.
1315 1375 1428 1428 Sept.
1458 1376 1521 1419 91.
1562 1377 1656 1431 (pro

181 1452 262 1494 quo
292 1441 549 1494 Antiphanes
584 1441 730 1482 Athen.
760 1441 852 1482 423.
875 1440 917 1482 C.
948 1452 1159 1493 paragogo
1200 1451 1300 1481 usus
1340 1445 1404 1481 est
1440 1443 1553 1482 θεῶν
1587 1441 1658 1484 καὶ

178 1507 378 1560 θεαινῶν)
419 1511 457 1548 et
495 1507 536 1547 in
573 1506 810 1558 quotidiano
843 1518 1032 1548 sermone
1069 1505 1124 1560 μὴ
1154 1502 1232 1558 γὰρ
1261 1501 1365 1546 εἶναι
1392 1502 1525 1560 αὐτὴν
1553 1504 1657 1550 θεὸν

179 1568 283 1613 ἀλλὰ
309 1570 415 1613 θεάν
432 1573 548 1625 Diog.
568 1573 614 1614 II.
638 1572 770 1614 1161S
808 1572 1039 1614 Secundum
1068 1573 1203 1613 locum
1235 1572 1420 1613 obtinent
1448 1573 1656 1616 hominum

178 1640 345 1680 nomina
372 1636 496 1692 κόρος
524 1635 647 1692 κόρη,
687 1650 788 1690 puer
818 1649 966 1691 puera,
1000 1639 1062 1678 vir
1090 1639 1189 1692 vira,
1229 1638 1391 1678 tertium
1421 1639 1654 1682 animalium

179 1715 279 1757 aper
308 1716 421 1758 apra,
452 1716 575 1757 caper
606 1716 744 1757 capra,
774 1716 904 1756 pavus
936 1716 1053 1757 pava,
1084 1715 1237 1756 porcus
1267 1714 1397 1756 porca
1426 1708 1502 1745 etc.
1541 1704 1654 1746 Haec

177 1775 314 1811 autem
344 1771 536 1811 feminina
566 1769 796 1811 derivamus
829 1781 853 1810 a
881 1769 1119 1810 masculinis
1149 1770 1279 1821 magis
1309 1773 1481 1821 propter
1510 1770 1653 1811 excel-

175 1835 342 1877 lentiam
372 1847 497 1878 sexus
517 1847 637 1888 quam
657 1847 736 1888 quo
758 1840 922 1876 constet
945 1840 1037 1876 utra
1057 1836 1160 1876 utris
1179 1835 1476 1876 concesserint.
1520 1835 1651 1877 Varro

177 1900 226 1942 de
255 1901 298 1942 L.
327 1901 370 1942 L.
400 1901 464 1942 IX.
495 1901 560 1954 38,
593 1901 682 1943 140.
715 1902 825 1952 olim,
865 1901 1007 1954 inquit⁷
1048 1912 1192 1941 omnes
1220 1911 1363 1941 mares
1395 1902 1437 1941 et
1463 1900 1652 1953 feminac

177 1966 426 2007 dicebantur
457 1966 676 2007 columbae
706 1990 759 1996 w—
788 1979 898 2008 nnnc
921 1970 1098 2019 propter
1129 1966 1383 2007 domesticos
1421 1977 1527 2007 usus
1568 1978 1651 2020 ap-

170 2033 362 2084 pellatur
397 2044 491 2073 mas
532 2032 770 2084 connubias,
813 2033 975 2085 semma
1006 2031 1226 2081 columba,-
1273 2042 1406 2083 neque
1444 2042 1529 2072 non
1565 2033 1652 2073 veri

175 2097 307 2138 simile
336 2097 496 2138 videtur
524 2096 734 2151 περιστερά
765 2099 970 2151 antiquius
1001 2109 1095 2138 esse
1127 2108 1246 2149 quam
1269 2092 1508 2150 περιστερός,
1540 2098 1651 2149 quod

173 2162 410 2204 Athenaeus
441 2164 505 2205 IX.
523 2164 614 2207 395.
638 2166 685 2206 A.
715 2165 878 2218 Atticis,
905 2164 1109 2205 Lucianus
1133 2162 1332 2204 Pseudos,
1364 2167 1402 2211 ὃ.
1423 2163 1458 2204 7.
1489 2163 1652 2204 affecta-

265 2313 323 2357 18)
358 2313 408 2347 Cf.
442 2314 626 2349 Hermann.
663 2313 706 2347 ad
738 2312 811 2357 Iph.
839 2311 880 2346 A.
910 2312 986 2347 708.
1022 2310 1147 2345 Contra
1177 2311 1332 2354 regulam
1364 2314 1488 2355 peccat
1522 2323 1647 2355 ταυρο-

172 2367 297 2400 adamo
330 2371 433 2401 θεοῖο
468 2369 652 2413 Tryphiod.
679 2369 755 2405 610.
791 2371 825 2403 et
861 2367 951 2411 apud
985 2368 1080 2410 ipsos
1112 2367 1245 2401 Atticos
1269 2366 1323 2410 μὰ
1349 2365 1396 2398 το)
1424 2365 1517 2403 θεώ,
1558 2376 1648 2410 quae

174 2426 227 2458 cst
251 2425 497 2467 avvefizftrmmg
521 2426 646 2468 γένους
671 2423 710 2455 ἐν
734 2422 894 2467 σχήματι
918 2422 1079 2466 ApollOH.
1106 2422 1200 2466 Synlv.
1222 2423 1249 2456 I.
1269 2422 1324 2465 21,
1343 2422 1397 2457 58-
1425 2421 1542 2455 561101.
1565 2422 1646 2456 Rav-

171 2479 205 2511 in
231 2478 366 2513 TlteSm.
394 2481 472 2515 566.
496 2479 550 2523 μὰ
576 2478 622 2511 ub
647 2477 721 2510 θεώ
751 2476 796 2514 ὡς
822 2477 868 2510 lto
888 2482 1010 2522 χεῖρε,
1039 2477 1155 2510 οὐκέτι
1182 2477 1219 2510 δὲ
1244 2476 1298 2521 μὰ
1327 2481 1405 2508 τοῖν
1432 2479 1537 2509 θεοῖν
1559 2475 1648 2509 ἀλλὰ

171 2532 224 2575 μὰ
255 2537 335 2565 tarn
360 2537 479 2572 θεαῖν,
507 2534 600 2579 quod
627 2535 684 2568 vix
708 2534 875 2569 invenias.
933 2533 1003 2568 Sed
1030 2536 1107 2565 τοῖν
1130 2533 1275 2566 πολέσιν
1300 2531 1397 2566 ass'ert
1419 2531 1535 2565 Schol.
1565 2531 1645 2566 Eur.

171 2588 256 2624 Hec.
293 2589 370 2624 367.
408 2593 485 2622 τοῖν
517 2593 646 2633 χεροῖν
684 2588 763 2623 Sch.
802 2588 944 2623 Lucian.
981 2588 1023 2624 de
1054 2588 1137 2623 Salt.
1175 2589 1207 2629 §.
1238 2588 1270 2623 5.
1312 2596 1378 2622 nec
1414 2587 1539 2622 desunt
1580 2587 1648 2622 alia

170 2654 201 2677 v.
227 2643 391 2679 Matthiae
418 2645 565 2679 Graium.
592 2644 624 2685 §.
644 2645 700 2681 80.
726 2643 816 2679 Adn.
837 2646 869 2682 5.
897 2644 928 2686 §.
948 2644 1026 2682 281.
1058 2647 1093 2680 et
1116 2644 1194 2681 436.
1225 2645 1284 2689 qui
1308 2643 1424 2678 omisit
1440 2642 1547 2676 παῖδ’
1572 2640 1648 2686 ἐμώ

172 2699 294 2743 (illias)
324 2698 403 2734 Eur.
431 2699 550 2743 Suppl.
580 2700 655 2736 140.
