1731 3021
168 148 257 191 524-
460 148 764 191 ADDENDA
804 148 882 191 ET
921 148 1350 192 CORRIGENDA.

273 258 316 301 P.
348 258 442 301 4401
471 258 561 299 adn.
592 258 630 300 5.
663 257 712 299 de
744 253 870 306 οὐλάς
900 259 1007 299 conf.
1038 258 1210 301 Hecker.
1241 258 1474 300 callimach.
1504 271 1542 311 p.
1568 259 1634 301 84.

273 324 316 366 Ρ.
353 324 446 366 441.
487 324 511 365 l.
555 324 614 367 16.
653 335 732 366 Sor.
771 321 1090 372 ἐννεακαιδεκάς.
1159 324 1348 366 Centena
1392 328 1430 365 et
1470 324 1635 366 ducena

163 401 312 432 nomen
337 389 545 441 dignitatis
575 390 648 430 fuit
678 391 719 430 in
748 390 840 431 aula
872 390 1081 441 Byzantia.

273 456 317 497 P.
348 456 440 497 442.
471 455 560 497 adn.
591 456 627 497 0.
660 468 735 508 pro
769 457 1030 497 dissessione
1061 467 1139 497 scr.
1172 455 1351 497 dissens.

274 522 317 563 P.
345 522 439 563 443.
470 522 493 562 l.
524 521 561 563 5.
590 533 666 574 pro
700 522 870 573 Greyor.
903 533 982 563 sor.
1015 521 1162 562 Galen.

274 588 317 629 P.
346 587 439 628 440.
469 587 493 628 l.
525 588 560 629 8.
592 599 665 640 pro
697 588 833 628 XXVI.
866 587 953 629 112.
986 598 1065 628 scr.
1094 587 1249 628 XXVII.
1281 585 1370 628 172.

273 653 318 694 P.
349 652 442 694 449.
465 654 489 695 l.
520 654 557 695 4.
578 665 653 706 pro
683 651 795 701 θύας
814 664 892 694 scr.
912 649 1022 700 θοάς
1055 657 1094 692 et
1113 653 1205 693 124.
1228 652 1378 693 crebra
1395 663 1469 705 pro
1493 651 1632 692 cebra.

273 719 316 760 P.
346 719 439 760 452.
472 720 495 760 l.
526 720 562 760 5.
594 719 643 760 ab
674 720 743 759 ult.
777 730 850 771 pro
880 719 1161 759 Bardesemes
1190 728 1269 758 sor.
1301 717 1587 759 Bardesanes.

274 785 317 827 P.
348 785 440 826 455.
472 785 497 825 l.
515 785 763 837 5.postHal.
781 785 807 825 Ι.
823 783 971 824 addev.
987 782 1418 830 138.υ1)ἱοιπατελίδες
1433 783 1634 823 scribitur.

271 850 315 892 P.
343 849 435 891 459.
466 849 490 890 l.
521 849 559 891 4.
589 850 639 890 ab
661 850 726 890 ult.
757 861 831 902 pro
855 848 1095 902 Φανομηρίς
1124 859 1203 889 sor.
1235 848 1468 902 φανομηρίς
1492 852 1532 890 et
1551 848 1574 889 l.
1595 847 1631 889 3.

163 928 238 970 pro
274 915 529 968 Φαινομηρίς
559 926 639 956 scr.
668 929 782 967 φαιν.

270 982 312 1023 Ρ.
340 981 432 1022 463.
462 981 486 1021 l.
517 980 580 1022 21.
611 991 685 1032 pro
719 992 930 1033 aquarum
960 991 1038 1020 scr.
1070 990 1292 1031 (mnarum.

270 1047 313 1089 P.
344 1047 438 1088 474.
471 1046 495 1088 l.
527 1046 562 1087 1.
594 1057 668 1098 pro
699 1046 1016 1086 substantivum
1046 1056 1124 1086 sor.
1157 1045 1370 1097 epitheton
1398 1044 1563 1085 Bacchi.

269 1113 313 1154 P.
350 1113 442 1153 474.
484 1112 553 1153 ult.
595 1109 781 1165 λιγυήιος
818 1111 1013 1152 Lehrsius
1056 1110 1222 1160 Quaest.
1271 1111 1376 1164 Epp.
1416 1110 1506 1152 173.
1549 1121 1633 1150 non

161 1183 399 1232 suspectum
429 1178 581 1219 habuit.

269 1244 313 1285 P.
342 1244 435 1285 475.
468 1244 492 1285 l.
524 1244 560 1285 7.
592 1243 641 1283 ab
671 1243 741 1283 ult.
774 1254 847 1296 pro
881 1253 933 1283 ac
963 1242 1102 1293 Epicis
1135 1253 1213 1283 sor.
1251 1241 1305 1282 ab
1336 1241 1408 1293 Ep.

268 1309 311 1351 P.
340 1310 433 1350 477.
465 1309 490 1349 l.
524 1310 560 1349 7.
592 1309 637 1349 In
666 1308 803 1359 Epigr.
832 1308 952 1348 Anth.
983 1308 1063 1348 VII.
1093 1307 1183 1347 497.
1209 1307 1257 1347 de
1287 1308 1507 1359 naufrago:
1539 1302 1635 1347 οὐὸὲ

161 1372 240 1429 γὰρ
279 1372 449 1427 ὀθνείην
486 1372 624 1426 ἔλα-χεν
660 1370 800 1422 κόνιν,
841 1369 942 1413 ἀλλά
971 1387 1030 1419 τις
1059 1368 1160 1425 ἀκτὴ
1190 1369 1282 1419 meg
1312 1369 1337 1425 ἢ
1366 1370 1508 1426 νήσων
1536 1388 1634 1413 πον-

160 1438 315 1482 τιάδων
342 1455 401 1487 τις
430 1438 516 1494 ἔχει,
546 1440 772 1480 Meinekius
804 1439 955 1479 Delect.
987 1450 1023 1490 p.
1057 1438 1145 1479 194.
1178 1450 1252 1490 pro
1283 1435 1373 1485 νιάς
1397 1440 1633 1491 suspicatur

158 1504 300 1554 θινιάς
329 1507 430 1546 licus
461 1518 691 1546 arenosum
720 1505 784 1545 vel
813 1501 941 1556 γηιάς.
997 1504 1093 1543 Mihi
1122 1505 1291 1555 primum
1335 1501 1490 1552 Θυνιὰς
1529 1500 1633 1558 ἀκτή

159 1572 419 1615 scribendum
455 1571 632 1624 videtur,
673 1582 791 1622 quam
840 1569 1019 1609 nominat
1069 1569 1215 1609 Strabo
1265 1570 1307 1608 in
1355 1569 1632 1623 descriptione

157 1638 279 1680 Ponti
308 1638 390 1678 XII.
421 1638 512 1679 541.
545 1637 689 1677 deinde
725 1633 983 1684 Ποντιάὸων,
1016 1645 1095 1686 quo
1119 1635 1369 1686 significetur
1394 1636 1633 1689 naufragum

157 1705 268 1745 illum
298 1704 338 1743 in
368 1704 468 1743 mari
496 1703 766 1743 infestissimo
800 1702 986 1753 periisse.

268 1770 311 1810 P.
341 1768 434 1810 479.
464 1768 488 1808 l.
519 1768 582 1810 21.
614 1780 688 1820 pro
722 1770 945 1808 (lecatorum
978 1777 1057 1807 scr.
1091 1768 1323 1807 auctorem.

267 1835 311 1876 P.
340 1834 432 1876 488.
464 1834 554 1875 adn.
584 1834 622 1874 2.
656 1834 761 1873 cons.
794 1832 967 1873 Meinek.
998 1832 1128 1873 Anall.
1162 1832 1252 1873 167.

268 1900 311 1942 P.
339 1899 432 1941 480.
462 1900 487 1940 l.
522 1900 583 1942 18.
616 1899 665 1940 ad
695 1899 822 1945 κασᾶς
852 1899 1047 1950 pertinet:
1080 1895 1241 1950 ἱμάτιον
1267 1894 1404 1954 δούλῳ
1433 1896 1460 1952 ἢ
1490 1897 1632 1954 ἰδιώτῃ

157 1962 314 2019 πρέπον
342 1966 554 2006 κασοῦλαν
582 1966 632 2018 τῇ
659 1965 853 2005 Λατίνων
882 1964 1005 2017 φωνῇ
1035 1964 1208 2003 καλοῦσι
1230 1960 1427 2016 Ῥωμαῖοι
1456 1959 1630 2018 ΡΓοοορ.

156 2032 282 2074 Vand.
312 2032 358 2072 II.
390 2031 454 2084 26,
485 2030 575 2072 299.
605 2031 647 2072 B.
680 2031 829 2071 casula
862 2032 990 2070 vestis
1022 2029 1237 2070 cucullata
1266 2029 1410 2071 Isidor.

267 2098 309 2139 P.
341 2097 433 2138 495.
464 2097 488 2138 l.
523 2098 554 2139 1.
587 2108 660 2148 pro
692 2093 841 2148 μονεάς
871 2107 950 2136 scr.
981 2091 1137 2148 μονιάς.
1196 2094 1240 2134 In
1270 2093 1360 2136 adn.
1391 2095 1480 2136 add.
1518 2098 1631 2150 Παρ-

155 2165 299 2211 θενίας
329 2163 456 2204 Elidis
487 2163 644 2216 fluvius,
676 2159 913 2212 Παρθένιος
942 2160 1259 2213 Paphlagoniae.

264 2230 307 2270 P.
348 2229 439 2270 501.
478 2228 503 2269 l.
553 2229 615 2270 10.
658 2240 732 2280 pro
775 2229 970 2268 (helionis
1015 2237 1093 2266 scr.
1136 2225 1323 2266 [litionis.
1365 2225 1463 2268 Ibid.
1499 2226 1524 2269 Ι.
1561 2227 1626 2269 24.

158 2295 307 2338 excidit
333 2296 491 2346 potius.
551 2296 596 2336 In
625 2293 726 2334 Adn.
757 2293 781 2333 l.
813 2294 850 2334 3.
881 2304 954 2345 pro
987 2289 1132 2343 ὄρνεον
1162 2302 1241 2331 SOr.
1275 2287 1436 2342 ὀρνέου.

264 2362 307 2403 Ρ.
338 2361 430 2402 502.
461 2360 555 2402 1.·4.
587 2360 635 2400 nb
666 2359 735 2400 ult.
764 2370 838 2410 pro
873 2358 1099 2410 eodemque
1130 2368 1209 2398 scr.
1244 2358 1399 2398 eodem.

264 2427 307 2468 P.
336 2426 427 2467 505.
458 2427 482 2467 l.
517 2427 576 2468 14.
593 2423 768 2478 ’Ἀθιμης
799 2424 934 2465 Schol.
963 2424 1086 2463 Arist.
1116 2413 1338 2465 Avv.'574.

263 2494 306 2536 P.
336 2493 428 2535 508.
459 2492 483 2533 l.
513 2492 574 2533 13.
606 2503 679 2544 pro
707 2486 921 2542 Ἀμυντίας
948 2500 1027 2530 sor.
1056 2484 1257 2541 Ἀμυνίας.

264 2560 307 2601 Ρ.
337 2558 428 2600 509.
461 2557 550 2599 adn.
567 2557 631 2598 40.
652 2553 860 2602 παιάνιδες
883 2550 1018 2594 ἀοιδαί
1038 2556 1078 2595 in
1098 2554 1258 2595 Pindari
1276 2554 1339 2595 Fr.
1362 2565 1426 2607 ap.
1451 2555 1627 2597 Schnei-

157 2625 297 2667 dewin.
322 2626 472 2668 Simon.
504 2636 542 2675 p.
574 2623 638 2667 50.
670 2626 956 2676 paron-[onon
991 2631 1085 2661 esse
1117 2623 1293 2672 oportet.
