1731 3021
154 141 245 184 224
614 141 1050 185 DISSERTATIO
1090 142 1152 184 IV.

157 251 250 291 licat
278 250 364 292 EM.
395 250 488 303 752,
518 251 582 294 37.
611 250 768 305 τέρεινα
806 247 888 292 ἀπὸ
924 252 1001 292 τοῦ
1035 248 1158 304 πέρην
1186 248 1446 305 Λυκόφρων·
1483 248 1566 292 ἔστι
1595 248 1639 292 δὲ

158 314 226 356 καὶ
253 313 388 367 πόλις,
419 317 486 358 ubi
515 318 800 371 Lycophronis
832 328 981 358 nornen
1011 317 1061 358 ad
1091 318 1271 358 ultimum
1302 317 1418 369 reJici
1449 320 1637 369 oportet3

158 394 235 424 nec
264 394 358 423 raro
397 383 544 434 Τερίνα
574 385 732 436 Scylac.
765 388 802 431 ς.
833 383 894 424 12.
926 396 962 435 p.
983 381 1019 423 5.
1050 383 1167 424 Diod.
1197 383 1296 423 XVI.
1329 383 1390 423 15.
1429 382 1481 422 Et
1510 392 1635 435 porro

158 453 421 501 argumentor
448 446 650 501 Κάρβινα,
680 446 855 501 Λάρινα,
888 445 1088 501 Μάρκινα
1117 449 1204 489 sive
1226 447 1497 500 Μαμακρίνα,
1529 458 1638 499 quo-

159 527 247 556 rum
274 515 480 567 gentilicia
502 516 735 568 Stephanus
767 516 808 554 in
838 505 927 562 οἶος
957 515 1068 555 exire
1099 514 1196 554 dicit
1225 518 1268 554 nt
1306 515 1528 565 Τεριναῖος,
1559 523 1638 552 an-

162 582 329 633 tiquitus
361 581 729 633 properispomcna
765 580 893 620 fuisse
934 584 973 620 et
1011 585 1147 620 cetera
1185 580 1235 620 ad
1275 579 1444 620 eundem
1474 578 1637 622 modum

157 648 308 688 latinae
329 647 637 687 consuetudinis
659 647 844 698 exceptis
869 657 973 698 qnae
1004 646 1266 697 penultimam
1291 645 1516 697 corripiunt
1536 643 1636 683 Mu-

162 714 273 764 tina,
305 712 516 763 Ruspina,
548 713 729 752 Sars-ina
759 709 949 764 Σάρσινα
980 712 1113 752 Strab.
1135 713 1180 753 V.
1202 711 1290 753 143.
1341 709 1423 751 Sed
1450 712 1637 750 revertor

160 777 211 818 ad
240 787 402 829 graeca,
433 788 605 828 quorum
634 776 716 828 illa,
747 788 851 828 qnae
881 777 1013 829 retuli,
1043 777 1270 827 geminatae
1300 786 1512 816 consonae
1540 773 1637 814 nul-

155 843 236 883 lum
267 843 400 882 ferunt
425 841 617 882 indicium
647 841 720 882 sed
750 842 831 882 alia
861 841 1060 893 quaedam
1086 843 1314 894 topicorum
1338 842 1418 881 huc
1438 840 1636 880 inclinant

159 908 338 949 Πελίννα
368 907 526 947 Arrian.
546 906 663 947 Alex.
688 907 716 946 I.
741 907 777 960 7,
809 907 845 948 7.
875 907 1112 960 rectiusque
1145 904 1325 947 Πέλιννα
1348 919 1385 947 v.
1408 905 1634 947 Tzschuck.

157 974 207 1015 ad
228 974 362 1016 Strab.
390 972 454 1013 IX.
479 972 571 1014 631.
592 972 770 1014 Boeckh.
802 972 852 1013 ad
876 973 988 1014 Pind.
1008 973 1126 1025 Expl.
1146 972 1238 1013 331.
1270 976 1309 1013 et
1339 972 1481 1013 eodem
1510 971 1632 1013 modo

153 1042 196 1080 in
233 1040 406 1081 nummis
444 1051 480 1080 v,
514 1038 667 1080 Sestini
703 1039 806 1079 Lett.
838 1039 937 1080 VIII.
970 1039 1059 1080 137.
1096 1038 1261 1079 Eckhel.
1292 1038 1432 1078 Doctr.
1462 1038 1508 1078 II.
1541 1036 1630 1078 146.

155 1111 195 1147 6ῑ
223 1104 562 1157 inscriptionibus
591 1116 627 1144 v.
660 1103 881 1145 Bernhard.
913 1103 963 1144 ad
992 1104 1110 1144 Dion.
1139 1103 1231 1144 535.
1263 1114 1389 1154 qnare
1417 1102 1633 1155 improba-

155 1179 218 1213 tur
240 1168 405 1211 Πέλινα.
442 1170 493 1210 Et
512 1165 732 1221 Κέρκιννα,
763 1167 983 1222 Κάρμιννα
1014 1168 1181 1220 saepius
1206 1168 1402 1221 scrIptum
1424 1173 1487 1210 est
1511 1178 1632 1221 quam

153 1235 349 1290 Κέρκινα,
380 1232 574 1288 Κάρμινοε
596 1236 727 1276 Nonn.
747 1236 883 1276 XXVI.
906 1234 997 1276 219.
1029 1235 1131 1274 haec
1161 1238 1204 1274 ut
1233 1230 1422 1286 Λέτρινα,
1454 1231 1629 1283 Κύτινα,

154 1302 390 1353 Μέλινα,44
428 1302 497 1342 illa
533 1307 575 1342 ut
594 1298 766 1354 ’Ἀβιννα
795 1301 911 1342 Pliot.
940 1300 1042 1341 Bibl.
1073 1299 1236 1340 CCXLI.
1266 1299 1357 1341 530.
1400 1300 1558 1358 (omiss.
1590 1299 1631 1338 in

157 1371 246 1424 Th.)
278 1366 483 1421 Βάγιννα,
516 1364 728 1407 Βούκιννα
758 1371 834 1407 etc.
868 1378 972 1418 qnae
1003 1367 1038 1406 si
1069 1366 1236 1417 saepius
1267 1365 1511 1418 legerentur,
1542 1365 1631 1405 for-

154 1443 269 1478 tasse
308 1434 490 1486 ejiisdem
528 1433 831 1474 inconstantiae
871 1432 1097 1484 exemplum
1128 1431 1386 1483 praeberent.
1446 1430 1631 1482 Quinque

152 1501 406 1544 muliebrium
445 1499 672 1552 nominum,
714 1510 818 1550 qnae
858 1498 1149 1549 Theognostus
1189 1497 1325 1547 affert,
1365 1497 1536 1549 primum
1566 1499 1630 1537 est

158 1568 333 1608 Φίλιννα
361 1565 486 1606 Arist.
504 1564 608 1606 Nub.
630 1564 721 1606 (384.
754 1563 957 1605 Plutarch.
978 1563 1093 1603 Alex.
1115 1573 1147 1603 c.
1168 1563 1231 1603 77.
1258 1566 1335 1603 etc.
1364 1562 1495 1603 simile
1514 1572 1630 1602 mas-

152 1634 287 1675 culino
328 1631 522 1677 Φίλιννος
557 1629 703 1681 Eupol.
733 1630 794 1670 Fr.
826 1641 864 1681 p.
895 1628 988 1670 518.
1031 1632 1075 1667 ut
1120 1624 1356 1679 Ko'otvva45
1393 1627 1540 1668 dicitur
1589 1630 1629 1668 et

152 1696 360 1751 Κόριννος
399 1695 509 1737 Suid.
560 1694 639 1735 Pro
681 1694 751 1734 illo
793 1698 927 1734 tamen
965 1692 1191 1733 Meinekius
1227 1693 1419 1733 usitatius
1461 1693 1631 1739 Φιλῖνος

153 1764 311 1819 posuit,
350 1762 414 1801 cui
445 1760 678 1812 adjunctum
720 1762 783 1800 est
819 1758 985 1811 Φιλίνη,
1026 1758 1135 1810 quod
1164 1758 1268 1799 idem
1299 1770 1337 1810 p.
1371 1757 1461 1799 743.
1491 1757 1630 1809 Hege-

150 1830 285 1872 monis
316 1826 477 1868 fabulae
508 1826 644 1878 aptius
671 1824 828 1876 judicat
858 1836 978 1876 quam
1012 1825 1199 1874 Φίλιννα,
1230 1825 1270 1864 in
1293 1823 1500 1864 Theocriti
1527 1834 1626 1863 vero

150 1897 288 1948 Epigr.
316 1892 436 1934 XXII.
468 1892 588 1933 Anth.
619 1892 661 1932 P.
690 1890 754 1931 IX.
783 1889 876 1930 434.
917 1890 986 1930 ubi
1027 1894 1091 1930 est
1127 1890 1307 1930 mulieris
1340 1889 1628 1940 Syracusanae

152 1970 324 2012 nomen,
371 1969 393 1998 6
432 1956 521 1998 cod.
561 1957 649 1998 Vat.
693 1955 888 2007 Φιλίννης
931 1954 1055 1995 edidit
1101 1967 1176 2007 pro
1221 1955 1409 2007 Φιλίνης,
1457 1954 1507 1995 de
1545 1965 1625 2006 quo

149 2024 447 2067 Valckenarius
484 2022 696 2062 dubitasse
732 2019 892 2061 videtur
931 2030 983 2060 an
1020 2021 1184 2060 omnino
1219 2031 1410 2072 graecum
1447 2030 1531 2060 non
1561 2020 1627 2060 sit.

150 2093 237 2135 Nec
267 2095 334 2132 sat
363 2092 501 2130 certus
532 2091 596 2128 est
624 2086 828 2138 genitivus
858 2086 1042 2138 Μελίνης
1068 2086 1110 2125 in
1140 2085 1330 2137 catalogo
1353 2084 1626 2137 Thespiadum

150 2156 342 2211 Apollod.
359 2155 406 2196 ΙΙ.
427 2154 464 2206 7,
482 2153 521 2195 8.
551 2148 743 2193 Μέλιννα
772 2162 796 2191 a
823 2147 911 2203 μέλι
935 2150 1172 2204 derivatum,
1203 2150 1372 2191 Βίτιννα
1402 2150 1452 2191 ab
1481 2150 1624 2202 ignoto

150 2222 327 2277 quodam
355 2219 541 2272 nomine,
579 2217 686 2258 unde
716 2216 858 2266 Βίτος,
895 2216 1031 2256 Βίτων
1060 2219 1100 2257 et
1131 2216 1260 2267 Βίτω,
1302 2219 1341 2256 et
1372 2227 1396 2256 a
1425 2214 1625 2256 similibus

149 2287 361 2342 principiis
384 2285 454 2325 illa
478 2295 583 2336 quae
604 2283 894 2334 Theognostus
919 2282 1206 2335 praetermisit,
1233 2281 1422 2333 Lycinna
1438 2280 1624 2332 Propert.

146 2355 212 2396 III.
244 2353 308 2406 15,
337 2352 375 2393 5.
418 2349 528 2402 quod
571 2359 661 2389 cum
701 2349 883 2394 Λυκῖνος
921 2347 981 2387 sic
1019 2348 1221 2388 sociatum
1260 2351 1324 2388 est
1361 2350 1405 2386 ut
1450 2346 1624 2386 Φίλιννα

149 2430 239 2460 cum
273 2419 462 2468 Φιλῖνος,
504 2426 528 2455 a
554 2416 724 2467 γυρῖνος
754 2415 795 2454 Γ
790 2410 940 2467 ύριννα
969 2415 1009 2452 et
1039 2413 1081 2452 Γ
1076 2408 1231 2464 υριννώ
1259 2407 1315 2459 ὡς
1342 2408 1485 2464 ἐρατός
1507 2406 1624 2463 Ἐρα-

146 2481 203 2524 τώ
231 2484 318 2525 ΕΜ.
348 2481 449 2534 243,
488 2480 551 2522 52.
581 2484 625 2520 ut
654 2475 845 2520 Μέλιννα
882 2482 922 2519 et
951 2474 1158 2518 Μελιννώ.
1215 2477 1519 2530 Appellativum
1559 2480 1623 2519 est

236 2638 296 2681 44)
320 2637 407 2671 Hinc
429 2636 584 2672 derivata
600 2640 678 2670 sunt
693 2637 886 2671 Κυτιναΐος
906 2637 941 2670 et
958 2633 1155 2670 Μελιναῖος
1171 2634 1242 2668 iota
1257 2632 1360 2676 longo
1384 2632 1618 2677 ap.Lycophr.

235 2694 294 2736 45)
320 2693 502 2728 Reinansit
512 2694 669 2736 Κορίννα
690 2691 852 2726 Themist.
873 2690 929 2724 Or.
948 2688 1078 2724 XXVII.
1093 2690 1170 2726 334.
1192 2688 1229 2723 C.
1243 2688 1325 2723 alibi
1346 2691 1538 2724 correctum
1552 2692 1616 2724 est.
