1699 3021
323 155 391 198 DE
422 154 544 196 MUT.
576 153 784 195 TERMIN.
816 153 1015 195 CAUSIS.
1066 154 1107 196 C.
1139 154 1202 197 111.
1244 160 1282 204 §.
1304 156 1340 198 6.
1510 158 1568 200 73

92 264 212 306 turalr
231 268 384 317 carent,
414 275 498 305 non
525 263 657 305 solum
688 274 792 315 quae
822 263 890 304 ille
919 263 1121 315 significat
1151 264 1225 306 sed
1251 266 1371 307 etiam
1391 266 1566 310 diversis

91 331 305 382 assignata
334 330 502 370 sexibus
535 330 773 380 Antiqonus
802 329 1013 380 Aniiqone
1045 333 1121 370 etc.
1153 341 1230 371 nec
1260 333 1567 385 aequiparanda

89 396 154 438 his
185 407 289 449 quae
321 395 371 436 ad
401 394 552 447 aliquid
583 393 690 435 dicta
718 398 918 434 vocantur
940 390 1117 448 ἀδελφός
1146 391 1315 450 ἀδελφή,
1345 397 1419 439 sed
1449 399 1566 439 simi-

90 462 146 503 lia
176 465 310 503 tamen
340 465 383 501 ut
412 460 517 500 idem
548 459 644 500 dicit
667 460 709 499 V.
734 459 768 512 1,
789 460 813 501 3
836 459 955 512 (167)
984 464 1086 501 simi
1115 462 1206 502 alia
1237 465 1362 516 quasi
1391 463 1567 506 mobilia

90 539 218 583 quum
257 539 284 567 a
322 537 369 567 sc
406 536 491 566 non
529 537 556 565 a
591 525 839 566 masculinis
878 525 1085 574 feminina
1115 531 1354 569 nascuntur
1393 531 1441 569 ut
1478 529 1565 571 He-

90 592 211 634 lenus
239 592 413 642 Helena,
445 590 627 631 Danaus
647 589 826 643 Danaa,
867 591 973 632 liber
992 592 1112 644 libra,
1142 592 1250 643 fiber
1277 594 1389 644 fibra
1420 599 1459 635 et
1486 595 1566 635 ali-

90 662 243 710 quanto
273 661 370 710 post
400 656 497 697 VIII.
530 656 592 709 10,
621 655 674 697 58
705 656 821 709 (401)
861 669 991 709 saepe
1028 658 1197 700 diversa
1226 660 1484 712 siynificaci‘o
1521 661 1566 702 in

89 723 300 764 similibus
321 724 537 764 invenitur
567 721 750 773 vocibus,
784 722 888 763 iiber
908 723 1028 774 libra,
1063 723 1219 765 Tullius
1242 725 1388 780 Tullia,
1418 727 1566 766 iterat—

91 800 168 842 que
192 790 360 841 propria
379 800 461 828 non
485 798 580 828 esse
603 787 843 829 naturaliter
864 789 1032 829 mobilia
1057 790 1130 830 sed
1153 802 1203 831 ex
1223 802 1268 832 se
1291 792 1418 834 nasci.
1453 792 1564 841 Quae

91 855 297 896 sententia
335 854 440 894 unde
470 853 630 894 fluxerit
663 852 784 893 docet
817 854 953 895 Schol.
984 855 1100 897 Dion.
1134 856 1304 899 Gramm.
1334 870 1372 910 p.
1401 858 1494 900 842.
1525 858 1566 900 οἱ

89 918 256 961 στωικοὶ
275 916 326 960 τὰ
351 916 476 971 κύρια
498 916 661 971 λέγουσι
678 914 732 971 μὴ
757 917 859 971 ἔχειν
876 917 1050 973 θηλυκά,
1107 922 1307 975 Exempla
1327 935 1425 965 vero
1448 925 1566 966 Pris-

90 986 232 1026 cianus
263 996 405 1037 parum
436 988 532 1037 apte
562 986 839 1036 comparavit,
878 997 969 1025 nain
993 988 1242 1039 appellativa
1260 990 1342 1030 ista
1364 1001 1464 1030 casu
1487 991 1566 1031 ali—

90 1055 190 1104 quot
228 1051 369 1092 literas
402 1049 568 1091 easdem
604 1049 757 1089 habent
786 1054 829 1090 ut
859 1046 984 1099 ἀσκός
1010 1049 1136 1106 ἅσκη,
1177 1051 1315 1102 κισσός
1343 1055 1484 1107 κίσσα,
1525 1061 1566 1098 et

91 1121 290 1159 sexcenta
318 1115 550 1168 hujusmodi
581 1126 684 1167 quae
720 1117 896 1156 scrutari
927 1116 1161 1159 desidiosae
1195 1120 1406 1171 cujusdam
1446 1123 1566 1164 suerIt

92 1182 350 1234 sedulitatis,
411 1182 579 1235 propria
625 1193 723 1222 vero
773 1184 999 1223 communis
1041 1185 1209 1236 originis
1249 1186 1435 1241 vinculo,
1484 1200 1564 1240 quo

92 1250 227 1289 omnia
258 1251 491 1302 conjugata,
521 1249 626 1288 inter
658 1259 703 1288 se
734 1252 830 1300 apta
862 1254 900 1289 et
932 1260 1119 1291 connexa
1149 1256 1255 1292 sunt.
1314 1252 1396 1293 Sed
1427 1265 1566 1295 eorum

89 1315 195 1354 ratio
229 1313 397 1366 duplex,
446 1325 538 1354 narn
576 1314 645 1354 ubi
686 1313 835 1355 diversi
873 1315 1059 1356 homines
1092 1316 1235 1357 eodem
1265 1319 1429 1359 nomme
1459 1330 1567 1359 nun-

91 1384 291 1431 cupantur
331 1381 499 1420 fortuitu
530 1379 721 1432 nullaque
751 1381 857 1421 inter
887 1392 933 1421 se
965 1384 1249 1424 communione
1278 1385 1442 1436 generis
1473 1396 1567 1425 mo-

89 1456 249 1499 rumve,
294 1445 555 1496 homonymia
586 1450 669 1499 est,
714 1451 756 1487 ut
785 1447 1013 1488 masculina
1044 1450 1283 1503 Sostratus,
1320 1450 1566 1505 Alexander,

90 1511 151 1552 sic
182 1511 372 1552 feminina
403 1512 614 1565 Sostrata,
646 1512 891 1554 Alexandra.
951 1514 1032 1555 Sed
1063 1516 1158 1567 quia
1187 1516 1255 1567 qui
1288 1517 1454 1558 nomina
1483 1528 1567 1558 non

87 1576 332 1618 habentibus
352 1578 582 1630 imposituri
602 1582 718 1631 sunt,
748 1579 986 1632 plerumque
1008 1591 1057 1620 ex
1078 1581 1265 1633 proximo
1287 1586 1461 1636 sumunt,
1492 1594 1567 1624 ea-

90 1641 180 1683 dem
211 1654 437 1694 paronyma
467 1655 562 1684 esse
592 1649 769 1697 possunt
799 1650 841 1685 ut
871 1646 906 1685 si
937 1646 1003 1697 qui
1028 1658 1196 1686 avorum
1217 1653 1464 1700 acceperunt
1485 1660 1567 1688 no-

90 1719 183 1749 men
205 1703 439 1756 Ἱππόνικος
469 1711 656 1750 Καλλίου
683 1706 758 1759 κάξ
781 1706 1020 1750 Ἱππονίκου
1053 1712 1288 1766 Καλλιίκςῇ2
1318 1713 1382 1753 vel
1407 1714 1458 1754 ab
1483 1715 1563 1754 alio

91 1786 172 1827 quo
212 1774 382 1815 honoris
424 1778 463 1815 et.
502 1775 721 1816 memoriae
762 1777 894 1827 gratia
934 1778 1156 1830 nuncupati
1195 1782 1289 1818 sunt
1327 1790 1362 1819 v,
1400 1779 1565 1831 Lucian

92 1840 190 1880 Tim.
221 1844 259 1888 ἓ.
285 1840 348 1881 52.
382 1841 554 1882 feminae
585 1854 609 1881 a
638 1842 817 1882 maribus
857 1845 896 1882 et
931 1848 1096 1896 contra,
1143 1848 1186 1883 ut
1222 1843 1401 1895 Hedylus
1440 1850 1567 1898 poeta

90 1905 195 1946 filius
225 1905 406 1956 Hedylae
438 1907 584 1948 Athen.
616 1908 696 1949 VII.
727 1908 818 1949 297.
848 1908 891 1949 Β.
917 1904 1166 1962 Ἀβῼοτέλεια
1189 1905 1452 1963 Ἀβροτέλους
1479 1914 1566 1952 θυ-

88 1968 218 2024 γάτηρ
246 1971 388 2012 Jambl.
419 1971 462 2012 V.
492 1972 606 2023 Pyth.
636 1973 808 2014 XXXVI.
839 1973 918 2015 219
948 1975 1064 2027 (532)
1092 1971 1378 2028 Ἀριστοτέλεια
1397 1977 1566 2018 Aristo-

91 2037 184 2077 telis
214 2037 295 2077 filia
324 2038 445 2078 Anth.
476 2038 538 2079 VI.
568 2038 661 2080 266.
685 2035 877 2092 Ἀυτιοχίς
907 2041 1100 2081 Antiochi
1136 2042 1310 2094 Appian.
1343 2043 1431 2093 Syr.
1464 2054 1496 2084 c.
1527 2044 1564 2085 5.

89 2102 315 2154 Pythodori
358 2104 611 2156 Πυθοὸωρίς
653 2106 915 2146 51Γεὶ]).ΧΝ.
947 2106 1037 2147 649.
1079 2107 1289 2148 Menandri
1326 2109 1566 2162 Μενανδρίς

89 2169 215 2210 Inscr.
246 2169 364 2211 2543.
405 2170 679 2222 Asclepiadae
704 2165 946 2223 Ἀσκληπιάς
976 2183 1012 2213 n.
1046 2173 1161 2214 1661.
1197 2173 1391 2221 Χειλωνίς
1422 2175 1565 2216 Chilo-

89 2236 153 2276 nis
182 2236 325 2277 Jambl.
361 2236 384 2277 l.
417 2247 449 2277 c.
480 2237 656 2277 Procula
686 2238 848 2277 Proculi
878 2237 997 2278 Anth.
1026 2239 1129 2290 App.
1160 2249 1197 2279 n.
1226 2240 1315 2280 172.
1346 2240 1566 2282 Nausiclea

89 2302 295 2342 Nausiclis
326 2301 575 2343 Heliod.·VI.
609 2303 669 2344 18.
710 2303 965 2354 Agathoclea
994 2304 1234 2355 Agathoclis
1265 2317 1392 2346 soror
1418 2306 1564 2347 Justin.

88 2367 208 2408 XXA.
241 2380 273 2409 c.
304 2368 367 2409 21.
406 2368 615 2409 Philoclea
644 2369 838 2409 Philoclis
870 2370 989 2422 Corp.
1020 2371 1283 2412 Inscr.1056.
1314 2372 1563 2413 Phrontonis

89 2434 268 2474 rhetoris
302 2434 540 2485 Φροντωνίς
572 2435 680 2476 Suid.
713 2447 744 2476 s.
780 2431 1007 2487 Φρόντων,
1038 2436 1277 2477 Aristotelis
1311 2438 1436 2478 frater
1464 2438 1563 2479 Ari-

91 2505 300 2553 mnestus,
344 2511 466 2540 soror
503 2501 738 2542 Arimneste
768 2502 807 2541 in
839 2502 914 2542 vit.
945 2502 1069 2542 Arist.
1102 2515 1124 2542 a
1153 2503 1341 2555 Mcnagio
1374 2503 1483 2545 edita
1512 2503 1564 2546 ad

181 2653 241 2697 32)
278 2653 357 2687 Eur.
384 2654 536 2690 Pliocnn.
561 2655 637 2691 769.
674 2657 854 2688 Μενοικέα
888 2653 953 2687 σοῦ
984 2656 1118 2697 πατρὸς
1150 2654 1411 2699 αι’·ῑεπώνυμον
1442 2655 1477 2691 id
1510 2660 1564 2692 est

92 2708 288 2753 ὁμώιίχιιοι]
310 2709 425 2744 Sellol.
