<?xml version="1.0" encoding="UTF-8"?>
<!DOCTYPE html PUBLIC "-//W3C//DTD XHTML 1.0 Transitional//EN"
    "http://www.w3.org/TR/xhtml1/DTD/xhtml1-transitional.dtd">
<html xmlns="http://www.w3.org/1999/xhtml" xml:lang="en" lang="en">
 <head>
  <title>
</title>
<meta http-equiv="Content-Type" content="text/html;charset=utf-8" />
  <meta name='ocr-system' content='tesseract 3.04.00' />
  <meta name='ocr-capabilities' content='ocr_page ocr_carea ocr_par ocr_line ocrx_word'/>
</head>
<body>
  <div class='ocr_page' id='page_1' title='image "./pathologiaesermo00lobeuoft_0476.png"; bbox 0 0 1731 3021; ppageno 0'>
   <div class='ocr_carea' id='block_1_1' title="bbox 133 175 1137 224">
    <p class='ocr_par' dir='ltr' id='par_1_1' title="bbox 133 175 1137 224">
     <span class='ocr_line' id='line_1_1' title="bbox 133 175 1137 224; baseline -0.008 0"><span class='ocrx_word' id='word_1_1' title='bbox 133 179 227 224; x_wconf 69' lang='lat'>458</span> <span class='ocrx_word' id='word_1_2' title='bbox 612 175 1047 219; x_wconf 87' lang='lat' dir='ltr'>DISSERTATIO</span> <span class='ocrx_word' id='word_1_3' title='bbox 1091 175 1137 216; x_wconf 85' lang='lat' dir='ltr'>X.</span> 
     </span>
    </p>
   </div>
   <div class='ocr_carea' id='block_1_2' title="bbox 133 282 1615 2770">
    <p class='ocr_par' dir='ltr' id='par_1_2' title="bbox 133 282 1608 409">
     <span class='ocr_line' id='line_1_2' title="bbox 133 282 1608 338; baseline -0.006 -5"><span class='ocrx_word' id='word_1_4' title='bbox 133 290 226 334; x_wconf 82' lang='grc'><strong>634.</strong></span> <span class='ocrx_word' id='word_1_5' title='bbox 267 295 306 331; x_wconf 88' lang='lat' dir='ltr'>et</span> <span class='ocrx_word' id='word_1_6' title='bbox 343 288 393 330; x_wconf 89' lang='lat' dir='ltr'>ab</span> <span class='ocrx_word' id='word_1_7' title='bbox 434 286 750 338; x_wconf 77' lang='lat' dir='ltr'>orthosyntheto</span> <span class='ocrx_word' id='word_1_8' title='bbox 791 282 989 337; x_wconf 77' lang='grc' dir='ltr'><em>πρόπολις</em></span> <span class='ocrx_word' id='word_1_9' title='bbox 1037 285 1231 326; x_wconf 79' lang='lat' dir='ltr'>Vorscadt</span> <span class='ocrx_word' id='word_1_10' title='bbox 1279 285 1608 337; x_wconf 70' lang='lat' dir='ltr'>plagiosyntheta</span> 
     </span>
     <span class='ocr_line' id='line_1_3' title="bbox 133 349 754 409; baseline -0.008 -11"><span class='ocrx_word' id='word_1_11' title='bbox 133 355 390 409; x_wconf 77' lang='grc' dir='ltr'><em>παρακερκίς,</em></span> <span class='ocrx_word' id='word_1_12' title='bbox 422 349 648 405; x_wconf 76' lang='grc' dir='ltr'><em>ὑποῤῥαχίς</em></span> <span class='ocrx_word' id='word_1_13' title='bbox 678 358 754 394; x_wconf 84' lang='lat' dir='ltr'>etc.</span> 
     </span>
    </p>

    <p class='ocr_par' dir='ltr' id='par_1_3' title="bbox 136 414 1612 1522">
     <span class='ocr_line' id='line_1_4' title="bbox 247 414 1609 470; baseline -0.005 -8"><span class='ocrx_word' id='word_1_14' title='bbox 247 427 286 470; x_wconf 85' lang='lat'>§.</span> <span class='ocrx_word' id='word_1_15' title='bbox 319 421 354 462; x_wconf 83' lang='lat'>9.</span> <span class='ocrx_word' id='word_1_16' title='bbox 413 414 628 460; x_wconf 89' lang='lat' dir='ltr'>Nominum</span> <span class='ocrx_word' id='word_1_17' title='bbox 658 419 778 469; x_wconf 88' lang='lat' dir='ltr'>hujus</span> <span class='ocrx_word' id='word_1_18' title='bbox 810 418 972 469; x_wconf 85' lang='lat' dir='ltr'>generis</span> <span class='ocrx_word' id='word_1_19' title='bbox 1005 422 1117 457; x_wconf 88' lang='lat' dir='ltr'>tanta</span> <span class='ocrx_word' id='word_1_20' title='bbox 1155 421 1219 457; x_wconf 88' lang='lat' dir='ltr'>est</span> <span class='ocrx_word' id='word_1_21' title='bbox 1258 416 1471 457; x_wconf 85' lang='lat' dir='ltr'>multitudo</span> <span class='ocrx_word' id='word_1_22' title='bbox 1515 422 1609 456; x_wconf 89' lang='lat' dir='ltr'>tan-</span> 
     </span>
     <span class='ocr_line' id='line_1_5' title="bbox 137 483 1609 540; baseline -0.006 -11"><span class='ocrx_word' id='word_1_23' title='bbox 137 495 284 540; x_wconf 84' lang='lat' dir='ltr'>tusque</span> <span class='ocrx_word' id='word_1_24' title='bbox 321 488 362 526; x_wconf 87' lang='lat' dir='ltr'>in</span> <span class='ocrx_word' id='word_1_25' title='bbox 399 490 572 526; x_wconf 86' lang='lat' dir='ltr'>accentu</span> <span class='ocrx_word' id='word_1_26' title='bbox 612 496 843 525; x_wconf 77' lang='lat' dir='ltr'>consensus</span> <span class='ocrx_word' id='word_1_27' title='bbox 878 489 918 524; x_wconf 89' lang='lat' dir='ltr'>ut</span> <span class='ocrx_word' id='word_1_28' title='bbox 950 495 1092 535; x_wconf 86' lang='lat' dir='ltr'>pauca,</span> <span class='ocrx_word' id='word_1_29' title='bbox 1124 493 1228 534; x_wconf 79' lang='lat' dir='ltr'>quae</span> <span class='ocrx_word' id='word_1_30' title='bbox 1260 487 1403 522; x_wconf 84' lang='lat' dir='ltr'>contra</span> <span class='ocrx_word' id='word_1_31' title='bbox 1430 483 1609 534; x_wconf 85' lang='lat' dir='ltr'>veniunt,</span> 
     </span>
     <span class='ocr_line' id='line_1_6' title="bbox 138 546 1607 606; baseline -0.005 -11"><span class='ocrx_word' id='word_1_32' title='bbox 138 565 260 606; x_wconf 80' lang='lat' dir='ltr'>aegre</span> <span class='ocrx_word' id='word_1_33' title='bbox 292 552 487 593; x_wconf 88' lang='lat' dir='ltr'>sustineri</span> <span class='ocrx_word' id='word_1_34' title='bbox 517 552 693 603; x_wconf 82' lang='lat' dir='ltr'>possint.</span> <span class='ocrx_word' id='word_1_35' title='bbox 752 550 881 591; x_wconf 92' lang='lat' dir='ltr'>Unum</span> <span class='ocrx_word' id='word_1_36' title='bbox 913 555 974 590; x_wconf 85' lang='lat' dir='ltr'>est</span> <span class='ocrx_word' id='word_1_37' title='bbox 1005 546 1192 601; x_wconf 74' lang='grc' dir='ltr'><em>ἄμφωτις</em></span> <span class='ocrx_word' id='word_1_38' title='bbox 1221 547 1322 588; x_wconf 89' lang='lat' dir='ltr'>Plnt.</span> <span class='ocrx_word' id='word_1_39' title='bbox 1354 547 1403 588; x_wconf 88' lang='lat' dir='ltr'>de</span> <span class='ocrx_word' id='word_1_40' title='bbox 1435 547 1535 587; x_wconf 86' lang='lat' dir='ltr'>And.</span> <span class='ocrx_word' id='word_1_41' title='bbox 1564 547 1607 587; x_wconf 88' lang='lat'>11.</span> 
     </span>
     <span class='ocr_line' id='line_1_7' title="bbox 136 609 1610 670; baseline -0.007 -7"><span class='ocrx_word' id='word_1_42' title='bbox 136 621 201 663; x_wconf 79' lang='lat'>38.</span> <span class='ocrx_word' id='word_1_43' title='bbox 231 621 278 660; x_wconf 86' lang='lat' dir='ltr'>A.</span> <span class='ocrx_word' id='word_1_44' title='bbox 311 630 385 670; x_wconf 88' lang='lat' dir='ltr'>pro</span> <span class='ocrx_word' id='word_1_45' title='bbox 418 629 497 669; x_wconf 90' lang='lat' dir='ltr'>qno</span> <span class='ocrx_word' id='word_1_46' title='bbox 529 617 569 656; x_wconf 89' lang='lat' dir='ltr'>in</span> <span class='ocrx_word' id='word_1_47' title='bbox 599 616 678 656; x_wconf 89' lang='lat' dir='ltr'>alio</span> <span class='ocrx_word' id='word_1_48' title='bbox 718 615 923 656; x_wconf 76' lang='lat' dir='ltr'>Plutarchi</span> <span class='ocrx_word' id='word_1_49' title='bbox 964 615 1057 655; x_wconf 90' lang='lat' dir='ltr'>loco</span> <span class='ocrx_word' id='word_1_50' title='bbox 1104 619 1143 654; x_wconf 90' lang='lat' dir='ltr'>et</span> <span class='ocrx_word' id='word_1_51' title='bbox 1183 625 1246 665; x_wconf 85' lang='lat' dir='ltr'>ap.</span> <span class='ocrx_word' id='word_1_52' title='bbox 1285 614 1387 655; x_wconf 91' lang='lat' dir='ltr'>Poll.</span> <span class='ocrx_word' id='word_1_53' title='bbox 1425 609 1610 666; x_wconf 81' lang='grc' dir='ltr'><strong><em>ἆμφωτίς</em></strong></span> 
     </span>
     <span class='ocr_line' id='line_1_8' title="bbox 137 678 1609 738; baseline -0.006 -10"><span class='ocrx_word' id='word_1_54' title='bbox 137 688 332 738; x_wconf 89' lang='lat' dir='ltr'>scriptum</span> <span class='ocrx_word' id='word_1_55' title='bbox 365 689 440 736; x_wconf 84' lang='lat' dir='ltr'>est,</span> <span class='ocrx_word' id='word_1_56' title='bbox 470 694 552 722; x_wconf 92' lang='lat' dir='ltr'>non</span> <span class='ocrx_word' id='word_1_57' title='bbox 581 679 681 734; x_wconf 79' lang='grc' dir='ltr'><strong>ἄμφ.</strong></span> <span class='ocrx_word' id='word_1_58' title='bbox 713 686 756 721; x_wconf 92' lang='lat' dir='ltr'>ut</span> <span class='ocrx_word' id='word_1_59' title='bbox 786 681 1124 732; x_wconf 77' lang='lat' dir='ltr'>wyttenbachius</span> <span class='ocrx_word' id='word_1_60' title='bbox 1156 680 1252 720; x_wconf 90' lang='lat' dir='ltr'>dicit</span> <span class='ocrx_word' id='word_1_61' title='bbox 1280 680 1451 720; x_wconf 84' lang='lat' dir='ltr'>Animm.</span> <span class='ocrx_word' id='word_1_62' title='bbox 1471 680 1497 719; x_wconf 94' lang='grc' dir='ltr'>Ι.</span> <span class='ocrx_word' id='word_1_63' title='bbox 1517 678 1609 719; x_wconf 83' lang='grc'><strong>315.</strong></span> 
     </span>
     <span class='ocr_line' id='line_1_9' title="bbox 136 741 1609 804; baseline -0.007 -10"><span class='ocrx_word' id='word_1_64' title='bbox 136 763 271 804; x_wconf 87' lang='lat' dir='ltr'>neque</span> <span class='ocrx_word' id='word_1_65' title='bbox 309 746 523 796; x_wconf 81' lang='grc' dir='ltr'><em>ἀντώτιὸες</em></span> <span class='ocrx_word' id='word_1_66' title='bbox 561 760 623 800; x_wconf 90' lang='lat' dir='ltr'>ap.</span> <span class='ocrx_word' id='word_1_67' title='bbox 663 747 784 788; x_wconf 88' lang='lat' dir='ltr'>Clem.</span> <span class='ocrx_word' id='word_1_68' title='bbox 822 746 937 786; x_wconf 82' lang='lat' dir='ltr'>Alex.</span> <span class='ocrx_word' id='word_1_69' title='bbox 977 746 1051 786; x_wconf 88' lang='lat' dir='ltr'>sed</span> <span class='ocrx_word' id='word_1_70' title='bbox 1089 741 1305 792; x_wconf 76' lang='grc' dir='ltr'><em>ἀντωτίδες</em></span> <span class='ocrx_word' id='word_1_71' title='bbox 1342 745 1609 795; x_wconf 81' lang='lat' dir='ltr'>similiterque</span> 
     </span>
     <span class='ocr_line' id='line_1_10' title="bbox 136 809 1609 866; baseline -0.006 -7"><span class='ocrx_word' id='word_1_72' title='bbox 136 815 325 863; x_wconf 81' lang='grc' dir='ltr'><em>ἐπωτίδες</em></span> <span class='ocrx_word' id='word_1_73' title='bbox 353 815 527 866; x_wconf 81' lang='lat' dir='ltr'>Appian.</span> <span class='ocrx_word' id='word_1_74' title='bbox 559 812 641 853; x_wconf 82' lang='lat' dir='ltr'>Civ.</span> <span class='ocrx_word' id='word_1_75' title='bbox 671 813 733 853; x_wconf 94' lang='lat' dir='ltr'>IV.</span> <span class='ocrx_word' id='word_1_76' title='bbox 765 823 799 852; x_wconf 93' lang='lat' dir='ltr'>c.</span> <span class='ocrx_word' id='word_1_77' title='bbox 834 812 923 852; x_wconf 81' lang='grc'><strong>107.</strong></span> <span class='ocrx_word' id='word_1_78' title='bbox 953 817 990 851; x_wconf 88' lang='lat' dir='ltr'>et</span> <span class='ocrx_word' id='word_1_79' title='bbox 1025 811 1114 852; x_wconf 85' lang='lat'>109.</span> <span class='ocrx_word' id='word_1_80' title='bbox 1147 812 1237 861; x_wconf 79' lang='lat' dir='ltr'>Syr.</span> <span class='ocrx_word' id='word_1_81' title='bbox 1267 822 1300 851; x_wconf 91' lang='lat' dir='ltr'>c.</span> <span class='ocrx_word' id='word_1_82' title='bbox 1329 810 1393 850; x_wconf 80' lang='lat'>27.</span> <span class='ocrx_word' id='word_1_83' title='bbox 1418 809 1609 850; x_wconf 85' lang='lat' dir='ltr'>Philostr.</span> 
     </span>
     <span class='ocr_line' id='line_1_11' title="bbox 136 874 1610 934; baseline -0.008 -8"><span class='ocrx_word' id='word_1_84' title='bbox 136 885 286 934; x_wconf 80' lang='lat' dir='ltr'>Imagg.</span> <span class='ocrx_word' id='word_1_85' title='bbox 315 880 416 922; x_wconf 87' lang='lat' dir='ltr'>XIX.</span> <span class='ocrx_word' id='word_1_86' title='bbox 449 878 539 919; x_wconf 70' lang='lat'>793.</span> <span class='ocrx_word' id='word_1_87' title='bbox 571 878 694 918; x_wconf 85' lang='lat' dir='ltr'>Thuc.</span> <span class='ocrx_word' id='word_1_88' title='bbox 724 877 805 917; x_wconf 91' lang='lat' dir='ltr'>Vll.</span> <span class='ocrx_word' id='word_1_89' title='bbox 835 877 898 917; x_wconf 84' lang='grc'><strong>34.</strong></span> <span class='ocrx_word' id='word_1_90' title='bbox 930 881 968 916; x_wconf 89' lang='lat' dir='ltr'>et</span> <span class='ocrx_word' id='word_1_91' title='bbox 998 877 1062 917; x_wconf 84' lang='lat'>36.</span> <span class='ocrx_word' id='word_1_92' title='bbox 1096 877 1163 916; x_wconf 86' lang='lat' dir='ltr'>ubi</span> <span class='ocrx_word' id='word_1_93' title='bbox 1194 888 1298 917; x_wconf 91' lang='lat' dir='ltr'>unus</span> <span class='ocrx_word' id='word_1_94' title='bbox 1330 874 1418 916; x_wconf 89' lang='lat' dir='ltr'>cod.</span> <span class='ocrx_word' id='word_1_95' title='bbox 1452 874 1515 915; x_wconf 91' lang='lat' dir='ltr'>Gr.</span> <span class='ocrx_word' id='word_1_96' title='bbox 1535 885 1610 914; x_wconf 89' lang='lat' dir='ltr'>ac—</span> 
     </span>
     <span class='ocr_line' id='line_1_12' title="bbox 139 942 1609 996; baseline -0.008 -4"><span class='ocrx_word' id='word_1_97' title='bbox 139 955 298 992; x_wconf 87' lang='lat' dir='ltr'>centum</span> <span class='ocrx_word' id='word_1_98' title='bbox 328 945 510 996; x_wconf 82' lang='lat' dir='ltr'>retrahit,</span> <span class='ocrx_word' id='word_1_99' title='bbox 539 942 770 994; x_wconf 66' lang='grc' dir='ltr'><em>περιωτίὸες</em></span> <span class='ocrx_word' id='word_1_100' title='bbox 791 943 876 983; x_wconf 88' lang='lat' dir='ltr'>EM.</span> <span class='ocrx_word' id='word_1_101' title='bbox 897 942 1120 993; x_wconf 78' lang='grc' dir='ltr'><em>παρωτίδες</em></span> <span class='ocrx_word' id='word_1_102' title='bbox 1138 942 1339 994; x_wconf 79' lang='lat' dir='ltr'>Lycophr.</span> <span class='ocrx_word' id='word_1_103' title='bbox 1371 942 1609 993; x_wconf 87' lang='lat' dir='ltr'>centiesque</span> 
     </span>
     <span class='ocr_line' id='line_1_13' title="bbox 138 1005 1609 1068; baseline -0.005 -12"><span class='ocrx_word' id='word_1_104' title='bbox 138 1014 246 1068; x_wconf 90' lang='lat' dir='ltr'>apud</span> <span class='ocrx_word' id='word_1_105' title='bbox 276 1013 373 1053; x_wconf 82' lang='lat' dir='ltr'>artis</span> <span class='ocrx_word' id='word_1_106' title='bbox 403 1010 585 1051; x_wconf 88' lang='lat' dir='ltr'>medicae</span> <span class='ocrx_word' id='word_1_107' title='bbox 616 1014 819 1050; x_wconf 79' lang='lat' dir='ltr'>auctores.</span> <span class='ocrx_word' id='word_1_108' title='bbox 866 1005 1075 1062; x_wconf 72' lang='grc' dir='ltr'>’Ἀμφωτις</span> <span class='ocrx_word' id='word_1_109' title='bbox 1095 1009 1368 1048; x_wconf 80' lang='lat' dir='ltr'>nominativus</span> <span class='ocrx_word' id='word_1_110' title='bbox 1390 1007 1609 1059; x_wconf 83' lang='lat' dir='ltr'>singularis</span> 
     </span>
     <span class='ocr_line' id='line_1_14' title="bbox 137 1073 1609 1132; baseline -0.007 -9"><span class='ocrx_word' id='word_1_111' title='bbox 137 1082 284 1132; x_wconf 79' lang='lat' dir='ltr'>legitur</span> <span class='ocrx_word' id='word_1_112' title='bbox 312 1079 457 1118; x_wconf 80' lang='lat' dir='ltr'>Athen.</span> <span class='ocrx_word' id='word_1_113' title='bbox 487 1076 551 1117; x_wconf 88' lang='lat' dir='ltr'>XI.</span> <span class='ocrx_word' id='word_1_114' title='bbox 585 1075 675 1117; x_wconf 68' lang='lat'>783.</span> <span class='ocrx_word' id='word_1_115' title='bbox 706 1075 750 1116; x_wconf 91' lang='lat' dir='ltr'>D.</span> <span class='ocrx_word' id='word_1_116' title='bbox 792 1074 956 1128; x_wconf 85' lang='lat' dir='ltr'>dictam,</span> <span class='ocrx_word' id='word_1_117' title='bbox 988 1080 1030 1114; x_wconf 90' lang='lat' dir='ltr'>ut</span> <span class='ocrx_word' id='word_1_118' title='bbox 1060 1075 1299 1115; x_wconf 88' lang='lat' dir='ltr'>Eustathius</span> <span class='ocrx_word' id='word_1_119' title='bbox 1331 1075 1387 1113; x_wconf 89' lang='lat' dir='ltr'>ait</span> <span class='ocrx_word' id='word_1_120' title='bbox 1417 1085 1455 1125; x_wconf 90' lang='lat' dir='ltr'>p.</span> <span class='ocrx_word' id='word_1_121' title='bbox 1492 1073 1609 1125; x_wconf 67' lang='lat'>1624,</span> 
     </span>
     <span class='ocr_line' id='line_1_15' title="bbox 137 1138 1611 1196; baseline -0.007 -7"><span class='ocrx_word' id='word_1_122' title='bbox 137 1148 202 1189; x_wconf 85' lang='lat'>30.</span> <span class='ocrx_word' id='word_1_123' title='bbox 234 1144 489 1196; x_wconf 78' lang='lat' dir='ltr'>significans,</span> <span class='ocrx_word' id='word_1_124' title='bbox 530 1141 638 1194; x_wconf 87' lang='lat' dir='ltr'>quod</span> <span class='ocrx_word' id='word_1_125' title='bbox 678 1142 712 1181; x_wconf 93' lang='lat' dir='ltr'>si</span> <span class='ocrx_word' id='word_1_126' title='bbox 751 1141 800 1181; x_wconf 89' lang='lat' dir='ltr'>ab</span> <span class='ocrx_word' id='word_1_127' title='bbox 842 1138 1037 1193; x_wconf 67' lang='grc' dir='ltr'><em>ἄμφωτος</em></span> <span class='ocrx_word' id='word_1_128' title='bbox 1076 1140 1238 1180; x_wconf 87' lang='lat' dir='ltr'>ductum</span> <span class='ocrx_word' id='word_1_129' title='bbox 1270 1145 1355 1193; x_wconf 90' lang='lat' dir='ltr'>est,</span> <span class='ocrx_word' id='word_1_130' title='bbox 1398 1143 1611 1189; x_wconf 76' lang='lat' dir='ltr'>oxytonon</span> 
     </span>
     <span class='ocr_line' id='line_1_16' title="bbox 139 1203 1610 1262; baseline -0.006 -9"><span class='ocrx_word' id='word_1_131' title='bbox 139 1223 234 1254; x_wconf 87' lang='lat' dir='ltr'>esse</span> <span class='ocrx_word' id='word_1_132' title='bbox 279 1213 467 1262; x_wconf 86' lang='lat' dir='ltr'>oportet,</span> <span class='ocrx_word' id='word_1_133' title='bbox 500 1209 534 1249; x_wconf 93' lang='lat' dir='ltr'>si</span> <span class='ocrx_word' id='word_1_134' title='bbox 566 1208 615 1248; x_wconf 86' lang='lat' dir='ltr'>ab</span> <span class='ocrx_word' id='word_1_135' title='bbox 644 1203 852 1259; x_wconf 78' lang='grc' dir='ltr'>ἀμφώτης,</span> <span class='ocrx_word' id='word_1_136' title='bbox 884 1208 1283 1260; x_wconf 89' lang='lat' dir='ltr'>properispomenon</span> <span class='ocrx_word' id='word_1_137' title='bbox 1311 1210 1353 1246; x_wconf 90' lang='lat' dir='ltr'>ut</span> <span class='ocrx_word' id='word_1_138' title='bbox 1383 1204 1610 1257; x_wconf 78' lang='grc' dir='ltr'><em>πρωθῆβις,</em></span> 
     </span>
     <span class='ocr_line' id='line_1_17' title="bbox 139 1271 1612 1328; baseline -0.006 -9"><span class='ocrx_word' id='word_1_139' title='bbox 139 1278 213 1321; x_wconf 91' lang='lat' dir='ltr'>sed</span> <span class='ocrx_word' id='word_1_140' title='bbox 255 1272 454 1328; x_wconf 74' lang='grc' dir='ltr'>ἀμφιότης</span> <span class='ocrx_word' id='word_1_141' title='bbox 494 1285 577 1313; x_wconf 91' lang='lat' dir='ltr'>non</span> <span class='ocrx_word' id='word_1_142' title='bbox 614 1274 816 1313; x_wconf 84' lang='lat' dir='ltr'>invenitur</span> <span class='ocrx_word' id='word_1_143' title='bbox 854 1274 932 1313; x_wconf 92' lang='lat' dir='ltr'>nisi</span> <span class='ocrx_word' id='word_1_144' title='bbox 976 1273 1070 1313; x_wconf 84' lang='lat' dir='ltr'>loco</span> <span class='ocrx_word' id='word_1_145' title='bbox 1120 1276 1316 1324; x_wconf 87' lang='lat' dir='ltr'>suspecto</span> <span class='ocrx_word' id='word_1_146' title='bbox 1353 1271 1439 1311; x_wconf 91' lang='lat' dir='ltr'>EM.</span> <span class='ocrx_word' id='word_1_147' title='bbox 1479 1281 1612 1322; x_wconf 83' lang='lat' dir='ltr'>eoque</span> 
     </span>
     <span class='ocr_line' id='line_1_18' title="bbox 138 1337 1612 1391; baseline -0.007 -6"><span class='ocrx_word' id='word_1_148' title='bbox 138 1343 261 1385; x_wconf 88' lang='lat' dir='ltr'>dubia</span> <span class='ocrx_word' id='word_1_149' title='bbox 298 1340 475 1382; x_wconf 86' lang='lat' dir='ltr'>redditur</span> <span class='ocrx_word' id='word_1_150' title='bbox 511 1340 909 1391; x_wconf 75' lang='lat' dir='ltr'>proparoxytonesis</span> <span class='ocrx_word' id='word_1_151' title='bbox 946 1338 1135 1390; x_wconf 91' lang='lat' dir='ltr'>pluralis,</span> <span class='ocrx_word' id='word_1_152' title='bbox 1175 1340 1262 1378; x_wconf 91' lang='lat' dir='ltr'>sive</span> <span class='ocrx_word' id='word_1_153' title='bbox 1300 1337 1437 1389; x_wconf 89' lang='lat' dir='ltr'>poculi</span> <span class='ocrx_word' id='word_1_154' title='bbox 1463 1346 1612 1376; x_wconf 87' lang='lat' dir='ltr'>nomen</span> 
     </span>
     <span class='ocr_line' id='line_1_19' title="bbox 140 1401 1612 1455; baseline -0.007 -5"><span class='ocrx_word' id='word_1_155' title='bbox 140 1414 204 1451; x_wconf 90' lang='lat' dir='ltr'>est</span> <span class='ocrx_word' id='word_1_156' title='bbox 233 1408 320 1448; x_wconf 84' lang='lat' dir='ltr'>sive</span> <span class='ocrx_word' id='word_1_157' title='bbox 351 1405 571 1445; x_wconf 85' lang='lat' dir='ltr'>indumenti</span> <span class='ocrx_word' id='word_1_158' title='bbox 609 1404 723 1444; x_wconf 88' lang='lat' dir='ltr'>Eust.</span> <span class='ocrx_word' id='word_1_159' title='bbox 764 1404 890 1455; x_wconf 88' lang='grc'><strong>1324,</strong></span> <span class='ocrx_word' id='word_1_160' title='bbox 929 1403 993 1445; x_wconf 79' lang='grc'>38.</span> <span class='ocrx_word' id='word_1_161' title='bbox 1023 1426 1077 1432; x_wconf 27' lang='grc' dir='ltr'><strong><em>ἢ</em></strong></span> <span class='ocrx_word' id='word_1_162' title='bbox 1116 1402 1346 1444; x_wconf 87' lang='lat' dir='ltr'>Secundum</span> <span class='ocrx_word' id='word_1_163' title='bbox 1384 1402 1502 1452; x_wconf 83' lang='lat' dir='ltr'>hujus</span> <span class='ocrx_word' id='word_1_164' title='bbox 1543 1401 1612 1440; x_wconf 91' lang='lat' dir='ltr'>in-</span> 
     </span>
     <span class='ocr_line' id='line_1_20' title="bbox 141 1467 1612 1522; baseline -0.007 -6"><span class='ocrx_word' id='word_1_165' title='bbox 141 1473 400 1517; x_wconf 87' lang='lat' dir='ltr'>constantiae</span> <span class='ocrx_word' id='word_1_166' title='bbox 432 1470 657 1522; x_wconf 80' lang='lat' dir='ltr'>exemplum</span> <span class='ocrx_word' id='word_1_167' title='bbox 688 1475 749 1510; x_wconf 90' lang='lat' dir='ltr'>est</span> <span class='ocrx_word' id='word_1_168' title='bbox 778 1467 957 1520; x_wconf 78' lang='grc' dir='ltr'>ἐνυὸρίς,</span> <span class='ocrx_word' id='word_1_169' title='bbox 998 1468 1108 1520; x_wconf 87' lang='lat' dir='ltr'>quod</span> <span class='ocrx_word' id='word_1_170' title='bbox 1153 1480 1278 1520; x_wconf 87' lang='lat' dir='ltr'>saepe</span> <span class='ocrx_word' id='word_1_171' title='bbox 1318 1469 1379 1508; x_wconf 90' lang='lat' dir='ltr'>sic</span> <span class='ocrx_word' id='word_1_172' title='bbox 1418 1467 1612 1508; x_wconf 77' lang='lat' dir='ltr'>scribitur</span> 
     </span>
    </p>

    <p class='ocr_par' dir='ltr' id='par_1_4' title="bbox 139 1532 1615 2770">
     <span class='ocr_line' id='line_1_21' title="bbox 141 1532 1610 1593; baseline -0.004 -13.887"><span class='ocrx_word' id='word_1_173' title='bbox 141 1553 205 1593; x_wconf 85' lang='lat' dir='ltr'>a.p</span> <span class='ocrx_word' id='word_1_174' title='bbox 235 1539 405 1580; x_wconf 88' lang='lat' dir='ltr'>Aristot.</span> <span class='ocrx_word' id='word_1_175' title='bbox 435 1541 474 1576; x_wconf 89' lang='lat' dir='ltr'>et</span> <span class='ocrx_word' id='word_1_176' title='bbox 503 1536 707 1586; x_wconf 83' lang='lat' dir='ltr'>genitivus</span> <span class='ocrx_word' id='word_1_177' title='bbox 736 1549 808 1585; x_wconf 81' lang='grc' dir='ltr'>της</span> <span class='ocrx_word' id='word_1_178' title='bbox 837 1532 1048 1585; x_wconf 80' lang='grc' dir='ltr'><em>ἐνυὸρίὸος</em></span> <span class='ocrx_word' id='word_1_179' title='bbox 1077 1534 1121 1574; x_wconf 91' lang='lat' dir='ltr'>H.</span> <span class='ocrx_word' id='word_1_180' title='bbox 1152 1535 1255 1574; x_wconf 86' lang='lat' dir='ltr'>Ann.</span> <span class='ocrx_word' id='word_1_181' title='bbox 1284 1534 1348 1574; x_wconf 92' lang='lat' dir='ltr'>IX.</span> <span class='ocrx_word' id='word_1_182' title='bbox 1379 1533 1416 1574; x_wconf 97' lang='lat'>5.</span> <span class='ocrx_word' id='word_1_183' title='bbox 1447 1545 1484 1584; x_wconf 93' lang='lat' dir='ltr'>p.</span> <span class='ocrx_word' id='word_1_184' title='bbox 1516 1532 1610 1585; x_wconf 77' lang='lat'>594,</span> 
     </span>
     <span class='ocr_line' id='line_1_22' title="bbox 139 1596 1611 1665; baseline -0.007 -18"><span class='ocrx_word' id='word_1_185' title='bbox 139 1607 205 1649; x_wconf 88' lang='lat'>32.</span> <span class='ocrx_word' id='word_1_186' title='bbox 239 1603 386 1665; x_wconf 81' lang='lat' dir='ltr'>apud—</span> <span class='ocrx_word' id='word_1_187' title='bbox 375 1601 625 1643; x_wconf 85' lang='lat' dir='ltr'>Herodotum</span> <span class='ocrx_word' id='word_1_188' title='bbox 655 1611 752 1639; x_wconf 81' lang='lat' dir='ltr'>vero</span> <span class='ocrx_word' id='word_1_189' title='bbox 782 1600 844 1640; x_wconf 89' lang='lat' dir='ltr'>his</span> <span class='ocrx_word' id='word_1_190' title='bbox 876 1599 917 1639; x_wconf 85' lang='grc' dir='ltr'>αἱ</span> <span class='ocrx_word' id='word_1_191' title='bbox 935 1596 1114 1652; x_wconf 77' lang='grc' dir='ltr'>ἐνύδριες</span> <span class='ocrx_word' id='word_1_192' title='bbox 1134 1600 1425 1639; x_wconf 88' lang='lat' dir='ltr'>convenienter</span> <span class='ocrx_word' id='word_1_193' title='bbox 1446 1598 1611 1648; x_wconf 86' lang='lat' dir='ltr'>regulae</span> 
     </span>
     <span class='ocr_line' id='line_1_23' title="bbox 139 1662 1614 1720; baseline -0.007 -6"><span class='ocrx_word' id='word_1_194' title='bbox 139 1668 190 1714; x_wconf 84' lang='grc' dir='ltr'>τὰ</span> <span class='ocrx_word' id='word_1_195' title='bbox 227 1670 282 1718; x_wconf 79' lang='grc' dir='ltr'>εἰς</span> <span class='ocrx_word' id='word_1_196' title='bbox 323 1683 384 1720; x_wconf 83' lang='grc' dir='ltr'>ρις</span> <span class='ocrx_word' id='word_1_197' title='bbox 425 1662 508 1720; x_wconf 82' lang='grc' dir='ltr'>μετ’</span> <span class='ocrx_word' id='word_1_198' title='bbox 555 1663 774 1718; x_wconf 75' lang='grc' dir='ltr'><em>ἐπιπλοκῆς</em></span> <span class='ocrx_word' id='word_1_199' title='bbox 801 1662 928 1717; x_wconf 82' lang='grc' dir='ltr'>μέσου</span> <span class='ocrx_word' id='word_1_200' title='bbox 956 1662 1174 1718; x_wconf 76' lang='grc' dir='ltr'><em>βαρύνεται</em></span> <span class='ocrx_word' id='word_1_201' title='bbox 1204 1663 1351 1705; x_wconf 85' lang='lat' dir='ltr'>Arcad.</span> <span class='ocrx_word' id='word_1_202' title='bbox 1382 1663 1447 1716; x_wconf 87' lang='lat'>33,</span> <span class='ocrx_word' id='word_1_203' title='bbox 1477 1663 1542 1704; x_wconf 83' lang='lat'>23.</span> <span class='ocrx_word' id='word_1_204' title='bbox 1573 1666 1614 1703; x_wconf 79' lang='lat' dir='ltr'>ct</span> 
     </span>
     <span class='ocr_line' id='line_1_24' title="bbox 141 1729 1611 1785; baseline -0.007 -5"><span class='ocrx_word' id='word_1_205' title='bbox 141 1736 402 1781; x_wconf 85' lang='lat' dir='ltr'>accusativus</span> <span class='ocrx_word' id='word_1_206' title='bbox 450 1731 727 1785; x_wconf 78' lang='lat' dir='ltr'>parisyllabus</span> <span class='ocrx_word' id='word_1_207' title='bbox 774 1729 938 1783; x_wconf 73' lang='grc' dir='ltr'><em>ἔνυδριν</em></span> <span class='ocrx_word' id='word_1_208' title='bbox 973 1732 1065 1772; x_wconf 84' lang='lat' dir='ltr'>Atli.</span> <span class='ocrx_word' id='word_1_209' title='bbox 1103 1731 1203 1771; x_wconf 82' lang='lat' dir='ltr'>V.III</span> <span class='ocrx_word' id='word_1_210' title='bbox 1244 1730 1336 1771; x_wconf 86' lang='lat'>253.</span> <span class='ocrx_word' id='word_1_211' title='bbox 1374 1729 1414 1770; x_wconf 89' lang='lat' dir='ltr'>F.</span> <span class='ocrx_word' id='word_1_212' title='bbox 1453 1739 1611 1769; x_wconf 89' lang='lat' dir='ltr'>summo</span> 
     </span>
     <span class='ocr_line' id='line_1_25' title="bbox 140 1793 1612 1856; baseline -0.008 -10"><span class='ocrx_word' id='word_1_213' title='bbox 140 1805 290 1856; x_wconf 88' lang='lat' dir='ltr'>ubique</span> <span class='ocrx_word' id='word_1_214' title='bbox 319 1799 435 1842; x_wconf 88' lang='lat' dir='ltr'>codd.</span> <span class='ocrx_word' id='word_1_215' title='bbox 467 1803 669 1838; x_wconf 82' lang='lat' dir='ltr'>concentu</span> <span class='ocrx_word' id='word_1_216' title='bbox 699 1798 779 1838; x_wconf 88' lang='lat' dir='ltr'>nisi</span> <span class='ocrx_word' id='word_1_217' title='bbox 809 1798 918 1850; x_wconf 85' lang='lat' dir='ltr'>qnod</span> <span class='ocrx_word' id='word_1_218' title='bbox 947 1799 988 1838; x_wconf 92' lang='lat' dir='ltr'>in</span> <span class='ocrx_word' id='word_1_219' title='bbox 1017 1798 1143 1838; x_wconf 86' lang='lat' dir='ltr'>Arist.</span> <span class='ocrx_word' id='word_1_220' title='bbox 1171 1797 1217 1837; x_wconf 92' lang='lat' dir='ltr'>H.</span> <span class='ocrx_word' id='word_1_221' title='bbox 1236 1797 1339 1837; x_wconf 90' lang='lat' dir='ltr'>Ann.</span> <span class='ocrx_word' id='word_1_222' title='bbox 1360 1795 1387 1836; x_wconf 93' lang='lat' dir='ltr'>I.</span> <span class='ocrx_word' id='word_1_223' title='bbox 1410 1795 1443 1835; x_wconf 85' lang='lat'>1.</span> <span class='ocrx_word' id='word_1_224' title='bbox 1463 1806 1500 1846; x_wconf 91' lang='lat' dir='ltr'>p.</span> <span class='ocrx_word' id='word_1_225' title='bbox 1518 1793 1612 1847; x_wconf 80' lang='grc'>487,</span> 
     </span>
     <span class='ocr_line' id='line_1_26' title="bbox 140 1859 1613 1917; baseline -0.009 -4"><span class='ocrx_word' id='word_1_226' title='bbox 140 1871 206 1912; x_wconf 90' lang='grc'>22.</span> <span class='ocrx_word' id='word_1_227' title='bbox 234 1870 276 1909; x_wconf 90' lang='lat' dir='ltr'>in</span> <span class='ocrx_word' id='word_1_228' title='bbox 304 1878 385 1908; x_wconf 93' lang='lat' dir='ltr'>uno</span> <span class='ocrx_word' id='word_1_229' title='bbox 418 1865 505 1904; x_wconf 79' lang='lat' dir='ltr'>Vat.</span> <span class='ocrx_word' id='word_1_230' title='bbox 535 1860 706 1914; x_wconf 77' lang='grc' dir='ltr'><em>ἔνυδρος</em></span> <span class='ocrx_word' id='word_1_231' title='bbox 735 1865 927 1917; x_wconf 87' lang='lat' dir='ltr'>scriptum</span> <span class='ocrx_word' id='word_1_232' title='bbox 959 1863 1067 1916; x_wconf 89' lang='lat' dir='ltr'>quod</span> <span class='ocrx_word' id='word_1_233' title='bbox 1092 1866 1185 1914; x_wconf 89' lang='lat' dir='ltr'>jure</span> <span class='ocrx_word' id='word_1_234' title='bbox 1211 1860 1375 1902; x_wconf 83' lang='lat' dir='ltr'>retinuit</span> <span class='ocrx_word' id='word_1_235' title='bbox 1394 1859 1613 1900; x_wconf 88' lang='lat' dir='ltr'>Jacobsius</span> 
     </span>
     <span class='ocr_line' id='line_1_27' title="bbox 140 1921 1613 1978; baseline -0.009 -1"><span class='ocrx_word' id='word_1_236' title='bbox 140 1939 182 1978; x_wconf 92' lang='lat' dir='ltr'>in</span> <span class='ocrx_word' id='word_1_237' title='bbox 212 1933 300 1974; x_wconf 84' lang='lat' dir='ltr'>Ael.</span> <span class='ocrx_word' id='word_1_238' title='bbox 327 1932 374 1973; x_wconf 91' lang='lat' dir='ltr'>H.</span> <span class='ocrx_word' id='word_1_239' title='bbox 406 1933 508 1971; x_wconf 82' lang='lat' dir='ltr'>Ann.</span> <span class='ocrx_word' id='word_1_240' title='bbox 539 1930 603 1971; x_wconf 88' lang='lat' dir='ltr'>XI.</span> <span class='ocrx_word' id='word_1_241' title='bbox 635 1930 699 1970; x_wconf 76' lang='lat'>37.</span> <span class='ocrx_word' id='word_1_242' title='bbox 733 1935 772 1970; x_wconf 88' lang='lat' dir='ltr'>et</span> <span class='ocrx_word' id='word_1_243' title='bbox 802 1932 842 1970; x_wconf 95' lang='lat' dir='ltr'>in</span> <span class='ocrx_word' id='word_1_244' title='bbox 873 1929 1021 1971; x_wconf 86' lang='lat' dir='ltr'>Herod.</span> <span class='ocrx_word' id='word_1_245' title='bbox 1052 1929 1098 1969; x_wconf 91' lang='lat' dir='ltr'>ll.</span> <span class='ocrx_word' id='word_1_246' title='bbox 1132 1928 1194 1969; x_wconf 75' lang='grc'>72.</span> <span class='ocrx_word' id='word_1_247' title='bbox 1223 1928 1264 1968; x_wconf 91' lang='lat' dir='ltr'>in</span> <span class='ocrx_word' id='word_1_248' title='bbox 1290 1925 1411 1967; x_wconf 89' lang='lat' dir='ltr'>Arch.</span> <span class='ocrx_word' id='word_1_249' title='bbox 1433 1921 1613 1976; x_wconf 80' lang='grc' dir='ltr'><em>ἐνιδρύες</em></span> 
     </span>
     <span class='ocr_line' id='line_1_28' title="bbox 142 1987 1613 2054; baseline -0.008 -13"><span class='ocrx_word' id='word_1_250' title='bbox 142 2004 430 2054; x_wconf 74' lang='lat' dir='ltr'>paroxytonon</span> <span class='ocrx_word' id='word_1_251' title='bbox 461 1996 658 2047; x_wconf 82' lang='lat' dir='ltr'>trajectiS,</span> <span class='ocrx_word' id='word_1_252' title='bbox 689 2001 729 2036; x_wconf 92' lang='lat' dir='ltr'>ut</span> <span class='ocrx_word' id='word_1_253' title='bbox 760 1997 813 2049; x_wconf 85' lang='lat' dir='ltr'>fit,</span> <span class='ocrx_word' id='word_1_254' title='bbox 843 1997 1069 2037; x_wconf 86' lang='lat' dir='ltr'>vocalibus.</span> <span class='ocrx_word' id='word_1_255' title='bbox 1129 1994 1304 2034; x_wconf 85' lang='lat' dir='ltr'>Tertium</span> <span class='ocrx_word' id='word_1_256' title='bbox 1334 1987 1613 2043; x_wconf 58' lang='lat' dir='ltr'>praebetk&#39;my-</span> 
     </span>
     <span class='ocr_line' id='line_1_29' title="bbox 141 2054 1612 2117; baseline -0.007 -12"><span class='ocrx_word' id='word_1_257' title='bbox 141 2067 200 2112; x_wconf 79' lang='grc' dir='ltr'>λις</span> <span class='ocrx_word' id='word_1_258' title='bbox 230 2060 255 2117; x_wconf 85' lang='grc' dir='ltr'><em>ἡ</em></span> <span class='ocrx_word' id='word_1_259' title='bbox 293 2063 369 2103; x_wconf 80' lang='grc' dir='ltr'>τοῦ</span> <span class='ocrx_word' id='word_1_260' title='bbox 407 2059 627 2112; x_wconf 80' lang='grc' dir='ltr'><em>προςώπου</em></span> <span class='ocrx_word' id='word_1_261' title='bbox 655 2063 823 2113; x_wconf 78' lang='grc' dir='ltr'><em>μελανία</em></span> <span class='ocrx_word' id='word_1_262' title='bbox 860 2061 929 2102; x_wconf 79' lang='grc' dir='ltr'>καὶ</span> <span class='ocrx_word' id='word_1_263' title='bbox 956 2058 1003 2102; x_wconf 84' lang='grc' dir='ltr'>τὸ</span> <span class='ocrx_word' id='word_1_264' title='bbox 1032 2061 1155 2113; x_wconf 76' lang='grc' dir='ltr'><em>πῶμα</em></span> <span class='ocrx_word' id='word_1_265' title='bbox 1184 2083 1232 2088; x_wconf 88' lang='lat'>—-</span> <span class='ocrx_word' id='word_1_266' title='bbox 1263 2055 1332 2098; x_wconf 79' lang='grc' dir='ltr'>καὶ</span> <span class='ocrx_word' id='word_1_267' title='bbox 1361 2054 1500 2109; x_wconf 78' lang='grc' dir='ltr'><em>ἔφηλις</em></span> <span class='ocrx_word' id='word_1_268' title='bbox 1528 2070 1612 2095; x_wconf 83' lang='grc' dir='ltr'><em>κοι-</em></span> 
     </span>
     <span class='ocr_line' id='line_1_30' title="bbox 142 2118 1613 2180; baseline -0.009 -8"><span class='ocrx_word' id='word_1_269' title='bbox 142 2132 224 2178; x_wconf 80' lang='grc' dir='ltr'>νῶς</span> <span class='ocrx_word' id='word_1_270' title='bbox 262 2127 316 2177; x_wconf 82' lang='grc' dir='ltr'>ὡς</span> <span class='ocrx_word' id='word_1_271' title='bbox 353 2124 434 2169; x_wconf 80' lang='grc' dir='ltr'>ἀπὸ</span> <span class='ocrx_word' id='word_1_272' title='bbox 473 2128 549 2167; x_wconf 84' lang='grc' dir='ltr'>τοῦ</span> <span class='ocrx_word' id='word_1_273' title='bbox 586 2125 691 2180; x_wconf 78' lang='grc' dir='ltr'><strong><em>ἤλου</em></strong></span> <span class='ocrx_word' id='word_1_274' title='bbox 732 2128 846 2169; x_wconf 82' lang='lat' dir='ltr'>Eust.</span> <span class='ocrx_word' id='word_1_275' title='bbox 887 2128 1012 2180; x_wconf 78' lang='grc'><strong>1562,</strong></span> <span class='ocrx_word' id='word_1_276' title='bbox 1049 2126 1113 2168; x_wconf 76' lang='grc'>38.</span> <span class='ocrx_word' id='word_1_277' title='bbox 1147 2137 1170 2165; x_wconf 86' lang='lat' dir='ltr'>a</span> <span class='ocrx_word' id='word_1_278' title='bbox 1198 2124 1324 2165; x_wconf 87' lang='lat' dir='ltr'>verbo</span> <span class='ocrx_word' id='word_1_279' title='bbox 1357 2122 1455 2174; x_wconf 77' lang='grc' dir='ltr'><em>ἴημι,</em></span> <span class='ocrx_word' id='word_1_280' title='bbox 1487 2118 1613 2161; x_wconf 78' lang='grc' dir='ltr'><em>ἰάλλω</em></span> 
     </span>
     <span class='ocr_line' id='line_1_31' title="bbox 143 2183 1613 2249; baseline -0.008 -11"><span class='ocrx_word' id='word_1_281' title='bbox 143 2197 263 2249; x_wconf 83' lang='lat' dir='ltr'>adigo</span> <span class='ocrx_word' id='word_1_282' title='bbox 294 2200 337 2236; x_wconf 84' lang='lat' dir='ltr'>ut</span> <span class='ocrx_word' id='word_1_283' title='bbox 367 2198 539 2247; x_wconf 81' lang='lat' dir='ltr'>apparet</span> <span class='ocrx_word' id='word_1_284' title='bbox 570 2204 620 2233; x_wconf 76' lang='lat' dir='ltr'>ex</span> <span class='ocrx_word' id='word_1_285' title='bbox 651 2193 722 2235; x_wconf 86' lang='lat' dir='ltr'>Od.</span> <span class='ocrx_word' id='word_1_286' title='bbox 754 2194 851 2234; x_wconf 87' lang='lat' dir='ltr'>VIII.</span> <span class='ocrx_word' id='word_1_287' title='bbox 883 2194 973 2234; x_wconf 78' lang='grc'><strong>447.</strong></span> <span class='ocrx_word' id='word_1_288' title='bbox 1004 2188 1172 2243; x_wconf 68' lang='grc' dir='ltr'>ἐπήρτυε</span> <span class='ocrx_word' id='word_1_289' title='bbox 1200 2191 1322 2241; x_wconf 80' lang='grc' dir='ltr'><em>πῶμα</em></span> <span class='ocrx_word' id='word_1_290' title='bbox 1351 2189 1466 2235; x_wconf 79' lang='grc' dir='ltr'>θοῶς</span> <span class='ocrx_word' id='word_1_291' title='bbox 1495 2183 1529 2227; x_wconf 73' lang='grc' dir='ltr'>δ’</span> <span class='ocrx_word' id='word_1_292' title='bbox 1549 2185 1613 2227; x_wconf 82' lang='grc' dir='ltr'>ἐπὶ</span> 
     </span>
     <span class='ocr_line' id='line_1_32' title="bbox 143 2250 1613 2315; baseline -0.007 -12"><span class='ocrx_word' id='word_1_293' title='bbox 143 2258 292 2315; x_wconf 81' lang='grc' dir='ltr'><em>δεσμὸν</em></span> <span class='ocrx_word' id='word_1_294' title='bbox 320 2261 431 2313; x_wconf 75' lang='grc' dir='ltr'><em>ἴηλεν</em></span> <span class='ocrx_word' id='word_1_295' title='bbox 460 2260 538 2299; x_wconf 87' lang='lat' dir='ltr'>hoc</span> <span class='ocrx_word' id='word_1_296' title='bbox 570 2263 633 2299; x_wconf 84' lang='lat' dir='ltr'>est</span> <span class='ocrx_word' id='word_1_297' title='bbox 663 2256 838 2310; x_wconf 61' lang='grc' dir='ltr'>ἐπέβαὶε,</span> <span class='ocrx_word' id='word_1_298' title='bbox 872 2257 974 2298; x_wconf 87' lang='lat' dir='ltr'>unde</span> <span class='ocrx_word' id='word_1_299' title='bbox 1005 2255 1200 2308; x_wconf 77' lang='grc' dir='ltr'>ἐπίβλημα</span> <span class='ocrx_word' id='word_1_300' title='bbox 1231 2254 1480 2307; x_wconf 86' lang='lat' dir='ltr'>operculum,</span> <span class='ocrx_word' id='word_1_301' title='bbox 1523 2250 1613 2293; x_wconf 79' lang='grc' dir='ltr'><em>ἐπι-</em></span> 
     </span>
     <span class='ocr_line' id='line_1_33' title="bbox 142 2311 1613 2382; baseline -0.006 -14"><span class='ocrx_word' id='word_1_302' title='bbox 142 2325 242 2382; x_wconf 77' lang='grc' dir='ltr'><em>βλης</em></span> <span class='ocrx_word' id='word_1_303' title='bbox 271 2326 463 2380; x_wconf 88' lang='lat' dir='ltr'>pessulus</span> <span class='ocrx_word' id='word_1_304' title='bbox 494 2324 559 2365; x_wconf 87' lang='lat' dir='ltr'>vel</span> <span class='ocrx_word' id='word_1_305' title='bbox 589 2325 729 2377; x_wconf 87' lang='lat' dir='ltr'>clavis,</span> <span class='ocrx_word' id='word_1_306' title='bbox 760 2322 927 2375; x_wconf 76' lang='grc' dir='ltr'><em>ἔμβολος</em></span> <span class='ocrx_word' id='word_1_307' title='bbox 950 2328 989 2363; x_wconf 90' lang='lat' dir='ltr'>et</span> <span class='ocrx_word' id='word_1_308' title='bbox 1016 2318 1203 2374; x_wconf 77' lang='grc' dir='ltr'><em>ἐμβόλων</em></span> <span class='ocrx_word' id='word_1_309' title='bbox 1225 2320 1404 2371; x_wconf 88' lang='lat' dir='ltr'>clavula;</span> <span class='ocrx_word' id='word_1_310' title='bbox 1436 2320 1485 2360; x_wconf 91' lang='lat' dir='ltr'>ab</span> <span class='ocrx_word' id='word_1_311' title='bbox 1519 2311 1613 2372; x_wconf 78' lang='grc' dir='ltr'><em>ἧλος</em></span> 
     </span>
     <span class='ocr_line' id='line_1_34' title="bbox 145 2382 1614 2444; baseline -0.008 -10"><span class='ocrx_word' id='word_1_312' title='bbox 145 2399 280 2434; x_wconf 78' lang='lat' dir='ltr'>autem</span> <span class='ocrx_word' id='word_1_313' title='bbox 305 2387 516 2444; x_wconf 78' lang='grc' dir='ltr'><strong><em>Ἐφηλίόες</em></strong></span> <span class='ocrx_word' id='word_1_314' title='bbox 555 2387 724 2442; x_wconf 74' lang='grc' dir='ltr'><em>περόναι</em></span> <span class='ocrx_word' id='word_1_315' title='bbox 761 2390 855 2429; x_wconf 88' lang='lat' dir='ltr'>Hes.</span> <span class='ocrx_word' id='word_1_316' title='bbox 902 2389 1004 2429; x_wconf 61' lang='lat' dir='ltr'>alitis</span> <span class='ocrx_word' id='word_1_317' title='bbox 1042 2385 1170 2427; x_wconf 77' lang='grc' dir='ltr'><em>ἐνεταί</em></span> <span class='ocrx_word' id='word_1_318' title='bbox 1207 2387 1339 2427; x_wconf 84' lang='lat' dir='ltr'>dictae</span> <span class='ocrx_word' id='word_1_319' title='bbox 1379 2385 1428 2426; x_wconf 82' lang='lat' dir='ltr'>ab</span> <span class='ocrx_word' id='word_1_320' title='bbox 1469 2382 1614 2437; x_wconf 78' lang='grc' dir='ltr'>ἐνίημι,</span> 
     </span>
     <span class='ocr_line' id='line_1_35' title="bbox 145 2450 1614 2509; baseline -0.007 -9"><span class='ocrx_word' id='word_1_321' title='bbox 145 2464 184 2500; x_wconf 86' lang='lat' dir='ltr'>et</span> <span class='ocrx_word' id='word_1_322' title='bbox 216 2456 424 2509; x_wconf 90' lang='lat' dir='ltr'>ephelides</span> <span class='ocrx_word' id='word_1_323' title='bbox 455 2459 542 2497; x_wconf 77' lang='lat' dir='ltr'>sive</span> <span class='ocrx_word' id='word_1_324' title='bbox 573 2455 769 2509; x_wconf 86' lang='lat' dir='ltr'>punctilla</span> <span class='ocrx_word' id='word_1_325' title='bbox 807 2454 953 2506; x_wconf 86' lang='lat' dir='ltr'>quibus</span> <span class='ocrx_word' id='word_1_326' title='bbox 993 2455 1096 2493; x_wconf 81' lang='lat' dir='ltr'>cutis</span> <span class='ocrx_word' id='word_1_327' title='bbox 1137 2453 1270 2493; x_wconf 90' lang='lat' dir='ltr'>solata</span> <span class='ocrx_word' id='word_1_328' title='bbox 1305 2452 1414 2492; x_wconf 75' lang='lat' dir='ltr'>velut</span> <span class='ocrx_word' id='word_1_329' title='bbox 1444 2450 1614 2491; x_wconf 86' lang='lat' dir='ltr'>clavulis</span> 
     </span>
     <span class='ocr_line' id='line_1_36' title="bbox 144 2513 1615 2574; baseline -0.005 -11"><span class='ocrx_word' id='word_1_330' title='bbox 144 2523 388 2573; x_wconf 75' lang='lat' dir='ltr'>maculatur,</span> <span class='ocrx_word' id='word_1_331' title='bbox 428 2523 468 2562; x_wconf 88' lang='lat' dir='ltr'>in</span> <span class='ocrx_word' id='word_1_332' title='bbox 499 2534 577 2574; x_wconf 90' lang='lat' dir='ltr'>quo</span> <span class='ocrx_word' id='word_1_333' title='bbox 610 2522 771 2562; x_wconf 87' lang='lat' dir='ltr'>nomine</span> <span class='ocrx_word' id='word_1_334' title='bbox 809 2520 981 2560; x_wconf 77' lang='lat' dir='ltr'>maxime</span> <span class='ocrx_word' id='word_1_335' title='bbox 1019 2519 1216 2558; x_wconf 86' lang='lat' dir='ltr'>variatum</span> <span class='ocrx_word' id='word_1_336' title='bbox 1257 2522 1335 2558; x_wconf 85' lang='lat' dir='ltr'>est:</span> <span class='ocrx_word' id='word_1_337' title='bbox 1375 2516 1417 2556; x_wconf 79' lang='grc' dir='ltr'>αἱ</span> <span class='ocrx_word' id='word_1_338' title='bbox 1453 2513 1615 2568; x_wconf 78' lang='grc' dir='ltr'><em>ἐφήλεις</em></span> 
     </span>
     <span class='ocr_line' id='line_1_37' title="bbox 148 2581 1615 2639; baseline -0.005 -10"><span class='ocrx_word' id='word_1_339' title='bbox 148 2588 284 2629; x_wconf 89' lang='lat' dir='ltr'>Galen.</span> <span class='ocrx_word' id='word_1_340' title='bbox 330 2587 379 2628; x_wconf 87' lang='lat' dir='ltr'>de</span> <span class='ocrx_word' id='word_1_341' title='bbox 415 2588 517 2629; x_wconf 89' lang='lat' dir='ltr'>Med.</span> <span class='ocrx_word' id='word_1_342' title='bbox 559 2587 697 2639; x_wconf 90' lang='lat' dir='ltr'>Simpl.</span> <span class='ocrx_word' id='word_1_343' title='bbox 736 2585 799 2626; x_wconf 89' lang='lat' dir='ltr'>VI.</span> <span class='ocrx_word' id='word_1_344' title='bbox 836 2584 928 2626; x_wconf 79' lang='grc'><strong>286.</strong></span> <span class='ocrx_word' id='word_1_345' title='bbox 966 2584 1007 2625; x_wconf 96' lang='lat' dir='ltr'>T.</span> <span class='ocrx_word' id='word_1_346' title='bbox 1047 2584 1110 2625; x_wconf 88' lang='lat' dir='ltr'>XI.</span> <span class='ocrx_word' id='word_1_347' title='bbox 1152 2585 1290 2625; x_wconf 91' lang='lat' dir='ltr'>Diosc.</span> <span class='ocrx_word' id='word_1_348' title='bbox 1321 2584 1415 2624; x_wconf 85' lang='lat' dir='ltr'>Mat.</span> <span class='ocrx_word' id='word_1_349' title='bbox 1446 2582 1490 2623; x_wconf 93' lang='lat' dir='ltr'>V.</span> <span class='ocrx_word' id='word_1_350' title='bbox 1524 2581 1615 2622; x_wconf 88' lang='lat'>125.</span> 
     </span>
     <span class='ocr_line' id='line_1_38' title="bbox 145 2646 1612 2706; baseline -0.005 -13"><span class='ocrx_word' id='word_1_351' title='bbox 145 2650 331 2706; x_wconf 79' lang='grc' dir='ltr'><em>ἐφήλιδες</em></span> <span class='ocrx_word' id='word_1_352' title='bbox 357 2652 403 2693; x_wconf 90' lang='grc' dir='ltr'>ΙΙ.</span> <span class='ocrx_word' id='word_1_353' title='bbox 436 2654 500 2695; x_wconf 88' lang='grc'>21.</span> <span class='ocrx_word' id='word_1_354' title='bbox 532 2665 568 2706; x_wconf 89' lang='lat' dir='ltr'>p.</span> <span class='ocrx_word' id='word_1_355' title='bbox 601 2652 690 2695; x_wconf 78' lang='lat'>176.</span> <span class='ocrx_word' id='word_1_356' title='bbox 720 2648 903 2704; x_wconf 80' lang='grc' dir='ltr'><em>ἐφηλίδες</em></span> <span class='ocrx_word' id='word_1_357' title='bbox 932 2649 1125 2702; x_wconf 84' lang='lat' dir='ltr'>Hippocr.</span> <span class='ocrx_word' id='word_1_358' title='bbox 1154 2650 1248 2690; x_wconf 88' lang='lat' dir='ltr'>Mul.</span> <span class='ocrx_word' id='word_1_359' title='bbox 1278 2650 1324 2690; x_wconf 92' lang='lat' dir='ltr'>II.</span> <span class='ocrx_word' id='word_1_360' title='bbox 1355 2648 1447 2690; x_wconf 79' lang='grc'><strong>854.</strong></span> <span class='ocrx_word' id='word_1_361' title='bbox 1493 2647 1534 2687; x_wconf 88' lang='lat' dir='ltr'>T.</span> <span class='ocrx_word' id='word_1_362' title='bbox 1564 2646 1612 2687; x_wconf 92' lang='lat' dir='ltr'>II.</span> 
     </span>
     <span class='ocr_line' id='line_1_39' title="bbox 145 2709 1615 2770; baseline -0.005 -10"><span class='ocrx_word' id='word_1_363' title='bbox 145 2719 285 2760; x_wconf 89' lang='lat' dir='ltr'>Diosc.</span> <span class='ocrx_word' id='word_1_364' title='bbox 314 2718 416 2770; x_wconf 88' lang='lat' dir='ltr'>Eup.</span> <span class='ocrx_word' id='word_1_365' title='bbox 447 2720 473 2760; x_wconf 92' lang='lat' dir='ltr'>I.</span> <span class='ocrx_word' id='word_1_366' title='bbox 508 2720 597 2761; x_wconf 91' lang='grc'><strong>121.</strong></span> <span class='ocrx_word' id='word_1_367' title='bbox 629 2722 668 2759; x_wconf 87' lang='lat' dir='ltr'>et</span> <span class='ocrx_word' id='word_1_368' title='bbox 701 2716 789 2760; x_wconf 89' lang='lat'>122.</span> <span class='ocrx_word' id='word_1_369' title='bbox 819 2715 893 2757; x_wconf 88' lang='lat' dir='ltr'>sed</span> <span class='ocrx_word' id='word_1_370' title='bbox 933 2717 971 2756; x_wconf 91' lang='lat' dir='ltr'>in</span> <span class='ocrx_word' id='word_1_371' title='bbox 1010 2715 1153 2756; x_wconf 88' lang='lat' dir='ltr'>eodem</span> <span class='ocrx_word' id='word_1_372' title='bbox 1193 2716 1327 2769; x_wconf 89' lang='lat' dir='ltr'>capite</span> <span class='ocrx_word' id='word_1_373' title='bbox 1365 2710 1442 2767; x_wconf 76' lang='grc' dir='ltr'>τὴν</span> <span class='ocrx_word' id='word_1_374' title='bbox 1469 2709 1615 2765; x_wconf 77' lang='grc' dir='ltr'><em>ἔφηλιν</em></span> 
     </span>
    </p>
   </div>
  </div>
 </body>
</html>
