1731 3021
156 150 219 193 42
642 150 1075 195 DISSERTATIO
1124 153 1151 194 1.

159 262 280 304 tertia
308 272 392 303 non
422 262 614 314 frequens
644 251 750 312 οἷν-α’,
781 266 927 314 quarta
953 262 1229 305 deterioribus
1254 265 1465 307 celebrata
1485 268 1638 309 seculis

159 319 265 369 W.
322 328 436 369 Illius
472 328 658 380 exempla
697 333 792 369 sunt
830 329 976 381 partim
1014 329 1222 380 gentilicia
1260 341 1366 382 quae
1404 332 1639 385 Stephanus

161 397 319 449 profert
349 390 519 447 Κούρης
547 392 615 434 καὶ
647 390 839 447 Κουρεύς
874 392 1128 448 παραγωγόν
1154 419 1208 423 -
1232 391 1279 435 τὸ
1308 393 1498 449 θηλυκὸν
1526 395 1640 439 Κού-

159 475 248 514 ρειοε
276 458 345 502 καὶ
375 457 592 513 Κούρισσα
621 484 674 489 -
702 457 906 513 Λακέρεια
933 458 980 501 τὸ
1010 458 1182 502 ἐθνικὸν
1207 459 1464 515 Λακερειεύς,
1492 458 1540 503 τὸ
1562 466 1639 518 θη-

158 525 288 568 λυκὸν
316 522 519 578 Λακέρεια
546 522 779 580 ὁμοφώνως
802 528 860 583 τῷ
883 525 1140 582 πρωτοτύπῳ
1169 551 1224 557 --
1253 526 1381 577 Πόλις
1410 524 1430 568 ὅ
1462 527 1640 583 οἰκήτωρ

165 590 353 643 Πολιεύς,
381 589 428 633 τὸ
458 589 647 646 θηλυκὸν
668 592 1057 646 ΠολιείαζΠολίεια)
1080 618 1133 623 —
1154 592 1363 647 Αἰγιαλός,
1392 591 1440 635 τὸ
1468 592 1641 638 ἐθνικὸν

160 656 378 713 Αἰγιαλεύς
415 654 497 699 ἀπὸ
534 659 606 711 τῆς
644 658 845 711 Αἰγιαλοῦ
880 661 1042 713 γενικῆς
1078 657 1134 708 ὡς
1159 656 1427 714 Ἀλεξάνδρου
1457 656 1638 711 Ἀλεξαν-

159 724 298 778 δρεύς,
329 722 376 766 τὸ
406 721 595 778 θηλνυκὸι
622 722 851 777 Αἰγιάλεια,
884 727 1030 778 partim
1061 727 1328 779 appellarim
1365 723 1415 766 τὰ
1444 722 1526 767 ἀπὸ
1555 728 1640 768 τῶν

157 792 214 841 εἷς
250 806 318 840 &vg
357 787 426 831 διὰ
463 791 539 830 τοῦ
576 805 639 831 stoc
673 788 1105 844 παρασχηματιζόμενα
1143 788 1211 831 διὰ
1247 793 1319 845 τῆς
1347 806 1410 833 eta
1437 790 1639 846 γράφεται

158 856 228 900 καὶ
265 853 638 911 προπαοοξύιεται,
674 857 876 909 βασιλεια,
918 856 1051 909 [speia.
1123 856 1175 897 Οἱ
1205 854 1248 898 δὲ
1271 853 1488 912 Ἀθηναῖοι
1517 859 1639 914 [speia

156 924 313 968 ἐκτάσει
352 923 422 966 καὶ
458 923 749 978 καταβιβασμῷ
789 922 1070 965 Choerobosc.
1110 924 1240 965 Cram.
1280 925 1325 966 II.
1357 925 1449 967 225.
1487 926 1637 978 quibus

156 993 263 1033 idem
293 1004 331 1044 p.
361 990 450 1032 190.
482 990 559 1030 tria
589 988 699 1030 addit
729 989 810 1029 alia
838 985 1036 1041 γνάφεια,
1074 988 1299 1031 πανδόκεια
1329 995 1370 1032 et
1398 987 1639 1046 κεράμεια49

157 1057 462 1111 praetermissis
493 1051 692 1108 ἄγγελίεια
722 1054 845 1107 Orph.
875 1055 1018 1106 Hymn.
1058 1059 1175 1108 cujus
1213 1057 1480 1098 masculinum
1520 1057 1637 1099 deest

156 1128 196 1164 et
226 1120 481 1177 φαρμάκεια,
522 1121 632 1174 quod
660 1121 881 1161 Jacobsius
913 1132 963 1161 ex
994 1122 1222 1163 Aristotele
1250 1122 1423 1163 Aeliano
1455 1124 1637 1164 restituit

156 1202 193 1242 p.
224 1188 316 1230 490.
354 1187 542 1240 idemque
581 1188 790 1240 proprium
831 1192 894 1228 est
933 1187 1135 1240 nymphae
1174 1188 1368 1227 fontanae
1407 1198 1558 1229 nomen
1594 1189 1636 1228 in

157 1256 309 1296 Theon.
337 1255 553 1305 Progyinn.
578 1253 641 1293 Vl.
661 1252 752 1294 220.
786 1257 825 1294 et
854 1255 895 1294 in
919 1254 1070 1294 Lexico
1094 1254 1258 1307 Timaei,
1288 1253 1487 1294 mendoso
1514 1257 1635 1295 utro-

154 1321 277 1373 bique
308 1325 482 1361 accentu
513 1319 764 1371 Φαρμακεία.
822 1320 924 1361 Nam
946 1319 1055 1372 quod
1074 1320 1344 1360 Buttmannus
1366 1319 1536 1360 credidit
1554 1319 1635 1359 At-

156 1388 262 1428 ticos
292 1386 471 1440 βασιλεία
503 1391 542 1427 et
572 1390 711 1426 cetera
741 1387 1042 1438 pronunciasse
1068 1385 1290 1438 penultima
1319 1385 1455 1438 longa,
1489 1384 1635 1426 salsum

155 1458 230 1494 est.
288 1452 547 1494 Herodianus
577 1452 617 1492 in
646 1453 770 1503 Regg.
791 1451 964 1493 Prosod.
994 1465 1031 1505 p.
1054 1450 1147 1492 439.
1179 1452 1310 1492 Cram.
1329 1451 1392 1492 III.
1413 1450 1504 1493 290.
1534 1450 1634 1491 Phi-

153 1519 245 1560 lem.
269 1518 303 1560 1.
335 1523 373 1567 §.
393 1517 458 1559 51.
489 1517 642 1558 Anecd.
671 1518 796 1558 Bekk.
830 1518 946 1559 1314.
977 1518 1014 1559 b.
1053 1518 1172 1558 Drac.
1202 1530 1239 1570 p.
1259 1517 1324 1558 52.
1357 1521 1396 1557 et
1427 1517 1554 1558 ceteri
1583 1515 1632 1557 de

154 1597 235 1627 uno
265 1585 486 1637 loquuntur
505 1581 640 1636 ἱέρεια,
671 1584 890 1636 verbisque
914 1584 1128 1636 conceptis
1157 1583 1359 1624 Arcadius
1386 1595 1423 1635 p.
1446 1582 1534 1624 194.
1556 1593 1633 1623 ex-

155 1651 280 1692 cludit
309 1647 534 1691 πανδόκεια
564 1655 604 1691 et
633 1650 826 1703 βασίλεια,
858 1661 963 1702 quae
993 1661 1198 1701 nunquam
1227 1649 1346 1689 aliter
1368 1648 1492 1689 scribi
1512 1659 1632 1701 quarn

152 1721 531 1770 proparoxytonos.
587 1717 729 1767 ltaque
759 1715 866 1769 ἱερῆ,
898 1720 940 1755 ιιι
970 1716 1203 1756 Boeckhius
1235 1716 1402 1768 scripsit
1431 1715 1472 1754 in
1501 1715 1633 1755 inter-

153 1784 384 1836 pretatione
423 1782 659 1823 monimenti
696 1782 821 1821 ionici
860 1781 981 1833 Corp.
1021 1782 1148 1823 Inscr.
1178 1782 1206 1823 I.
1244 1793 1282 1822 n.
1313 1780 1432 1822 2108.
1471 1779 1633 1821 defendi

152 1848 312 1902 quidem
351 1852 497 1900 posset
536 1852 579 1888 ut
618 1852 873 1888 contractum
913 1859 963 1888 ex
1001 1844 1127 1900 ἱερέη,
1168 1847 1278 1900 quod
1315 1847 1357 1887 in
1395 1846 1633 1888 Callimachi

153 1915 444 1966 epigrammate
481 1913 618 1953 ionico
658 1913 806 1965 legitur
841 1914 961 1955 Anth.
992 1914 1072 1954 Vll.
1104 1914 1194 1955 728.
1225 1912 1426 1966 producta
1456 1916 1633 1964 quatuor

152 1979 402 2030 syllabarum
432 1984 655 2031 postrema,
687 1979 895 2031 semelque
923 1980 964 2019 in
984 1979 1100 2020 codd.
1123 1979 1322 2020 Herodoti
1348 1979 1516 2029 emergit
1532 1977 1631 2018 VIII.

156 2045 245 2087 104.
287 2041 395 2097 ἱερέα
434 2045 560 2085 Inscr.
589 2045 740 2085 Lacon.
772 2056 808 2086 n.
842 2045 957 2087 1440.
1015 2046 1101 2086 Nec
1130 2050 1265 2085 tamen
1296 2048 1365 2085 aut
1402 2044 1536 2096 ipsum
1572 2043 1631 2083 ita

153 2112 350 2163 scriptum
387 2111 588 2162 reperitur
627 2115 696 2150 aut
735 2111 939 2162 adjectiia
976 2111 1140 2164 θρασῆ,
1188 2105 1310 2163 εύρῆ,
1364 2109 1437 2150 sed
1468 2120 1630 2162 semper

152 2173 324 2227 θρασέα,
355 2171 475 2227 ὠκέα,
505 2177 614 2229 quod
647 2177 820 2217 Tzetzes
850 2178 974 2229 Exeg.
994 2190 1030 2230 p.
1051 2177 1115 2218 61.
1147 2181 1186 2217 et
1207 2176 1501 2217 Grammaticus
1525 2175 1630 2216 Gre—

151 2243 268 2294 gorio
300 2242 517 2295 adjunctus
548 2255 585 2297 p.
607 2243 698 2285 610.
730 2254 820 2284 cum
850 2239 957 2297 ἱέρεα
985 2246 1266 2296 comparant.⁰
1252 2242 1288 2267 ⁵0
1345 2241 1426 2283 Sed
1456 2241 1520 2282 vel
1550 2241 1629 2281 hoc

239 2410 299 2453 49)
331 2410 525 2454 Hesychius
557 2411 680 2452 Κωρία
715 2410 835 2453 κουρίς
869 2407 1104 2455 κουρεύτρια,
1141 2409 1288 2444 sortasse
1321 2406 1454 2452 κώρεια
1489 2408 1629 2451 scripsit

152 2464 271 2500 dorice
296 2475 356 2509 pro
382 2465 540 2511 κούρεια.
588 2464 659 2500 Sed
688 2462 939 2510 ιῖριστοῑόκεια
964 2475 1033 2499 non
1059 2469 1111 2501 est
1136 2464 1207 2499 ἀπὸ
1230 2464 1295 2497 τοῦ
1317 2462 1569 2509 ἆριστοτοχεύς
1593 2467 1629 2497 ut,

151 2521 418 2555 Choeroboscus
445 2523 491 2556 ait
515 2521 558 2556 11.
582 2521 655 2557 180.
683 2520 746 2555 sed
768 2519 809 2553 ab
830 2519 1062 2564 (ἓριστοῑόκος
1079 2519 1187 2561 -όκη
1206 2530 1237 2554 v.
1256 2520 1378 2554 Parall.
1395 2520 1473 2555 214.
1497 2524 1531 2555 et
1547 2519 1624 2555 462.

237 2592 298 2635 50)
335 2593 553 2636 Propi-iorum
581 2602 670 2637 quae
704 2591 739 2626 in
764 2593 993 2627 monumentis
1017 2592 1196 2637 lapidariis
1222 2592 1441 2627 inveniuntur
1460 2591 1625 2635 Ἀρτεμο-

151 2647 235 2681 κλέα
262 2647 363 2692 Coip.
390 2649 494 2682 Inscr.
523 2659 554 2682 11.
581 2649 677 2685 1887.
702 2648 907 2691 Δαμοκλέα,
929 2648 1158 2693 Ἐρατοκλέα,
1186 2648 1383 2692 Σωκρατέα
1407 2646 1508 2681 Anth.
1535 2647 1624 2691 App.

153 2714 183 2739 ιι.
211 2703 288 2739 384.
314 2713 346 2737 v.
370 2704 401 2739 4.
430 2707 464 2738 et
489 2703 539 2739 18.
569 2708 634 2738 etc.
673 2707 853 2740 accentum
879 2703 1032 2740 editores
1067 2703 1289 2738 constituisse
1316 2702 1476 2739 videntur
1501 2711 1625 2738 exem-
