<?xml version="1.0" encoding="UTF-8"?>
<!DOCTYPE html PUBLIC "-//W3C//DTD XHTML 1.0 Transitional//EN"
    "http://www.w3.org/TR/xhtml1/DTD/xhtml1-transitional.dtd">
<html xmlns="http://www.w3.org/1999/xhtml" xml:lang="en" lang="en">
 <head>
  <title>
</title>
<meta http-equiv="Content-Type" content="text/html;charset=utf-8" />
  <meta name='ocr-system' content='tesseract 3.04.00' />
  <meta name='ocr-capabilities' content='ocr_page ocr_carea ocr_par ocr_line ocrx_word'/>
</head>
<body>
  <div class='ocr_page' id='page_1' title='image "./pathologiaesermo00lobeuoft_0362.png"; bbox 0 0 1731 3021; ppageno 0'>
   <div class='ocr_carea' id='block_1_1' title="bbox 113 146 1143 194">
    <p class='ocr_par' dir='ltr' id='par_1_1' title="bbox 113 146 1143 194">
     <span class='ocr_line' id='line_1_1' title="bbox 113 146 1143 194; baseline -0.007 0"><span class='ocrx_word' id='word_1_1' title='bbox 113 150 206 194; x_wconf 72' lang='lat'><strong>344</strong></span> <span class='ocrx_word' id='word_1_2' title='bbox 578 146 1013 191; x_wconf 86' lang='lat' dir='ltr'>DISSERTATIO</span> <span class='ocrx_word' id='word_1_3' title='bbox 1060 147 1143 188; x_wconf 82' lang='lat' dir='ltr'><strong>Vn.</strong></span> 
     </span>
    </p>
   </div>
   <div class='ocr_carea' id='block_1_2' title="bbox 114 254 1625 2742">
    <p class='ocr_par' dir='ltr' id='par_1_2' title="bbox 114 254 1625 2742">
     <span class='ocr_line' id='line_1_2' title="bbox 116 254 1593 313; baseline -0.004 -12"><span class='ocrx_word' id='word_1_4' title='bbox 116 266 156 310; x_wconf 81' lang='lat'><strong>§.</strong></span> <span class='ocrx_word' id='word_1_5' title='bbox 188 260 226 301; x_wconf 87' lang='lat'><strong>3.</strong></span> <span class='ocrx_word' id='word_1_6' title='bbox 257 259 458 313; x_wconf 87' lang='lat' dir='ltr'>proposui</span> <span class='ocrx_word' id='word_1_7' title='bbox 489 262 680 312; x_wconf 88' lang='lat' dir='ltr'><strong>tanquam</strong></span> <span class='ocrx_word' id='word_1_8' title='bbox 711 258 899 309; x_wconf 84' lang='lat' dir='ltr'><strong>ambigua</strong></span> <span class='ocrx_word' id='word_1_9' title='bbox 929 262 968 298; x_wconf 91' lang='lat' dir='ltr'><strong>et</strong></span> <span class='ocrx_word' id='word_1_10' title='bbox 999 256 1274 309; x_wconf 83' lang='lat' dir='ltr'><strong>disputabilia.</strong></span> <span class='ocrx_word' id='word_1_11' title='bbox 1319 254 1593 298; x_wconf 87' lang='lat' dir='ltr'><strong>Schneiderus</strong></span> 
     </span>
     <span class='ocr_line' id='line_1_3' title="bbox 114 320 1596 377; baseline -0.004 -10"><span class='ocrx_word' id='word_1_12' title='bbox 114 326 214 368; x_wconf 89' lang='lat' dir='ltr'><strong>illud</strong></span> <span class='ocrx_word' id='word_1_13' title='bbox 245 339 268 367; x_wconf 88' lang='lat' dir='ltr'><strong>a</strong></span> <span class='ocrx_word' id='word_1_14' title='bbox 294 322 460 366; x_wconf 81' lang='grc' dir='ltr'><em>νεώσσω</em></span> <span class='ocrx_word' id='word_1_15' title='bbox 484 322 620 375; x_wconf 79' lang='grc' dir='ltr'><em>νεώξω</em></span> <span class='ocrx_word' id='word_1_16' title='bbox 652 323 945 366; x_wconf 89' lang='lat' dir='ltr'><strong>arcessendum</strong></span> <span class='ocrx_word' id='word_1_17' title='bbox 973 327 1099 377; x_wconf 85' lang='lat' dir='ltr'><strong>putat,</strong></span> <span class='ocrx_word' id='word_1_18' title='bbox 1124 322 1197 363; x_wconf 90' lang='lat' dir='ltr'><strong>sed</strong></span> <span class='ocrx_word' id='word_1_19' title='bbox 1216 321 1449 374; x_wconf 71' lang='lat' dir='ltr'><strong>hujusmodi</strong></span> <span class='ocrx_word' id='word_1_20' title='bbox 1468 320 1596 362; x_wconf 87' lang='lat' dir='ltr'><strong>verba</strong></span> 
     </span>
     <span class='ocr_line' id='line_1_4' title="bbox 119 387 1597 446; baseline -0.004 -13"><span class='ocrx_word' id='word_1_21' title='bbox 119 389 344 446; x_wconf 81' lang='grc' dir='ltr'><em>(ἀλεώσσω,</em></span> <span class='ocrx_word' id='word_1_22' title='bbox 373 389 630 442; x_wconf 78' lang='grc' dir='ltr'><em>καρδιώσσω,</em></span> <span class='ocrx_word' id='word_1_23' title='bbox 660 387 875 444; x_wconf 82' lang='grc' dir='ltr'><em>λιμώσσω,</em></span> <span class='ocrx_word' id='word_1_24' title='bbox 905 387 1156 442; x_wconf 81' lang='grc' dir='ltr'><em>τυφλώσσω)</em></span> <span class='ocrx_word' id='word_1_25' title='bbox 1196 387 1475 441; x_wconf 84' lang='lat' dir='ltr'><strong>propagandis</strong></span> <span class='ocrx_word' id='word_1_26' title='bbox 1514 398 1597 427; x_wconf 89' lang='lat' dir='ltr'><strong>no-</strong></span> 
     </span>
     <span class='ocr_line' id='line_1_5' title="bbox 119 452 1598 508; baseline -0.005 -8"><span class='ocrx_word' id='word_1_27' title='bbox 119 458 296 500; x_wconf 88' lang='lat' dir='ltr'><strong>minibus</strong></span> <span class='ocrx_word' id='word_1_28' title='bbox 327 458 522 499; x_wconf 85' lang='lat' dir='ltr'><strong>inhabilia</strong></span> <span class='ocrx_word' id='word_1_29' title='bbox 552 462 668 508; x_wconf 78' lang='lat' dir='ltr'><strong>sunt3</strong></span> <span class='ocrx_word' id='word_1_30' title='bbox 707 468 839 508; x_wconf 87' lang='lat' dir='ltr'><strong>neque</strong></span> <span class='ocrx_word' id='word_1_31' title='bbox 878 457 1126 496; x_wconf 88' lang='lat' dir='ltr'><strong>conveniunt</strong></span> <span class='ocrx_word' id='word_1_32' title='bbox 1163 455 1344 495; x_wconf 83' lang='lat' dir='ltr'><strong>vocales.</strong></span> <span class='ocrx_word' id='word_1_33' title='bbox 1413 452 1598 493; x_wconf 79' lang='lat' dir='ltr'><strong>Certiora</strong></span> 
     </span>
     <span class='ocr_line' id='line_1_6' title="bbox 121 519 1599 576; baseline -0.005 -11"><span class='ocrx_word' id='word_1_34' title='bbox 121 525 243 576; x_wconf 89' lang='lat' dir='ltr'><strong>hujus</strong></span> <span class='ocrx_word' id='word_1_35' title='bbox 283 524 560 576; x_wconf 87' lang='lat' dir='ltr'><strong>paremptosis</strong></span> <span class='ocrx_word' id='word_1_36' title='bbox 613 523 799 575; x_wconf 81' lang='lat' dir='ltr'><strong>exempla</strong></span> <span class='ocrx_word' id='word_1_37' title='bbox 846 521 1083 574; x_wconf 78' lang='lat' dir='ltr'><strong>suppeditat</strong></span> <span class='ocrx_word' id='word_1_38' title='bbox 1131 519 1250 560; x_wconf 85' lang='lat' dir='ltr'><strong>litera</strong></span> <span class='ocrx_word' id='word_1_39' title='bbox 1287 520 1353 560; x_wconf 87' lang='grc' dir='ltr'><strong>νῦ.</strong></span> <span class='ocrx_word' id='word_1_40' title='bbox 1422 519 1599 559; x_wconf 91' lang='lat' dir='ltr'><strong>Primum</strong></span> 
     </span>
     <span class='ocr_line' id='line_1_7' title="bbox 121 584 1600 636; baseline -0.006 -5"><span class='ocrx_word' id='word_1_41' title='bbox 121 591 360 632; x_wconf 77' lang='lat' dir='ltr'><strong>Athenaeus</strong></span> <span class='ocrx_word' id='word_1_42' title='bbox 390 589 455 630; x_wconf 88' lang='lat' dir='ltr'><strong>XI.</strong></span> <span class='ocrx_word' id='word_1_43' title='bbox 485 588 576 629; x_wconf 76' lang='lat'>495.</span> <span class='ocrx_word' id='word_1_44' title='bbox 609 588 649 629; x_wconf 89' lang='lat' dir='ltr'><strong>C.</strong></span> <span class='ocrx_word' id='word_1_45' title='bbox 669 589 854 629; x_wconf 85' lang='lat' dir='ltr'><strong>Boeotos</strong></span> <span class='ocrx_word' id='word_1_46' title='bbox 885 587 1006 628; x_wconf 86' lang='lat' dir='ltr'><strong>tradit</strong></span> <span class='ocrx_word' id='word_1_47' title='bbox 1038 586 1205 626; x_wconf 80' lang='lat' dir='ltr'><strong>calicem</strong></span> <span class='ocrx_word' id='word_1_48' title='bbox 1225 597 1376 626; x_wconf 85' lang='lat' dir='ltr'><strong>vocare</strong></span> <span class='ocrx_word' id='word_1_49' title='bbox 1398 584 1600 636; x_wconf 76' lang='grc' dir='ltr'><strong><em>πελίχναν,</em></strong></span> 
     </span>
     <span class='ocr_line' id='line_1_8' title="bbox 126 649 1601 708; baseline -0.006 -11"><span class='ocrx_word' id='word_1_50' title='bbox 126 660 242 708; x_wconf 87' lang='lat' dir='ltr'><strong>eujus</strong></span> <span class='ocrx_word' id='word_1_51' title='bbox 274 656 449 696; x_wconf 88' lang='lat' dir='ltr'><strong>nominis</strong></span> <span class='ocrx_word' id='word_1_52' title='bbox 481 655 583 695; x_wconf 86' lang='lat' dir='ltr'><strong>alias</strong></span> <span class='ocrx_word' id='word_1_53' title='bbox 615 655 780 706; x_wconf 85' lang='lat' dir='ltr'><strong>species</strong></span> <span class='ocrx_word' id='word_1_54' title='bbox 797 654 936 707; x_wconf 77' lang='grc' dir='ltr'><em>πελίκη</em></span> <span class='ocrx_word' id='word_1_55' title='bbox 966 657 1004 693; x_wconf 91' lang='lat' dir='ltr'><strong>et</strong></span> <span class='ocrx_word' id='word_1_56' title='bbox 1023 652 1159 703; x_wconf 70' lang='grc' dir='ltr'><em>πελίχη</em></span> <span class='ocrx_word' id='word_1_57' title='bbox 1181 662 1307 703; x_wconf 89' lang='lat' dir='ltr'><strong>supra</strong></span> <span class='ocrx_word' id='word_1_58' title='bbox 1329 650 1457 703; x_wconf 80' lang='lat' dir='ltr'><strong>attigi,</strong></span> <span class='ocrx_word' id='word_1_59' title='bbox 1482 649 1601 689; x_wconf 91' lang='lat' dir='ltr'><strong>aliam</strong></span> 
     </span>
     <span class='ocr_line' id='line_1_9' title="bbox 124 712 1604 774; baseline -0.007 -10"><span class='ocrx_word' id='word_1_60' title='bbox 124 722 355 774; x_wconf 75' lang='lat' dir='ltr'><strong>Hesychius</strong></span> <span class='ocrx_word' id='word_1_61' title='bbox 387 720 566 761; x_wconf 81' lang='lat' dir='ltr'><strong>servavit</strong></span> <span class='ocrx_word' id='word_1_62' title='bbox 595 717 798 772; x_wconf 79' lang='grc' dir='ltr'><em>πελάχνην</em></span> <span class='ocrx_word' id='word_1_63' title='bbox 826 719 1018 772; x_wconf 81' lang='grc' dir='ltr'><em>τρυβλίον</em></span> <span class='ocrx_word' id='word_1_64' title='bbox 1047 715 1276 770; x_wconf 78' lang='grc' dir='ltr'><em>ἐκπέταλον,</em></span> <span class='ocrx_word' id='word_1_65' title='bbox 1306 716 1375 756; x_wconf 86' lang='lat' dir='ltr'><strong>ubi</strong></span> <span class='ocrx_word' id='word_1_66' title='bbox 1399 712 1604 767; x_wconf 78' lang='grc' dir='ltr'><em>πεδάχνην</em></span> 
     </span>
     <span class='ocr_line' id='line_1_10' title="bbox 126 778 1601 839; baseline -0.006 -10"><span class='ocrx_word' id='word_1_67' title='bbox 126 790 350 839; x_wconf 80' lang='lat' dir='ltr'><strong>corrigunt,</strong></span> <span class='ocrx_word' id='word_1_68' title='bbox 381 786 476 837; x_wconf 82' lang='lat' dir='ltr'><strong>quia</strong></span> <span class='ocrx_word' id='word_1_69' title='bbox 506 785 602 824; x_wconf 85' lang='lat' dir='ltr'><strong>alibi</strong></span> <span class='ocrx_word' id='word_1_70' title='bbox 631 782 834 836; x_wconf 82' lang='grc' dir='ltr'><em>πέόαχνον</em></span> <span class='ocrx_word' id='word_1_71' title='bbox 865 785 1029 825; x_wconf 81' lang='lat' dir='ltr'><strong>affertur</strong></span> <span class='ocrx_word' id='word_1_72' title='bbox 1060 788 1098 824; x_wconf 81' lang='lat' dir='ltr'><strong>et</strong></span> <span class='ocrx_word' id='word_1_73' title='bbox 1128 780 1346 834; x_wconf 80' lang='grc' dir='ltr'><em>πέταχνον,</em></span> <span class='ocrx_word' id='word_1_74' title='bbox 1377 778 1601 833; x_wconf 82' lang='grc' dir='ltr'><em>πάτακνον,</em></span> 
     </span>
     <span class='ocr_line' id='line_1_11' title="bbox 126 848 1604 903; baseline -0.006 -8"><span class='ocrx_word' id='word_1_75' title='bbox 126 851 342 903; x_wconf 82' lang='grc' dir='ltr'><em>πέτακνον,</em></span> <span class='ocrx_word' id='word_1_76' title='bbox 373 862 477 903; x_wconf 84' lang='lat' dir='ltr'><strong>quae</strong></span> <span class='ocrx_word' id='word_1_77' title='bbox 510 851 644 890; x_wconf 91' lang='lat' dir='ltr'><strong>omnia</strong></span> <span class='ocrx_word' id='word_1_78' title='bbox 677 855 770 891; x_wconf 87' lang='lat' dir='ltr'><strong>sunt</strong></span> <span class='ocrx_word' id='word_1_79' title='bbox 790 861 983 890; x_wconf 83' lang='lat' dir='ltr'><strong>vasorum</strong></span> <span class='ocrx_word' id='word_1_80' title='bbox 1006 850 1258 889; x_wconf 85' lang='lat' dir='ltr'><strong>escariorum</strong></span> <span class='ocrx_word' id='word_1_81' title='bbox 1282 852 1320 888; x_wconf 88' lang='lat' dir='ltr'><strong>et</strong></span> <span class='ocrx_word' id='word_1_82' title='bbox 1347 848 1604 900; x_wconf 89' lang='lat' dir='ltr'><strong>potoriorum</strong></span> 
     </span>
     <span class='ocr_line' id='line_1_12' title="bbox 125 911 1605 967; baseline -0.005 -6"><span class='ocrx_word' id='word_1_83' title='bbox 125 919 329 961; x_wconf 86' lang='lat' dir='ltr'><strong>vocabula</strong></span> <span class='ocrx_word' id='word_1_84' title='bbox 358 917 551 957; x_wconf 84' lang='lat' dir='ltr'><strong>distincta</strong></span> <span class='ocrx_word' id='word_1_85' title='bbox 583 917 762 956; x_wconf 84' lang='lat' dir='ltr'><strong>fortasse</strong></span> <span class='ocrx_word' id='word_1_86' title='bbox 794 927 867 967; x_wconf 87' lang='lat' dir='ltr'><strong>pro</strong></span> <span class='ocrx_word' id='word_1_87' title='bbox 900 915 1125 956; x_wconf 83' lang='lat' dir='ltr'><strong>differentia</strong></span> <span class='ocrx_word' id='word_1_88' title='bbox 1154 926 1254 954; x_wconf 89' lang='lat' dir='ltr'><strong>usus</strong></span> <span class='ocrx_word' id='word_1_89' title='bbox 1287 918 1326 954; x_wconf 88' lang='lat' dir='ltr'><strong>et</strong></span> <span class='ocrx_word' id='word_1_90' title='bbox 1356 914 1506 965; x_wconf 82' lang='lat' dir='ltr'><strong>figurae</strong></span> <span class='ocrx_word' id='word_1_91' title='bbox 1531 911 1605 953; x_wconf 90' lang='lat' dir='ltr'><strong>sed</strong></span> 
     </span>
     <span class='ocr_line' id='line_1_13' title="bbox 129 976 1605 1034; baseline -0.006 -7"><span class='ocrx_word' id='word_1_92' title='bbox 129 986 178 1027; x_wconf 81' lang='lat' dir='ltr'><strong>ab</strong></span> <span class='ocrx_word' id='word_1_93' title='bbox 208 996 288 1025; x_wconf 83' lang='lat' dir='ltr'><strong>uno</strong></span> <span class='ocrx_word' id='word_1_94' title='bbox 322 985 434 1024; x_wconf 84' lang='lat' dir='ltr'><strong>fonte</strong></span> <span class='ocrx_word' id='word_1_95' title='bbox 457 983 571 1023; x_wconf 78' lang='lat' dir='ltr'><strong>verbi</strong></span> <span class='ocrx_word' id='word_1_96' title='bbox 592 979 828 1034; x_wconf 76' lang='grc' dir='ltr'><em>πετάννυμι,</em></span> <span class='ocrx_word' id='word_1_97' title='bbox 853 981 959 1021; x_wconf 88' lang='lat' dir='ltr'><strong>unde</strong></span> <span class='ocrx_word' id='word_1_98' title='bbox 988 977 1162 1032; x_wconf 79' lang='grc' dir='ltr'><em>πατάνη,</em></span> <span class='ocrx_word' id='word_1_99' title='bbox 1182 976 1392 1032; x_wconf 73' lang='grc' dir='ltr'><em>βατάνιον,</em></span> <span class='ocrx_word' id='word_1_100' title='bbox 1413 976 1605 1019; x_wconf 83' lang='grc' dir='ltr'><em>πετάνιον</em></span> 
     </span>
     <span class='ocr_line' id='line_1_14' title="bbox 130 1044 1607 1101; baseline -0.006 -9"><span class='ocrx_word' id='word_1_101' title='bbox 130 1057 170 1092; x_wconf 80' lang='lat' dir='ltr'><strong>et</strong></span> <span class='ocrx_word' id='word_1_102' title='bbox 204 1047 411 1101; x_wconf 83' lang='grc' dir='ltr'><em>Πένταχος</em></span> <span class='ocrx_word' id='word_1_103' title='bbox 449 1044 523 1088; x_wconf 81' lang='grc' dir='ltr'><strong>τὸν</strong></span> <span class='ocrx_word' id='word_1_104' title='bbox 560 1046 739 1101; x_wconf 76' lang='grc' dir='ltr'><em>τάλαρον</em></span> <span class='ocrx_word' id='word_1_105' title='bbox 770 1047 957 1087; x_wconf 81' lang='grc' dir='ltr'><em>Βοιωτοί.</em></span> <span class='ocrx_word' id='word_1_106' title='bbox 1016 1046 1060 1086; x_wconf 86' lang='lat' dir='ltr'><strong>In</strong></span> <span class='ocrx_word' id='word_1_107' title='bbox 1098 1046 1247 1085; x_wconf 82' lang='lat' dir='ltr'><strong>vicinia</strong></span> <span class='ocrx_word' id='word_1_108' title='bbox 1285 1046 1405 1096; x_wconf 85' lang='lat' dir='ltr'><strong>hujus</strong></span> <span class='ocrx_word' id='word_1_109' title='bbox 1443 1044 1607 1096; x_wconf 81' lang='lat' dir='ltr'><strong>generis</strong></span> 
     </span>
     <span class='ocr_line' id='line_1_15' title="bbox 129 1111 1608 1169; baseline -0.004 -13"><span class='ocrx_word' id='word_1_110' title='bbox 129 1121 329 1169; x_wconf 83' lang='lat' dir='ltr'><strong>vagantur</strong></span> <span class='ocrx_word' id='word_1_111' title='bbox 360 1126 464 1166; x_wconf 88' lang='lat' dir='ltr'><strong>quae</strong></span> <span class='ocrx_word' id='word_1_112' title='bbox 497 1114 755 1155; x_wconf 80' lang='lat' dir='ltr'><strong>Grammatioi</strong></span> <span class='ocrx_word' id='word_1_113' title='bbox 786 1114 918 1153; x_wconf 85' lang='lat' dir='ltr'><strong>nostri</strong></span> <span class='ocrx_word' id='word_1_114' title='bbox 959 1112 1298 1153; x_wconf 89' lang='lat' dir='ltr'><strong>deminutivorum</strong></span> <span class='ocrx_word' id='word_1_115' title='bbox 1328 1111 1369 1150; x_wconf 92' lang='lat' dir='ltr'><strong>in</strong></span> <span class='ocrx_word' id='word_1_116' title='bbox 1398 1120 1608 1150; x_wconf 89' lang='lat' dir='ltr'><strong>numerum</strong></span> 
     </span>
     <span class='ocr_line' id='line_1_16' title="bbox 132 1171 1610 1234; baseline -0.005 -11"><span class='ocrx_word' id='word_1_117' title='bbox 132 1186 354 1234; x_wconf 75' lang='lat' dir='ltr'><strong>aggregant</strong></span> <span class='ocrx_word' id='word_1_118' title='bbox 383 1185 552 1220; x_wconf 87' lang='lat' dir='ltr'><strong>auctore</strong></span> <span class='ocrx_word' id='word_1_119' title='bbox 584 1180 720 1220; x_wconf 80' lang='lat' dir='ltr'><strong>Sehol.</strong></span> <span class='ocrx_word' id='word_1_120' title='bbox 751 1180 875 1220; x_wconf 80' lang='lat' dir='ltr'><strong>Arist.</strong></span> <span class='ocrx_word' id='word_1_121' title='bbox 904 1179 1007 1219; x_wconf 89' lang='lat' dir='ltr'><strong>Plut.</strong></span> <span class='ocrx_word' id='word_1_122' title='bbox 1039 1176 1131 1218; x_wconf 76' lang='lat'>546.</span> <span class='ocrx_word' id='word_1_123' title='bbox 1162 1181 1201 1217; x_wconf 88' lang='lat' dir='ltr'><strong>et</strong></span> <span class='ocrx_word' id='word_1_124' title='bbox 1231 1177 1332 1228; x_wconf 86' lang='lat' dir='ltr'><strong>qu.</strong></span> <span class='ocrx_word' id='word_1_125' title='bbox 1375 1175 1466 1218; x_wconf 73' lang='lat'><strong>789.</strong></span> <span class='ocrx_word' id='word_1_126' title='bbox 1496 1171 1610 1216; x_wconf 85' lang='grc' dir='ltr'><em>ὑπο-</em></span> 
     </span>
     <span class='ocr_line' id='line_1_17' title="bbox 131 1239 1608 1301; baseline -0.005 -13"><span class='ocrx_word' id='word_1_127' title='bbox 131 1248 373 1301; x_wconf 70' lang='grc' dir='ltr'><em>κοριστικῶς</em></span> <span class='ocrx_word' id='word_1_128' title='bbox 403 1242 556 1298; x_wconf 77' lang='grc' dir='ltr'><em>λέγεται</em></span> <span class='ocrx_word' id='word_1_129' title='bbox 586 1241 609 1298; x_wconf 81' lang='grc' dir='ltr'>ἡ</span> <span class='ocrx_word' id='word_1_130' title='bbox 639 1243 825 1297; x_wconf 79' lang='grc' dir='ltr'><em>πιθάκνη</em></span> <span class='ocrx_word' id='word_1_131' title='bbox 855 1240 960 1285; x_wconf 78' lang='grc' dir='ltr'><em>κατὰ</em></span> <span class='ocrx_word' id='word_1_132' title='bbox 989 1239 1036 1282; x_wconf 83' lang='grc' dir='ltr'><strong>τὸ</strong></span> <span class='ocrx_word' id='word_1_133' title='bbox 1061 1243 1244 1295; x_wconf 80' lang='grc' dir='ltr'><em>πολίχνη,</em></span> <span class='ocrx_word' id='word_1_134' title='bbox 1267 1241 1376 1294; x_wconf 87' lang='lat' dir='ltr'><strong>quod</strong></span> <span class='ocrx_word' id='word_1_135' title='bbox 1398 1253 1486 1282; x_wconf 84' lang='lat' dir='ltr'><strong>cum</strong></span> <span class='ocrx_word' id='word_1_136' title='bbox 1506 1252 1608 1292; x_wconf 90' lang='lat' dir='ltr'><strong>pro-</strong></span> 
     </span>
     <span class='ocr_line' id='line_1_18' title="bbox 133 1303 1612 1367; baseline -0.005 -14"><span class='ocrx_word' id='word_1_137' title='bbox 133 1316 223 1367; x_wconf 88' lang='lat' dir='ltr'><strong>prio</strong></span> <span class='ocrx_word' id='word_1_138' title='bbox 260 1310 434 1365; x_wconf 84' lang='grc' dir='ltr'><em>Πόλιχος</em></span> <span class='ocrx_word' id='word_1_139' title='bbox 465 1323 538 1351; x_wconf 90' lang='lat' dir='ltr'><strong>seu</strong></span> <span class='ocrx_word' id='word_1_140' title='bbox 572 1308 770 1363; x_wconf 84' lang='grc' dir='ltr'><em>Πτόλιχος</em></span> <span class='ocrx_word' id='word_1_141' title='bbox 801 1310 977 1351; x_wconf 79' lang='lat' dir='ltr'><strong>conferri</strong></span> <span class='ocrx_word' id='word_1_142' title='bbox 1013 1313 1153 1361; x_wconf 86' lang='lat' dir='ltr'><strong>potest</strong></span> <span class='ocrx_word' id='word_1_143' title='bbox 1189 1309 1224 1348; x_wconf 91' lang='lat' dir='ltr'><strong>si</strong></span> <span class='ocrx_word' id='word_1_144' title='bbox 1266 1305 1414 1356; x_wconf 89' lang='grc' dir='ltr'><em>Πόλις,</em></span> <span class='ocrx_word' id='word_1_145' title='bbox 1461 1303 1612 1353; x_wconf 78' lang='grc' dir='ltr'><em>Πόλλις</em></span> 
     </span>
     <span class='ocr_line' id='line_1_19' title="bbox 135 1373 1614 1426; baseline -0.006 -5"><span class='ocrx_word' id='word_1_146' title='bbox 135 1385 175 1421; x_wconf 92' lang='lat' dir='ltr'><strong>et</strong></span> <span class='ocrx_word' id='word_1_147' title='bbox 204 1377 319 1426; x_wconf 85' lang='grc' dir='ltr'><em>πόλις</em></span> <span class='ocrx_word' id='word_1_148' title='bbox 349 1388 586 1418; x_wconf 88' lang='lat' dir='ltr'><strong>communes</strong></span> <span class='ocrx_word' id='word_1_149' title='bbox 617 1377 777 1417; x_wconf 77' lang='lat' dir='ltr'><strong>radices</strong></span> <span class='ocrx_word' id='word_1_150' title='bbox 809 1376 969 1417; x_wconf 81' lang='lat' dir='ltr'><strong>habent.</strong></span> <span class='ocrx_word' id='word_1_151' title='bbox 1031 1374 1177 1414; x_wconf 91' lang='lat' dir='ltr'><strong>Verum</strong></span> <span class='ocrx_word' id='word_1_152' title='bbox 1219 1374 1536 1426; x_wconf 82' lang='lat' dir='ltr'><strong>hypocorismus</strong></span> <span class='ocrx_word' id='word_1_153' title='bbox 1572 1373 1614 1412; x_wconf 91' lang='lat' dir='ltr'><strong>in</strong></span> 
     </span>
     <span class='ocr_line' id='line_1_20' title="bbox 136 1438 1612 1495; baseline -0.005 -9"><span class='ocrx_word' id='word_1_154' title='bbox 136 1450 283 1486; x_wconf 86' lang='lat' dir='ltr'><strong>neutro</strong></span> <span class='ocrx_word' id='word_1_155' title='bbox 315 1442 606 1495; x_wconf 81' lang='lat' dir='ltr'><strong>Aristophanis</strong></span> <span class='ocrx_word' id='word_1_156' title='bbox 638 1442 731 1481; x_wconf 89' lang='lat' dir='ltr'><strong>loco</strong></span> <span class='ocrx_word' id='word_1_157' title='bbox 763 1443 941 1493; x_wconf 86' lang='lat' dir='ltr'><strong>patescit</strong></span> <span class='ocrx_word' id='word_1_158' title='bbox 972 1441 1045 1482; x_wconf 84' lang='lat' dir='ltr'><strong>sed</strong></span> <span class='ocrx_word' id='word_1_159' title='bbox 1075 1440 1205 1491; x_wconf 81' lang='lat' dir='ltr'><strong>magis</strong></span> <span class='ocrx_word' id='word_1_160' title='bbox 1236 1451 1286 1480; x_wconf 83' lang='lat' dir='ltr'><strong>ex</strong></span> <span class='ocrx_word' id='word_1_161' title='bbox 1317 1438 1454 1479; x_wconf 87' lang='lat' dir='ltr'><strong>Galen.</strong></span> <span class='ocrx_word' id='word_1_162' title='bbox 1478 1438 1612 1479; x_wconf 86' lang='lat' dir='ltr'><strong>Gloss.</strong></span> 
     </span>
     <span class='ocr_line' id='line_1_21' title="bbox 137 1504 1617 1561; baseline -0.005 -8"><span class='ocrx_word' id='word_1_163' title='bbox 137 1512 229 1553; x_wconf 84' lang='lat'>510.</span> <span class='ocrx_word' id='word_1_164' title='bbox 258 1510 438 1561; x_wconf 77' lang='grc' dir='ltr'><em>κυλιχνίς</em></span> <span class='ocrx_word' id='word_1_165' title='bbox 466 1504 491 1561; x_wconf 76' lang='grc' dir='ltr'>ἡ</span> <span class='ocrx_word' id='word_1_166' title='bbox 521 1504 679 1560; x_wconf 75' lang='grc' dir='ltr'><em>ἰατρικὴ</em></span> <span class='ocrx_word' id='word_1_167' title='bbox 709 1504 905 1561; x_wconf 40' lang='grc' dir='ltr'><em>πινθάκνη.</em></span> <span class='ocrx_word' id='word_1_168' title='bbox 964 1508 1093 1558; x_wconf 86' lang='lat' dir='ltr'><strong>Hujus</strong></span> <span class='ocrx_word' id='word_1_169' title='bbox 1125 1506 1328 1556; x_wconf 76' lang='lat' dir='ltr'><strong>scriptura</strong></span> <span class='ocrx_word' id='word_1_170' title='bbox 1360 1504 1520 1545; x_wconf 80' lang='lat' dir='ltr'><strong>stabilis</strong></span> <span class='ocrx_word' id='word_1_171' title='bbox 1552 1508 1617 1545; x_wconf 79' lang='lat' dir='ltr'><strong>est</strong></span> 
     </span>
     <span class='ocr_line' id='line_1_22' title="bbox 139 1568 1614 1628; baseline -0.003 -11"><span class='ocrx_word' id='word_1_172' title='bbox 139 1576 212 1618; x_wconf 89' lang='lat' dir='ltr'><strong>Sed</strong></span> <span class='ocrx_word' id='word_1_173' title='bbox 241 1577 408 1628; x_wconf 85' lang='grc' dir='ltr'><em>κυλίχνη</em></span> <span class='ocrx_word' id='word_1_174' title='bbox 447 1572 600 1626; x_wconf 81' lang='grc' dir='ltr'><em>λέγεται</em></span> <span class='ocrx_word' id='word_1_175' title='bbox 639 1572 708 1614; x_wconf 85' lang='grc' dir='ltr'><strong>καὶ</strong></span> <span class='ocrx_word' id='word_1_176' title='bbox 744 1573 915 1626; x_wconf 80' lang='grc' dir='ltr'><em>κυλίκνη</em></span> <span class='ocrx_word' id='word_1_177' title='bbox 952 1569 1056 1613; x_wconf 81' lang='grc' dir='ltr'><em>κατὰ</em></span> <span class='ocrx_word' id='word_1_178' title='bbox 1091 1568 1250 1623; x_wconf 78' lang='grc' dir='ltr'><em>τροπήν</em></span> <span class='ocrx_word' id='word_1_179' title='bbox 1286 1570 1373 1610; x_wconf 87' lang='grc' dir='ltr'><strong>ΕΜ.</strong></span> <span class='ocrx_word' id='word_1_180' title='bbox 1404 1570 1506 1622; x_wconf 83' lang='grc'><em>544,</em></span> <span class='ocrx_word' id='word_1_181' title='bbox 1550 1569 1614 1612; x_wconf 84' lang='grc'><strong>38.</strong></span> 
     </span>
     <span class='ocr_line' id='line_1_23' title="bbox 138 1632 1616 1691; baseline -0.005 -8"><span class='ocrx_word' id='word_1_182' title='bbox 138 1643 262 1683; x_wconf 86' lang='lat' dir='ltr'><strong>latine</strong></span> <span class='ocrx_word' id='word_1_183' title='bbox 294 1643 474 1691; x_wconf 58' lang='lat' dir='ltr'><strong>cellmua.</strong></span> <span class='ocrx_word' id='word_1_184' title='bbox 534 1640 607 1680; x_wconf 91' lang='lat' dir='ltr'><strong>His</strong></span> <span class='ocrx_word' id='word_1_185' title='bbox 639 1638 838 1679; x_wconf 83' lang='lat' dir='ltr'><strong>accedunt</strong></span> <span class='ocrx_word' id='word_1_186' title='bbox 860 1638 1100 1690; x_wconf 81' lang='grc' dir='ltr'><em>σπυρίχνιον</em></span> <span class='ocrx_word' id='word_1_187' title='bbox 1122 1640 1161 1676; x_wconf 90' lang='lat' dir='ltr'><strong>et</strong></span> <span class='ocrx_word' id='word_1_188' title='bbox 1182 1632 1426 1688; x_wconf 85' lang='grc' dir='ltr'><em>κολλύχνιον</em></span> <span class='ocrx_word' id='word_1_189' title='bbox 1453 1633 1616 1688; x_wconf 81' lang='grc' dir='ltr'><em>καρύου</em></span> 
     </span>
     <span class='ocr_line' id='line_1_24' title="bbox 138 1702 1617 1758; baseline -0.003 -11"><span class='ocrx_word' id='word_1_190' title='bbox 138 1704 309 1758; x_wconf 79' lang='grc' dir='ltr'><em>λέπισμα</em></span> <span class='ocrx_word' id='word_1_191' title='bbox 338 1707 433 1747; x_wconf 85' lang='lat' dir='ltr'><strong>Hes.</strong></span> <span class='ocrx_word' id='word_1_192' title='bbox 473 1706 536 1746; x_wconf 87' lang='lat' dir='ltr'><strong>cui</strong></span> <span class='ocrx_word' id='word_1_193' title='bbox 576 1709 794 1756; x_wconf 79' lang='lat' dir='ltr'><strong>cognatum</strong></span> <span class='ocrx_word' id='word_1_194' title='bbox 826 1704 983 1744; x_wconf 72' lang='lat' dir='ltr'><strong>cultola</strong></span> <span class='ocrx_word' id='word_1_195' title='bbox 1023 1703 1202 1743; x_wconf 72' lang='lat' dir='ltr'><strong>cortices</strong></span> <span class='ocrx_word' id='word_1_196' title='bbox 1241 1712 1394 1741; x_wconf 75' lang='lat' dir='ltr'><strong>nucum</strong></span> <span class='ocrx_word' id='word_1_197' title='bbox 1436 1702 1550 1742; x_wconf 71' lang='lat' dir='ltr'><strong>dicta</strong></span> <span class='ocrx_word' id='word_1_198' title='bbox 1589 1714 1617 1743; x_wconf 80' lang='lat' dir='ltr'><strong>a</strong></span> 
     </span>
     <span class='ocr_line' id='line_1_25' title="bbox 140 1764 1616 1820; baseline -0.004 -7"><span class='ocrx_word' id='word_1_199' title='bbox 140 1773 417 1813; x_wconf 72' lang='lat' dir='ltr'><strong>similitudine</strong></span> <span class='ocrx_word' id='word_1_200' title='bbox 451 1772 668 1812; x_wconf 69' lang='lat' dir='ltr'><strong>calcorum</strong></span> <span class='ocrx_word' id='word_1_201' title='bbox 697 1771 801 1811; x_wconf 84' lang='lat' dir='ltr'><strong>Fest.</strong></span> <span class='ocrx_word' id='word_1_202' title='bbox 833 1769 912 1810; x_wconf 90' lang='lat' dir='ltr'><strong>hoc</strong></span> <span class='ocrx_word' id='word_1_203' title='bbox 943 1773 1008 1810; x_wconf 91' lang='lat' dir='ltr'><strong>est</strong></span> <span class='ocrx_word' id='word_1_204' title='bbox 1039 1780 1061 1808; x_wconf 88' lang='lat' dir='ltr'><strong>a</strong></span> <span class='ocrx_word' id='word_1_205' title='bbox 1091 1778 1241 1819; x_wconf 82' lang='lat' dir='ltr'><strong>graeco</strong></span> <span class='ocrx_word' id='word_1_206' title='bbox 1272 1764 1433 1818; x_wconf 82' lang='grc' dir='ltr'><em>κολεός,</em></span> <span class='ocrx_word' id='word_1_207' title='bbox 1464 1769 1505 1808; x_wconf 92' lang='lat' dir='ltr'><strong>in</strong></span> <span class='ocrx_word' id='word_1_208' title='bbox 1535 1779 1616 1820; x_wconf 91' lang='lat' dir='ltr'><strong>quo</strong></span> 
     </span>
     <span class='ocr_line' id='line_1_26' title="bbox 141 1833 1619 1889; baseline -0.002 -12"><span class='ocrx_word' id='word_1_209' title='bbox 141 1837 358 1889; x_wconf 79' lang='lat' dir='ltr'><strong>gutturalis</strong></span> <span class='ocrx_word' id='word_1_210' title='bbox 389 1838 605 1889; x_wconf 82' lang='lat' dir='ltr'><strong>vestigium</strong></span> <span class='ocrx_word' id='word_1_211' title='bbox 636 1837 800 1887; x_wconf 84' lang='lat' dir='ltr'><strong>nullum,</strong></span> <span class='ocrx_word' id='word_1_212' title='bbox 831 1845 964 1886; x_wconf 87' lang='lat' dir='ltr'><strong>neque</strong></span> <span class='ocrx_word' id='word_1_213' title='bbox 995 1845 1044 1875; x_wconf 92' lang='lat' dir='ltr'><strong>ea</strong></span> <span class='ocrx_word' id='word_1_214' title='bbox 1063 1845 1153 1874; x_wconf 84' lang='lat' dir='ltr'><strong>cum</strong></span> <span class='ocrx_word' id='word_1_215' title='bbox 1172 1833 1335 1874; x_wconf 92' lang='lat' dir='ltr'><strong>nomine</strong></span> <span class='ocrx_word' id='word_1_216' title='bbox 1355 1835 1479 1882; x_wconf 78' lang='grc' dir='ltr'><em>πίθος</em></span> <span class='ocrx_word' id='word_1_217' title='bbox 1497 1834 1619 1887; x_wconf 86' lang='lat' dir='ltr'><strong>quid-</strong></span> 
     </span>
     <span class='ocr_line' id='line_1_27' title="bbox 141 1899 1618 1955; baseline 0 -13"><span class='ocrx_word' id='word_1_218' title='bbox 141 1915 261 1955; x_wconf 85' lang='lat' dir='ltr'><strong>quam</strong></span> <span class='ocrx_word' id='word_1_219' title='bbox 290 1905 522 1943; x_wconf 87' lang='lat' dir='ltr'><strong>commercii</strong></span> <span class='ocrx_word' id='word_1_220' title='bbox 552 1904 702 1954; x_wconf 81' lang='lat' dir='ltr'><strong>habet3</strong></span> <span class='ocrx_word' id='word_1_221' title='bbox 732 1911 825 1941; x_wconf 91' lang='lat' dir='ltr'><strong>nam</strong></span> <span class='ocrx_word' id='word_1_222' title='bbox 855 1900 965 1952; x_wconf 88' lang='lat' dir='ltr'><strong>quod</strong></span> <span class='ocrx_word' id='word_1_223' title='bbox 1003 1901 1044 1940; x_wconf 92' lang='lat' dir='ltr'><strong>in</strong></span> <span class='ocrx_word' id='word_1_224' title='bbox 1074 1899 1176 1940; x_wconf 91' lang='lat' dir='ltr'><strong>Plut.</strong></span> <span class='ocrx_word' id='word_1_225' title='bbox 1209 1900 1252 1940; x_wconf 90' lang='lat' dir='ltr'><strong>V.</strong></span> <span class='ocrx_word' id='word_1_226' title='bbox 1284 1899 1439 1940; x_wconf 92' lang='lat' dir='ltr'><strong>Camill.</strong></span> <span class='ocrx_word' id='word_1_227' title='bbox 1472 1911 1505 1941; x_wconf 89' lang='lat' dir='ltr'><strong>c.</strong></span> <span class='ocrx_word' id='word_1_228' title='bbox 1535 1900 1618 1942; x_wconf 91' lang='lat' dir='ltr'><strong>XX.</strong></span> 
     </span>
     <span class='ocr_line' id='line_1_28' title="bbox 142 1962 1620 2021; baseline -0.003 -12"><span class='ocrx_word' id='word_1_229' title='bbox 142 1981 217 2021; x_wconf 91' lang='lat' dir='ltr'><strong>pro</strong></span> <span class='ocrx_word' id='word_1_230' title='bbox 250 1980 299 2009; x_wconf 93' lang='lat' dir='ltr'><strong>eo</strong></span> <span class='ocrx_word' id='word_1_231' title='bbox 330 1970 371 2009; x_wconf 93' lang='lat' dir='ltr'><strong>in</strong></span> <span class='ocrx_word' id='word_1_232' title='bbox 402 1968 490 2010; x_wconf 87' lang='lat' dir='ltr'><strong>cod.</strong></span> <span class='ocrx_word' id='word_1_233' title='bbox 524 1968 693 2009; x_wconf 89' lang='lat' dir='ltr'><strong>Vulcob.</strong></span> <span class='ocrx_word' id='word_1_234' title='bbox 727 1967 923 2018; x_wconf 86' lang='lat' dir='ltr'><strong>scriptum</strong></span> <span class='ocrx_word' id='word_1_235' title='bbox 956 1971 1019 2008; x_wconf 88' lang='lat' dir='ltr'><strong>est</strong></span> <span class='ocrx_word' id='word_1_236' title='bbox 1049 1962 1252 2019; x_wconf 79' lang='grc' dir='ltr'><em>πιθηκός,</em></span> <span class='ocrx_word' id='word_1_237' title='bbox 1278 1966 1345 2005; x_wconf 86' lang='lat' dir='ltr'><strong>vix</strong></span> <span class='ocrx_word' id='word_1_238' title='bbox 1376 1966 1416 2006; x_wconf 92' lang='lat' dir='ltr'><strong>in</strong></span> <span class='ocrx_word' id='word_1_239' title='bbox 1446 1976 1620 2017; x_wconf 90' lang='lat' dir='ltr'><strong>compu-</strong></span> 
     </span>
     <span class='ocr_line' id='line_1_29' title="bbox 142 2030 1620 2086; baseline -0.001 -12"><span class='ocrx_word' id='word_1_240' title='bbox 142 2035 339 2075; x_wconf 87' lang='lat' dir='ltr'><strong>tationem</strong></span> <span class='ocrx_word' id='word_1_241' title='bbox 369 2035 480 2074; x_wconf 84' lang='lat' dir='ltr'><strong>venit</strong></span> <span class='ocrx_word' id='word_1_242' title='bbox 510 2034 589 2074; x_wconf 86' lang='lat' dir='ltr'><strong>hoc</strong></span> <span class='ocrx_word' id='word_1_243' title='bbox 618 2034 861 2086; x_wconf 89' lang='lat' dir='ltr'><strong>praesertim</strong></span> <span class='ocrx_word' id='word_1_244' title='bbox 893 2036 1085 2084; x_wconf 80' lang='lat' dir='ltr'><strong>accentu3</strong></span> <span class='ocrx_word' id='word_1_245' title='bbox 1115 2042 1248 2082; x_wconf 90' lang='lat' dir='ltr'><strong>neque</strong></span> <span class='ocrx_word' id='word_1_246' title='bbox 1278 2030 1431 2071; x_wconf 90' lang='lat' dir='ltr'><strong>Plinius</strong></span> <span class='ocrx_word' id='word_1_247' title='bbox 1462 2042 1539 2071; x_wconf 90' lang='lat' dir='ltr'><strong>nos</strong></span> <span class='ocrx_word' id='word_1_248' title='bbox 1569 2030 1620 2072; x_wconf 89' lang='lat' dir='ltr'><strong>ad</strong></span> 
     </span>
     <span class='ocr_line' id='line_1_30' title="bbox 143 2095 1620 2140; baseline -0.002 0"><span class='ocrx_word' id='word_1_249' title='bbox 143 2099 388 2140; x_wconf 87' lang='lat' dir='ltr'><strong>credendum</strong></span> <span class='ocrx_word' id='word_1_250' title='bbox 427 2099 590 2140; x_wconf 85' lang='lat' dir='ltr'><strong>adducit</strong></span> <span class='ocrx_word' id='word_1_251' title='bbox 630 2099 873 2140; x_wconf 85' lang='lat' dir='ltr'><strong>Pithecusae</strong></span> <span class='ocrx_word' id='word_1_252' title='bbox 920 2110 1003 2138; x_wconf 90' lang='lat' dir='ltr'><strong>non</strong></span> <span class='ocrx_word' id='word_1_253' title='bbox 1045 2109 1069 2137; x_wconf 90' lang='lat' dir='ltr'><strong>a</strong></span> <span class='ocrx_word' id='word_1_254' title='bbox 1114 2098 1319 2137; x_wconf 89' lang='lat' dir='ltr'><strong>simiarum</strong></span> <span class='ocrx_word' id='word_1_255' title='bbox 1367 2095 1620 2137; x_wconf 83' lang='lat' dir='ltr'><strong>multitudine</strong></span> 
     </span>
     <span class='ocr_line' id='line_1_31' title="bbox 145 2161 1621 2216; baseline -0.003 -11"><span class='ocrx_word' id='word_1_256' title='bbox 145 2164 218 2206; x_wconf 92' lang='lat' dir='ltr'><strong>sed</strong></span> <span class='ocrx_word' id='word_1_257' title='bbox 249 2176 273 2204; x_wconf 89' lang='lat' dir='ltr'><strong>a</strong></span> <span class='ocrx_word' id='word_1_258' title='bbox 301 2166 447 2216; x_wconf 83' lang='lat' dir='ltr'><strong>figlinis</strong></span> <span class='ocrx_word' id='word_1_259' title='bbox 480 2165 744 2205; x_wconf 90' lang='lat' dir='ltr'><strong>doliariorum</strong></span> <span class='ocrx_word' id='word_1_260' title='bbox 774 2175 923 2204; x_wconf 90' lang='lat' dir='ltr'><strong>nomen</strong></span> <span class='ocrx_word' id='word_1_261' title='bbox 952 2163 1121 2203; x_wconf 88' lang='lat' dir='ltr'><strong>inditum</strong></span> <span class='ocrx_word' id='word_1_262' title='bbox 1152 2174 1258 2203; x_wconf 88' lang='lat' dir='ltr'><strong>esse.</strong></span> <span class='ocrx_word' id='word_1_263' title='bbox 1324 2161 1434 2201; x_wconf 90' lang='lat' dir='ltr'><strong>Inter</strong></span> <span class='ocrx_word' id='word_1_264' title='bbox 1464 2166 1621 2202; x_wconf 88' lang='lat' dir='ltr'><strong>utram-</strong></span> 
     </span>
     <span class='ocr_line' id='line_1_32' title="bbox 145 2225 1622 2282; baseline -0.003 -11"><span class='ocrx_word' id='word_1_265' title='bbox 145 2242 224 2282; x_wconf 89' lang='lat' dir='ltr'><strong>que</strong></span> <span class='ocrx_word' id='word_1_266' title='bbox 261 2231 507 2282; x_wconf 85' lang='lat' dir='ltr'><strong>gutturalem</strong></span> <span class='ocrx_word' id='word_1_267' title='bbox 555 2235 668 2269; x_wconf 87' lang='lat' dir='ltr'><strong>nutat</strong></span> <span class='ocrx_word' id='word_1_268' title='bbox 705 2241 787 2269; x_wconf 79' lang='lat' dir='ltr'><strong>vox</strong></span> <span class='ocrx_word' id='word_1_269' title='bbox 825 2230 991 2280; x_wconf 82' lang='lat' dir='ltr'><strong>ignotae</strong></span> <span class='ocrx_word' id='word_1_270' title='bbox 1039 2228 1260 2280; x_wconf 88' lang='lat' dir='ltr'><strong>prosapiae</strong></span> <span class='ocrx_word' id='word_1_271' title='bbox 1309 2225 1532 2278; x_wconf 76' lang='grc' dir='ltr'><em>δορύκνιον</em></span> <span class='ocrx_word' id='word_1_272' title='bbox 1569 2251 1622 2255; x_wconf 90' lang='lat'><strong>——</strong></span> 
     </span>
     <span class='ocr_line' id='line_1_33' title="bbox 144 2293 1623 2349; baseline -0.003 -12"><span class='ocrx_word' id='word_1_273' title='bbox 144 2293 345 2349; x_wconf 71' lang='grc' dir='ltr'><em>γράφεται</em></span> <span class='ocrx_word' id='word_1_274' title='bbox 375 2295 445 2336; x_wconf 84' lang='grc' dir='ltr'><strong>καὶ</strong></span> <span class='ocrx_word' id='word_1_275' title='bbox 475 2293 696 2348; x_wconf 81' lang='grc' dir='ltr'><em>δορύχνιον</em></span> <span class='ocrx_word' id='word_1_276' title='bbox 724 2295 810 2335; x_wconf 83' lang='grc' dir='ltr'><strong>ΕΜ.</strong></span> <span class='ocrx_word' id='word_1_277' title='bbox 859 2294 945 2334; x_wconf 88' lang='lat' dir='ltr'><strong>Jam</strong></span> <span class='ocrx_word' id='word_1_278' title='bbox 982 2294 1031 2334; x_wconf 88' lang='lat' dir='ltr'><strong>ad</strong></span> <span class='ocrx_word' id='word_1_279' title='bbox 1071 2294 1274 2346; x_wconf 82' lang='lat' dir='ltr'><strong>adjectiva</strong></span> <span class='ocrx_word' id='word_1_280' title='bbox 1304 2294 1516 2334; x_wconf 90' lang='lat' dir='ltr'><strong>decurram</strong></span> <span class='ocrx_word' id='word_1_281' title='bbox 1546 2293 1623 2332; x_wconf 93' lang='lat' dir='ltr'><strong>iis-</strong></span> 
     </span>
     <span class='ocr_line' id='line_1_34' title="bbox 147 2357 1623 2413; baseline -0.003 -11"><span class='ocrx_word' id='word_1_282' title='bbox 147 2362 236 2402; x_wconf 91' lang='lat' dir='ltr'><strong>dem</strong></span> <span class='ocrx_word' id='word_1_283' title='bbox 280 2362 411 2402; x_wconf 90' lang='lat' dir='ltr'><strong>literis</strong></span> <span class='ocrx_word' id='word_1_284' title='bbox 453 2362 582 2402; x_wconf 89' lang='lat' dir='ltr'><strong>finita:</strong></span> <span class='ocrx_word' id='word_1_285' title='bbox 631 2357 839 2413; x_wconf 77' lang='grc' dir='ltr'><em>μυσαχνός</em></span> <span class='ocrx_word' id='word_1_286' title='bbox 875 2357 1178 2412; x_wconf 75' lang='grc' dir='ltr'><em>μεμολυσμένος</em></span> <span class='ocrx_word' id='word_1_287' title='bbox 1221 2360 1318 2401; x_wconf 91' lang='lat' dir='ltr'><strong>Hes.</strong></span> <span class='ocrx_word' id='word_1_288' title='bbox 1357 2359 1467 2412; x_wconf 89' lang='lat' dir='ltr'><strong>quod</strong></span> <span class='ocrx_word' id='word_1_289' title='bbox 1516 2357 1623 2410; x_wconf 90' lang='lat' dir='ltr'><strong>apud</strong></span> 
     </span>
     <span class='ocr_line' id='line_1_35' title="bbox 148 2415 1625 2478; baseline -0.002 -10"><span class='ocrx_word' id='word_1_290' title='bbox 148 2427 258 2468; x_wconf 88' lang='lat' dir='ltr'><strong>Suid.</strong></span> <span class='ocrx_word' id='word_1_291' title='bbox 297 2427 530 2478; x_wconf 80' lang='lat' dir='ltr'><strong>barytonon</strong></span> <span class='ocrx_word' id='word_1_292' title='bbox 579 2431 643 2467; x_wconf 92' lang='lat' dir='ltr'><strong>est</strong></span> <span class='ocrx_word' id='word_1_293' title='bbox 684 2431 826 2466; x_wconf 82' lang='lat' dir='ltr'><strong>eontra</strong></span> <span class='ocrx_word' id='word_1_294' title='bbox 864 2424 1027 2465; x_wconf 88' lang='lat' dir='ltr'><strong>Arcadii</strong></span> <span class='ocrx_word' id='word_1_295' title='bbox 1069 2430 1333 2477; x_wconf 86' lang='lat' dir='ltr'><strong>praeceptum</strong></span> <span class='ocrx_word' id='word_1_296' title='bbox 1373 2422 1424 2465; x_wconf 80' lang='grc' dir='ltr'><strong>τὰ</strong></span> <span class='ocrx_word' id='word_1_297' title='bbox 1460 2425 1515 2474; x_wconf 80' lang='grc' dir='ltr'><strong>εἰς</strong></span> <span class='ocrx_word' id='word_1_298' title='bbox 1553 2415 1625 2475; x_wconf 51' lang='grc' dir='ltr'><strong>ἧς</strong></span> 
     </span>
     <span class='ocr_line' id='line_1_36' title="bbox 146 2485 1623 2546; baseline 0.001 -14"><span class='ocrx_word' id='word_1_299' title='bbox 146 2488 255 2532; x_wconf 82' lang='grc' dir='ltr'><em>ἁπλᾶ</em></span> <span class='ocrx_word' id='word_1_300' title='bbox 285 2490 428 2546; x_wconf 76' lang='grc' dir='ltr'><em>ἔχοντα</em></span> <span class='ocrx_word' id='word_1_301' title='bbox 456 2489 538 2545; x_wconf 75' lang='grc' dir='ltr'><strong>πρὸ</strong></span> <span class='ocrx_word' id='word_1_302' title='bbox 567 2492 642 2532; x_wconf 85' lang='grc' dir='ltr'><em>τοῦ</em></span> <span class='ocrx_word' id='word_1_303' title='bbox 671 2490 695 2532; x_wconf 72' lang='grc' dir='ltr'><strong>ἶ)</strong></span> <span class='ocrx_word' id='word_1_304' title='bbox 719 2491 766 2532; x_wconf 67' lang='grc' dir='ltr'><strong>ἓν</strong></span> <span class='ocrx_word' id='word_1_305' title='bbox 796 2491 878 2530; x_wconf 79' lang='grc' dir='ltr'><strong>τῶν</strong></span> <span class='ocrx_word' id='word_1_306' title='bbox 908 2485 1175 2543; x_wconf 78' lang='grc' dir='ltr'><em>ἀντιστοίχων</em></span> <span class='ocrx_word' id='word_1_307' title='bbox 1205 2487 1391 2540; x_wconf 80' lang='grc' dir='ltr'><em>ὀξύνεται</em></span> <span class='ocrx_word' id='word_1_308' title='bbox 1415 2489 1623 2533; x_wconf 57' lang='lat' dir='ltr'><strong>ganesun&amp;</strong></span> 
     </span>
     <span class='ocr_line' id='line_1_37' title="bbox 146 2553 1624 2610; baseline 0.001 -13"><span class='ocrx_word' id='word_1_309' title='bbox 146 2554 256 2598; x_wconf 81' lang='grc' dir='ltr'><em>ὅντα.</em></span> <span class='ocrx_word' id='word_1_310' title='bbox 317 2558 417 2598; x_wconf 85' lang='lat' dir='ltr'><strong>Illud</strong></span> <span class='ocrx_word' id='word_1_311' title='bbox 449 2558 695 2610; x_wconf 83' lang='lat' dir='ltr'><strong>gutturalem</strong></span> <span class='ocrx_word' id='word_1_312' title='bbox 727 2568 750 2597; x_wconf 91' lang='lat' dir='ltr'><strong>a</strong></span> <span class='ocrx_word' id='word_1_313' title='bbox 779 2556 905 2596; x_wconf 85' lang='lat' dir='ltr'><strong>verbo</strong></span> <span class='ocrx_word' id='word_1_314' title='bbox 932 2553 1165 2608; x_wconf 79' lang='grc' dir='ltr'><em>μνσάξομαι</em></span> <span class='ocrx_word' id='word_1_315' title='bbox 1196 2559 1377 2610; x_wconf 83' lang='lat' dir='ltr'><strong>accepit,</strong></span> <span class='ocrx_word' id='word_1_316' title='bbox 1417 2558 1491 2599; x_wconf 87' lang='lat' dir='ltr'><strong>sed</strong></span> <span class='ocrx_word' id='word_1_317' title='bbox 1531 2555 1624 2599; x_wconf 88' lang='grc' dir='ltr'><strong>Μό-</strong></span> 
     </span>
     <span class='ocr_line' id='line_1_38' title="bbox 145 2620 1623 2677; baseline 0.001 -15"><span class='ocrx_word' id='word_1_318' title='bbox 145 2624 297 2675; x_wconf 87' lang='grc' dir='ltr'><em>λυχνον</em></span> <span class='ocrx_word' id='word_1_319' title='bbox 327 2620 534 2664; x_wconf 78' lang='grc' dir='ltr'><em>δεισαλέον</em></span> <span class='ocrx_word' id='word_1_320' title='bbox 563 2624 662 2663; x_wconf 88' lang='lat' dir='ltr'><strong>nulli</strong></span> <span class='ocrx_word' id='word_1_321' title='bbox 692 2621 923 2674; x_wconf 87' lang='lat' dir='ltr'><strong>hujusmodi</strong></span> <span class='ocrx_word' id='word_1_322' title='bbox 963 2622 1166 2674; x_wconf 84' lang='lat' dir='ltr'><strong>primitivo</strong></span> <span class='ocrx_word' id='word_1_323' title='bbox 1207 2623 1410 2677; x_wconf 83' lang='lat' dir='ltr'><strong>innititur,</strong></span> <span class='ocrx_word' id='word_1_324' title='bbox 1450 2624 1530 2664; x_wconf 89' lang='lat' dir='ltr'><strong>nisi</strong></span> <span class='ocrx_word' id='word_1_325' title='bbox 1574 2636 1623 2664; x_wconf 82' lang='lat' dir='ltr'><strong>ex</strong></span> 
     </span>
     <span class='ocr_line' id='line_1_39' title="bbox 148 2686 1621 2742; baseline 0.002 -14"><span class='ocrx_word' id='word_1_326' title='bbox 148 2699 211 2740; x_wconf 88' lang='lat' dir='ltr'><strong>eo,</strong></span> <span class='ocrx_word' id='word_1_327' title='bbox 243 2689 350 2740; x_wconf 85' lang='lat' dir='ltr'><strong>quod</strong></span> <span class='ocrx_word' id='word_1_328' title='bbox 383 2693 479 2741; x_wconf 90' lang='lat' dir='ltr'><strong>post</strong></span> <span class='ocrx_word' id='word_1_329' title='bbox 507 2686 710 2742; x_wconf 83' lang='grc' dir='ltr'><em>μωλύεται</em></span> <span class='ocrx_word' id='word_1_330' title='bbox 739 2688 918 2741; x_wconf 88' lang='lat' dir='ltr'><strong>positum</strong></span> <span class='ocrx_word' id='word_1_331' title='bbox 950 2692 1026 2740; x_wconf 87' lang='lat' dir='ltr'><strong>est,</strong></span> <span class='ocrx_word' id='word_1_332' title='bbox 1058 2686 1289 2741; x_wconf 81' lang='grc' dir='ltr'><em>Μολύκρον</em></span> <span class='ocrx_word' id='word_1_333' title='bbox 1310 2689 1408 2739; x_wconf 84' lang='lat' dir='ltr'><strong>(hoc</strong></span> <span class='ocrx_word' id='word_1_334' title='bbox 1431 2690 1621 2741; x_wconf 87' lang='lat' dir='ltr'><strong>accentu)</strong></span> 
     </span>
    </p>
   </div>
  </div>
 </body>
</html>
