1699 3021
238 165 306 207 DE
338 163 629 208 NOMINIBUS
659 163 711 204 IN
740 162 766 203 ῦ
792 161 1135 204 EXEUNTIBUS.
1178 163 1219 202 C.
1241 163 1302 203 IV.
1331 168 1368 210 ς.
1388 163 1424 204 5.
1482 164 1566 206 213

92 276 232 326 κίρκος
267 271 435 327 πήδημα
473 268 679 325 λαιψηρὸν
715 268 842 312 δικῶν
878 270 1080 323 Lycopllr.
1119 270 1211 311 531.
1270 270 1347 310 Pro
1391 268 1565 323 κύμινος

95 341 287 381 usitatum
325 345 388 380 est
426 344 611 380 neutrum
642 337 863 389 penultIma
898 336 1021 387 longa
1056 339 1099 375 ut
1127 332 1321 386 ὕσγινον,
1363 336 1472 387 quod
1510 337 1560 377 ab

89 402 196 457 ὕσγη
227 404 450 445 derivatum
481 409 566 456 est,
595 400 868 455 κυκλάμινον,
907 397 1155 452 συκάμινον,
1194 395 1366 451 ὁρμῖνον
1395 406 1454 451 (ct
1484 399 1560 454 ὄρ-

89 470 225 523 μινος)
259 471 549 522 propriumque
579 466 787 520 Λόβρινον
818 464 914 518 ὅρος
941 465 1109 506 Nicand.
1138 465 1252 505 brevi
1289 476 1386 506 vero
1417 463 1559 506 κόσκι-

88 549 176 585 νον,
207 536 364 575 incerta
393 533 538 587 ἄρινον
566 531 612 575 τὸ
642 530 752 574 νάπυ
780 532 900 572 Psell.
932 531 1101 572 Gramm.
1130 542 1166 571 v,
1196 529 1288 570 366.
1320 531 1417 581 (nisi
1441 543 1558 572 com-

88 601 267 653 positum
299 602 396 652 est).
453 601 672 652 Apertiora
700 599 741 638 in
770 604 982 648 utramque
1013 600 1168 648 partem
1200 599 1294 635 sunt
1334 595 1455 636 haec:
1496 593 1557 636 ἕν-

88 666 183 707 δινα
210 662 322 716 παρὰ
349 661 396 705 τὸ
426 663 546 705 ἔνδον
574 660 630 712 ὦς
667 659 802 704 σέλινα
833 661 969 704 Schol.
998 662 1041 703 Il.
1070 661 1206 702 XXIV.
1235 660 1328 701 806.
1369 665 1410 701 et
1448 658 1556 702 σέλι-

86 746 163 772 νον
199 727 311 782 παρὰ
346 727 393 770 τὸ
431 728 520 777 ἕλος
560 730 698 771 Orion.
739 741 776 781 p.
813 727 910 780 141,
950 727 988 768 8.
1028 726 1091 767 cui
1130 725 1310 777 speciem
1360 726 1554 766 conciliat

86 798 290 848 scriptura
312 791 500 843 Ἑλινοῦς
527 796 567 835 in
599 794 715 835 codd.
750 794 872 833 Tliuc.
904 793 964 833 Vl.
994 792 1031 832 4.
1063 791 1130 831 alii
1160 790 1210 831 ab
1236 789 1363 841 εἴλλω,
1394 787 1551 846 ἑλίσσω,

83 861 193 915 quod
224 866 263 902 et
292 862 443 901 herbae
475 861 666 901 convenit
696 871 801 911 quae
831 858 952 909 vulgo
982 853 1084 909 οὔλη
1115 860 1154 896 et
1173 866 1197 896 a
1222 856 1377 897 Latinis
1410 858 1552 909 crispa

81 931 255 968 vocatur
292 938 328 966 v.
365 925 530 966 Jacobs.
570 925 620 965 ad
649 925 779 965 Anall.
821 925 862 964 T.
894 923 991 963 VIII.
1023 921 1114 962 220.
1147 925 1187 961 et
1226 921 1379 973 pariter
1419 922 1550 964 fluviis

81 993 193 1046 (nam
231 991 430 1037 Σελινοῦς
468 994 708 1030 consuetum
749 989 959 1029 fluviorum
997 986 1175 1037 nomen).
1232 983 1396 1034 Ἕλινος
1434 999 1548 1040 vero,

80 1061 197 1110 cujus
227 1055 357 1097 media
387 1056 536 1108 brevis,
568 1059 762 1095 accentus
792 1052 990 1093 interdum
1019 1052 1059 1091 in
1089 1052 1228 1091 ultima
1265 1053 1427 1102 positus
1472 1057 1549 1106 est,

78 1133 197 1164 nemo
242 1121 441 1161 dubitabit
480 1119 530 1161 ad
573 1119 676 1160 idem
712 1119 809 1159 illud
847 1119 1000 1158 referre
1039 1116 1228 1168 verbum,
1280 1117 1386 1157 unde
1425 1119 1546 1159 etiam

78 1183 291 1234 ἑλλεδανός
319 1181 342 1226 ὁ
371 1186 466 1236 [τῶν
502 1182 746 1237 δραγμάτων
781 1180 926 1235 δεσμός
956 1182 1042 1223 ΕΜ.
1081 1178 1211 1221 ὄλινοι
1239 1182 1387 1235 κρνθῆς
1406 1181 1547 1235 δεσμοί

76 1253 172 1294 Hes.
205 1257 245 1292 et
274 1243 409 1299 οὖλος,
440 1246 668 1302 οὐλοὸέτης,
700 1249 888 1301 pendent.

188 1321 227 1365 §.
257 1316 295 1358 5.
352 1315 550 1366 Adjiciam
580 1326 688 1355 nunc
717 1315 885 1355 alteram
925 1312 1208 1367 quaestionem
1250 1312 1298 1353 de
1337 1317 1548 1365 permuta-

76 1384 187 1424 ti0ne
225 1381 486 1434 positionum.
548 1381 683 1422 Schol.
712 1381 807 1432 Lyc.
837 1379 928 1421 912.
958 1375 1031 1419 τὸν
1065 1382 1276 1430 κεγχρῖνον
1305 1376 1545 1432 Λυκόφρων

73 1448 285 1501 κεγχρίνην
313 1441 415 1496 εἶπε,
456 1445 565 1498 quod
606 1446 738 1486 solum
772 1449 965 1486 testatum
996 1448 1071 1485 est.
1138 1445 1345 1497 Τυφλῖνος
1373 1445 1544 1486 Aristot.

74 1515 120 1554 H.
162 1514 238 1553 An.
274 1511 373 1552 VIII.
412 1511 475 1551 24.
513 1511 639 1551 multo
679 1511 811 1551 rarius
852 1510 1000 1561 legitur
1039 1520 1158 1561 quam
1197 1510 1419 1563 τυφλίνης,
1461 1521 1542 1562 quo

74 1579 179 1619 idem
207 1578 342 1617 utitur.
399 1577 547 1617 Verum
574 1572 596 1616 ὁ
628 1573 795 1628 δρύϊνος
827 1573 923 1628 ὄφις
951 1573 996 1615 ἐν
1023 1578 1112 1622 ταῖς
1139 1576 1222 1616 τῶν
1251 1575 1391 1627 δρυῶν
1416 1574 1543 1628 ῥίζαις

73 1640 149 1684 τὸν
177 1644 268 1695 βίον
295 1638 540 1693 ποιούμενος
566 1642 703 1683 Galen.
724 1642 839 1682 Ther.
871 1641 921 1681 ad
943 1641 1022 1682 Pis.
1052 1642 1151 1682 VIII.
1181 1641 1273 1681 234.
1303 1641 1414 1682 Paul.
1441 1642 1540 1692 Aeg.

75 1710 119 1748 V.
154 1709 217 1759 15,
250 1707 339 1748 155.
368 1705 473 1746 idem
504 1707 663 1758 quidem
693 1710 756 1746 est
788 1707 855 1757 qui
885 1706 1053 1758 δρυΐνης
1081 1707 1313 1746 nominatur
1353 1706 1426 1746 sed
1465 1705 1541 1746 ad-

72 1775 225 1826 jective
267 1772 412 1812 dicitur
450 1776 493 1812 ut
533 1769 669 1824 ὀξίνης
706 1766 818 1818 οἶνος
856 1771 1058 1822 Theophr.
1096 1771 1199 1811 Hist.
1242 1772 1307 1812 IX.
1344 1771 1404 1824 15,
1434 1771 1470 1812 3.
1501 1776 1541 1812 et

73 1839 263 1880 absolute
302 1833 438 1889 ὀξίνης
467 1849 499 1878 c.
532 1837 594 1889 11,
634 1837 667 1877 1.
707 1841 749 1876 ut
785 1836 981 1888 μυτρίνης
1020 1835 1156 1877 Galen.
1186 1836 1235 1877 de
1266 1837 1405 1888 Comp.
1434 1836 1535 1877 Med.

74 1915 158 1946 sec.
189 1904 309 1944 Locc.
344 1903 408 1943 111.
438 1903 529 1944 637.
561 1902 635 1942 sed
673 1899 807 1950 ὄξινος
835 1902 922 1942 sive
953 1899 1121 1951 ὄξυνος,
1154 1902 1309 1955 Gecpp.
1341 1903 1403 1943 VI.
1432 1902 1470 1955 4,
1500 1902 1537 1944 5.

71 1974 115 2010 ut
144 1964 257 2016 οἶνος
283 1965 490 2021 μύρτινος,
523 1965 736 2020 δάφνινος,
765 1964 968 2020 κέδρινος,
999 1965 1207 2018 πιτύϊνος,
1247 1969 1394 2020 quibus
1434 1968 1537 2008 sub-

71 2035 292 2076 stantivum
322 2033 443 2074 modo
476 2032 656 2087 additur,
695 2033 814 2073 modo
854 2033 982 2073 deest.
1041 2034 1192 2075 Eadem
1233 2035 1391 2074 ratione
1421 2045 1537 2073 ccm—

70 2104 215 2152 parata
253 2103 348 2139 sunt
388 2099 597 2150 κερατίνης
635 2103 675 2139 ct
711 2098 831 2151 λόγος
867 2096 1085 2149 κεράτινος.
1140 2096 1310 2151 Ἀγῶνες
1346 2096 1540 2152 qaenam

69 2165 170 2206 Poll.
203 2168 243 2204 et
272 2164 424 2205 Anecd.
454 2165 617 2205 Bachni.
648 2165 675 2205 Ι.
705 2165 795 2205 410.
819 2169 861 2205 ut
882 2161 1035 2217 ἀγῶνες
1054 2162 1234 2217 χύτρινοι
1255 2165 1391 2206 schol.
1413 2166 1536 2206 Arist.

69 2230 195 2271 Rann.
225 2229 316 2270 220.
347 2233 387 2270 et
416 2230 609 2282 φυλλίναι
640 2229 735 2270 Hes.
766 2230 874 2281 quod
905 2242 1118 2282 perperam
1140 2231 1408 2271 addubitatur.
1451 2231 1538 2271 Nc-

69 2306 147 2346 que
176 2295 339 2348 ταχίνης
369 2295 500 2336 differt
531 2306 554 2335 a
586 2291 768 2347 ταχινός,
808 2295 885 2335 uisi
926 2295 1035 2347 quod
1072 2296 1151 2336 boc
1181 2296 1388 2348 epitheton
1422 2308 1538 2337 coui-

67 2371 185 2400 mune
217 2365 300 2413 est,
341 2361 739 2413 illud'peculiariter
781 2361 968 2401 tribuitur
1007 2372 1128 2402 cervo
1170 2365 1208 2402 et
1240 2361 1370 2413 lepori
1399 2362 1537 2402 itidem

68 2430 112 2466 ut
141 2427 329 2478 φελλίνης
358 2427 422 2466 avi
452 2439 488 2467 v.
523 2426 756 2467 Schneider.
789 2426 838 2467 ad
869 2427 993 2467 Ixcut.
1025 2439 1057 2467 c.
1088 2427 1187 2467 XXI.
1218 2426 1309 2468 437.
1334 2428 1411 2467 etsi
1442 2427 1536 2479 plu-

69 2490 180 2531 ribus
212 2496 349 2544 aptum
382 2493 510 2533 fuisse
541 2492 778 2544 intelligitur
801 2504 850 2532 ex
872 2493 1063 2543 Ilesyclili
1094 2493 1186 2534 loco
1213 2493 1409 2541 Φελλίνας
1431 2494 1537 2534 κοῦ-

68 2570 149 2608 φος
180 2557 202 2596 i.
233 2568 269 2608 q.
300 2553 497 2609 φέλλινος.
554 2558 724 2598 Duobus
754 2558 858 2611 illis,
897 2570 1001 2611 quac
1040 2559 1079 2598 in
1110 2558 1277 2598 exordio
1309 2558 1428 2609 hujus
1459 2570 1537 2610 pa-

69 2621 259 2672 ragraphi
289 2622 412 2663 allata
441 2627 536 2664 sunt
566 2623 750 2664 addenda
780 2628 871 2665 sunt
905 2625 1069 2664 nomina
1099 2623 1308 2664 lluvIorum
1329 2623 1466 2664 IndIae
1497 2628 1538 2664 et

71 2686 235 2728 Siciliae
261 2682 463 2735 Ἀκεσῖνος
493 2688 554 2739 (ut
579 2683 809 2742 Ἐρασῖνος)
841 2693 881 2731 et
906 2685 1123 2743 Ἀκεσίνης,
1153 2690 1352 2738 Καικῖνος
1377 2693 1418 2732 et
1436 2691 1537 2731 Και-
