1731 3021
151 145 210 188 64
630 141 1064 187 DISSERTATIO
1108 144 1134 186 1.

151 270 175 299 a
203 257 384 310 propriis
414 266 578 309 quoque
608 260 651 296 ut
681 251 704 296 ὁ
741 252 889 308 Τάρας,
921 255 1031 308 quod
1050 254 1187 308 oppidi
1212 265 1360 296 nomen
1383 256 1418 297 si
1437 256 1626 298 feminine

151 323 310 376 dicitur,
340 322 390 363 ad
421 323 611 375 superius
639 333 769 374 genus
799 321 1055 362 referendum
1080 325 1156 362 est.
1217 321 1297 362 Sed
1328 321 1391 362 his
1420 323 1628 363 intercur-

150 393 244 431 runt
272 388 519 440 homonyma
549 392 630 428 tam
660 388 849 438 ambigua
886 387 1026 438 specie
1064 390 1107 426 ut
1137 386 1204 426 vix
1235 386 1422 438 dignosci
1452 389 1627 440 possint.

151 456 211 497 De
240 455 426 496 locorum
454 455 687 495 nominibus
717 454 913 494 habemus
946 452 1143 505 Stephani
1174 453 1450 494 testiinonium
1480 464 1513 495 s.
1543 456 1629 494 Συ-

151 524 225 563 κοεῖ
250 546 305 552 --
342 520 382 561 oi
413 517 533 560 τόποι
572 515 652 560 ἀπὸ
690 521 774 559 τῶν
801 516 846 559 ἐν
876 514 1017 565 αὐτοῖς
1046 514 1180 558 ὄντων
1209 514 1500 570 ὀνομάζονται,
1540 520 1628 559 Κυ-

151 586 362 642 πάρισσος,
388 583 539 637 Ἐλαία,
571 586 718 639 quibus
749 585 828 626 alia
859 584 992 625 addidi
1021 584 1062 624 in
1092 583 1346 625 Parall.3lss.
1403 585 1464 625 Ac
1493 585 1529 626 si
1551 595 1626 637 pro

152 667 250 696 vero
280 664 440 695 sumere
470 652 578 705 licet,
607 652 716 704 quod
746 652 830 691 veri
860 650 1104 691 simillimum
1135 654 1211 703 est,
1241 650 1445 690 hominum
1468 650 1629 702 quidem

151 721 318 762 uomina
348 719 426 760 etsi
456 730 539 759 non
569 729 751 770 semper,
782 717 1019 769 plerumque
1051 720 1198 768 tamen,
1229 717 1290 756 sic
1319 720 1362 756 ut
1391 716 1629 757 Priscianus

153 788 262 840 dicit,
290 784 539 838 impositicia
564 795 659 824 esse
691 786 931 834 statuemus,
962 781 1120 820 urbium
1145 792 1243 821 vero
1264 781 1466 822 naturalia
1486 782 1630 836 magis,

154 851 518 901 Grammaticisque
557 847 852 901 concedemus,
892 851 934 887 ut
973 846 1121 898 quibus
1161 846 1231 886 illa
1270 847 1440 888 sormam
1468 848 1631 889 similli—

152 929 258 961 mam
286 917 450 968 habent,
479 915 530 955 iis
563 918 713 965 agnata
742 912 890 966 dicant,
920 912 1016 953 licet
1044 912 1093 952 de
1114 913 1286 963 singulis
1307 914 1455 965 ambigi
1482 915 1630 966 possit.

155 986 224 1026 Sic
255 983 305 1024 de
334 982 404 1022 illo
443 981 536 1033 ipso
570 978 782 1032 Cyparissi
820 979 983 1018 nomine
1014 977 1239 1019 dubitatum
1271 990 1366 1019 esse
1398 980 1547 1031 colligo
1580 992 1631 1021 ex

155 1049 374 1092 Strabonis
403 1047 541 1088 verbis
571 1046 635 1087 IX.
654 1045 745 1086 423.
765 1040 813 1084 τὸ
836 1041 1104 1097 Κνπάρισσος
1134 1043 1194 1094 (Il.
1217 1045 1261 1085 ΙΙ.
1280 1044 1389 1098 519.)
1410 1045 1552 1094 διττῶς
1570 1043 1631 1087 δέ-

152 1129 307 1170 χονται,
338 1112 378 1154 οἱ
405 1109 479 1166 μὲν
508 1108 739 1164 ὁμωνύμως
767 1111 826 1165 τῷ
855 1111 987 1165 φυτῷ,
1019 1109 1059 1150 οἱ
1086 1107 1129 1150 δὲ
1152 1108 1425 1163 παρωνύμως,
1459 1123 1631 1164 quorum

152 1183 254 1236 illis,
285 1184 407 1233 puto,
446 1182 534 1219 tota
571 1178 674 1217 haec
712 1176 932 1217 similitudo
965 1177 1134 1216 fortuita
1161 1177 1252 1216 visa
1283 1181 1368 1231 est,
1407 1177 1446 1217 hi
1475 1179 1629 1234 urbem,

153 1253 198 1290 ut
214 1247 336 1298 vulgo
369 1245 577 1297 creditum,
607 1243 672 1284 vel
701 1243 751 1283 ab
782 1243 908 1283 heroe
937 1253 1086 1282 nomen
1117 1243 1296 1283 traxisse
1326 1243 1405 1283 rati
1434 1249 1529 1285 sunt
1554 1256 1632 1296 ge-

153 1325 251 1356 nere
281 1316 436 1353 mutato
468 1309 577 1363 quod
608 1309 771 1350 evenire
801 1308 909 1350 solet
939 1308 1190 1361 paronymis,
1220 1308 1285 1348 vel
1315 1319 1397 1349 non
1425 1315 1580 1352 mutato
1597 1312 1633 1338 1⁵

154 1381 204 1422 ab
237 1378 454 1420 arboribus
475 1373 542 1417 διὰ
561 1371 608 1415 τὸ
623 1372 775 1423 πολλὰς
794 1373 895 1428 ἔχειν
913 1375 1195 1427 κυπαρίσσους
1216 1374 1356 1426 Steph.
1384 1387 1416 1417 S.
1430 1372 1631 1418 Ἀπολλω-

153 1445 276 1488 νιί>ε.10
317 1444 500 1496 Denique
520 1443 604 1483 fieri
626 1445 766 1494 potest
786 1446 829 1482 ut
852 1442 976 1493 aliqui
998 1438 1248 1493 Κυπάρισσα
1268 1442 1394 1482 scribi
1414 1443 1630 1499 voluerint,

153 1511 263 1566 quod
294 1510 524 1562 significare
553 1508 741 1549 videntur
772 1507 1032 1548 Scholiastae
1062 1507 1188 1547 verba
1216 1503 1444 1561 ὁμωνύμως
1462 1512 1520 1566 τῷ
1545 1508 1632 1552 δέν-

153 1579 239 1634 δρῳ
269 1572 513 1629 ἀνεγνώσθη
544 1579 734 1626 tanquam
765 1574 953 1614 diversae
984 1574 1213 1625 scripturae
1233 1573 1436 1616 indicium.
1487 1576 1574 1618 Jam
1595 1577 1631 1618 si

154 1646 246 1699 quis
279 1643 330 1684 ob
360 1643 463 1682 haec
490 1641 600 1681 illam
631 1651 948 1691 paronymorum
979 1644 1018 1680 et
1038 1639 1376 1690 homonymorum
1395 1640 1633 1683 distinctio-

152 1722 246 1752 nem
284 1708 519 1749 Dialecticis
557 1705 864 1757 relinquendam
903 1708 1092 1758 censeat,
1131 1716 1214 1745 non
1251 1706 1411 1757 negabo
1444 1709 1631 1760 equidem

153 1778 224 1818 illa
252 1777 387 1816 mente
416 1773 546 1824 magis
577 1776 617 1811 et
647 1771 899 1821 cogitatione
929 1781 1048 1822 quam
1078 1781 1122 1810 re
1153 1772 1338 1822 separari
1368 1784 1518 1830 posse,
1557 1775 1631 1817 sed

153 1843 259 1884 idem
288 1850 436 1880 vereor
465 1849 516 1878 ne
545 1840 728 1877 veterum
758 1840 982 1888 praecepta
1012 1837 1150 1876 tonica
1180 1836 1393 1879 commode
1435 1840 1631 1892 explicari

154 1909 339 1963 possint,
371 1904 451 1945 nisi
480 1902 701 1955 vocabula,
741 1913 845 1954 quae
874 1903 916 1942 in
945 1901 1164 1943 discrimen
1193 1903 1380 1958 veniunt,
1409 1906 1632 1956 generibus

157 1974 380 2026 descripta,
410 1969 644 2010 nominibus
676 1967 890 2019 designata
919 1967 1129 2009 habemus.

265 2054 304 2098 ἓ.
334 2047 371 2089 4.
428 2046 579 2087 Notum
610 2048 674 2085 est
704 2043 753 2084 de
782 2044 1043 2096 propriorum
1074 2048 1113 2084 et
1139 2044 1478 2097 appellativorum
1496 2046 1537 2087 in
1557 2058 1633 2088 ac-

156 2119 277 2159 centu
314 2112 593 2164 discrepantia
631 2114 671 2151 et
710 2110 997 2151 convenientia
1034 2114 1290 2162 quantopere
1328 2116 1526 2153 certatum
1564 2115 1632 2168 sit,

155 2188 239 2224 tum
278 2190 419 2222 eorum
457 2187 562 2229 quae
603 2178 699 2217 sunt
727 2175 933 2217 hominum
963 2175 1143 2229 propria,
1174 2180 1256 2217 tum
1285 2176 1505 2231 localium,
1552 2191 1632 2232 qua

245 2356 302 2398 15)
334 2354 451 2388 Schol.
476 2354 542 2389 Od.
568 2354 606 2389 V.
634 2354 687 2390 64.
722 2351 867 2397 εὕρηται
902 2350 919 2386 ὁ
946 2353 1106 2396 αἴγειρος
1137 2352 1198 2384 καὶ
1224 2349 1241 2384 ὁ
1265 2354 1410 2396 πρῖνος,
1436 2350 1474 2385 τὸ
1506 2351 1545 2385 δὲ
1570 2363 1628 2385 κυ-

154 2410 329 2457 πάρισσος
351 2408 469 2454 μόνον
493 2409 677 2451 θηλυκῶς,
703 2409 793 2443 Sicut
818 2407 912 2442 urbs.

246 2475 304 2518 16)
337 2475 447 2509 Strab.
474 2475 565 2510 VIII.
591 2473 669 2511 349.
704 2472 721 2508 ὁ
756 2471 1022 2518 Κυπαρισσὴεις
1053 2472 1197 2516 (Elidis)
1238 2473 1302 2506 οὐκ
1335 2474 1500 2507 οἰκεῖται.
1527 2473 1629 2515 ’Ἁλλη

156 2530 189 2564 δ’
215 2530 313 2563 ἐστὶν
337 2528 354 2570 ἡ
382 2530 616 2572 Μεσσηνιακὴ
640 2531 881 2574 Κυπαρισσία,
910 2527 1114 2573 ὁμωνύμως
1135 2527 1205 2571 μὲν
1229 2523 1313 2567 οὖν,
1346 2527 1481 2573 ὁμοίως
1501 2527 1540 2562 δὲ
1566 2529 1631 2562 νῦν

156 2587 303 2626 κάκείνη
330 2585 471 2629 λέγεται
487 2588 715 2632 Κυπαρισσία
741 2585 867 2622 ἑνικῶς
894 2596 931 2617 τε
955 2584 1016 2617 καὶ
1044 2583 1227 2624 θηλυκῶς·
1265 2581 1282 2616 ὁ
1307 2583 1346 2617 δὲ
1373 2583 1537 2627 ποταμὸς
1560 2586 1629 2616 Κυ-

154 2640 384 2685 παρισσήεις,
420 2642 478 2675 ubi
508 2643 603 2677 varie
637 2641 785 2677 consulit
812 2640 932 2675 Corais
954 2650 988 2684 p.
1018 2639 1092 2675 141.
1119 2638 1347 2675 Scribendum
1371 2638 1509 2675 videtur
1532 2636 1627 2682 ὁμω.

155 2696 276 2740 νὺμως
302 2695 371 2739 μὲν
397 2695 436 2729 οὒ
461 2717 501 2722 --
