1699 3021
245 157 313 199 DE
345 157 634 200 NOMINIBUS
664 156 718 199 IN
746 155 775 198 ὗ
805 155 1149 199 EXEUNTIBUS.
1203 157 1385 207 C.1v.§.
1409 159 1446 202 6.
1503 159 1588 202 217

106 279 181 309 sex
210 267 477 319 sequentibus
506 267 619 308 nulla
647 271 711 309 est
740 266 953 308 dubitatio.
1002 266 1082 307 Pro
1110 265 1209 306 milii
1237 267 1401 308 nomine
1429 279 1581 320 graeco

107 334 161 386 (v.
193 333 306 373 Varr.
336 333 378 373 L.
401 333 444 373 L.
475 333 519 373 V.
552 332 637 386 31.)
668 332 897 385 producere
924 343 1095 385 possum
1126 335 1276 383 poetae
1307 333 1583 377 testimonium

105 398 257 439 nullum
297 403 582 451 praeterquam
614 398 833 450 Sophoclis
863 398 905 438 in
936 397 1104 449 Triptol.
1134 398 1215 438 VII.
1245 394 1379 452 κνήμη
1407 401 1581 454 μελίνης,

106 464 141 504 si
172 463 334 516 quidem
364 464 465 503 haec
495 464 633 516 verba,
662 467 704 503 ut
724 463 951 504 Ellendtius
983 464 1219 515 suspicatur
1248 463 1289 503 in
1320 464 1418 504 Lex.
1439 465 1582 520 Soph.,

104 529 146 569 in
176 529 377 581 principio
410 530 561 569 senarii
591 529 753 581 posuit3
793 540 1049 581 paronymon
1087 540 1182 569 esse
1222 529 1371 580 colligo
1403 540 1453 569 ex
1482 530 1582 574 Plin.

104 595 224 636 XXII.
260 595 323 636 (33.
351 597 552 646 panicum
582 594 750 635 Diocles
780 595 864 635 mel
888 595 1062 646 fruqum
1092 595 1334 647 appellavit,
1368 600 1408 636 et
1442 596 1579 640 Galen.

107 660 244 712 Temp.
290 660 468 712 Simplic.
498 661 561 700 VI.
593 659 686 701 875.
727 660 769 699 T.
801 660 866 700 XI.
915 658 1061 712 ἔλυμος
1102 661 1279 699 καλεῖται
1328 659 1396 702 καὶ
1440 664 1580 718 μελίνη

105 722 251 778 ὅμοιον
277 723 454 781 κέγχρῳ,
494 737 614 777 quam
645 725 954 777 Theophrastus
991 727 1124 766 minus
1163 725 1388 769 dulcedinis
1427 729 1580 772 habere

105 791 213 832 dicit.
249 792 285 832 A
304 787 393 844 μέλι
420 791 542 842 igitur
570 791 720 844 μελίνη.
764 791 866 831 Huic
896 790 1005 843 quod
1036 790 1196 842 adjacet
1224 792 1382 847 χοιρίνη
1407 797 1581 846 porcel-

105 857 257 898 lcma²⁰
288 868 338 897 ex
368 856 571 908 adjectivo
604 858 753 898 sactum
784 862 847 898 est
877 858 1176 898 substantivum
1205 861 1360 900 mutata
1380 863 1582 912 prosodia

105 926 149 962 ut
178 919 428 974 σταφύλινος
457 924 717 974 σταφυλῖνος.
763 924 926 976 Καρίνη
965 923 1063 964 urbs
1092 924 1250 974 Mysiae
1289 936 1384 966 esse
1420 927 1582 972 videtur

106 999 211 1039 quae
241 988 337 1028 alibi
367 983 543 1040 Καρήνη
574 989 767 1028 scribitur
797 1001 832 1029 v.
865 988 1108 1039 Wesseling.
1140 988 1190 1029 ad
1220 990 1336 1032 Diod.
1366 991 1449 1034 XX.
1480 1005 1514 1035 c.
1542 995 1580 1038 3.

107 1053 224 1102 Quod
254 1053 438 1105 sequitur
457 1049 668 1107 Εὐκολίνη
688 1055 868 1095 mulieris
894 1064 1043 1094 nomen
1069 1055 1278 1105 proprium
1304 1060 1368 1096 est
1386 1058 1428 1097 in
1451 1059 1578 1102 Inscr.

105 1120 242 1159 atticis
283 1124 322 1159 et
360 1118 677 1160 blandimentum
712 1119 893 1160 Hecatae
930 1118 1153 1159 secundum
1193 1119 1503 1165 Grammaticum
1539 1127 1582 1168 in

104 1184 313 1225 Ruhnken.
345 1184 475 1236 Epist.
505 1185 550 1225 II.
582 1185 671 1226 181.
714 1180 923 1237 Εὐκολίνη
956 1180 982 1237 ἡ
1004 1180 1153 1237 Εκάτη
1190 1182 1303 1239 παρὰ
1332 1187 1581 1247 Καλλιμάχῳ

105 1245 246 1302 Χαῖρ’
265 1245 552 1302 Εὐκολίνη,
576 1244 662 1290 κατ’
690 1244 939 1303 αντίφρασιν
963 1248 1088 1290 οἱοῑεὶ
1112 1246 1167 1303 μὴ
1194 1251 1301 1292 οὐσα
1326 1249 1492 1307 εὐχερης
1513 1253 1582 1298 διὰ

102 1316 178 1356 τοῦ
209 1316 229 1355 ῖ
249 1316 307 1371 τῷ
337 1312 445 1371 λόγῳ
473 1316 549 1355 τοῦ
579 1311 787 1368 Εὐηνίνη,
826 1316 906 1357 hoc
936 1320 999 1356 est
1029 1317 1114 1357 iota
1143 1316 1290 1369 long03
1330 1331 1457 1371 quare
1483 1322 1581 1366 illud

102 1381 144 1421 in
176 1381 375 1433 principio
406 1392 552 1421 versus
581 1381 744 1421 iambici
773 1382 952 1433 positum
982 1381 1110 1423 fuisse
1140 1383 1309 1426 videtur.
1350 1385 1453 1427 Nam
1472 1389 1583 1440 quod

101 1446 442 1497 wyttenbachius
481 1447 624 1487 statuit
670 1446 721 1486 ad
762 1447 863 1487 Plut.
913 1446 1079 1489 Conviv.
1120 1449 1233 1501 Sept.
1272 1462 1309 1502 p.
1342 1450 1433 1493 922.
1469 1453 1581 1497 illum

95 1507 246 1565 Ἑκάλη
280 1516 319 1552 et
342 1508 549 1587 Ἑκαλήνη
579 1512 825 1564 scripsisse,
858 1523 941 1552 non
971 1514 1209 1564 permittunt
1239 1516 1366 1557 verba
1394 1513 1481 1558 κατ’
1511 1515 1580 1561 ἀν-

101 1577 295 1630 τίφρασιν
323 1600 376 1607 -—-
405 1573 582 1629 εὐχερής,
612 1589 706 1629 nam
734 1578 886 1619 Hecale
918 1579 990 1620 fuit
1020 1579 1246 1622 vetularum
1273 1581 1579 1640 benignissima,

104 1643 305 1695 planeque
352 1646 461 1683 errat
502 1643 776 1683 Cleobulinae
807 1654 956 1684 nomen
990 1645 1032 1684 in
1072 1644 1364 1700 Κλεοβουλήνη
1404 1655 1579 1706 mutans,

102 1707 212 1759 quod
257 1718 346 1747 cum
386 1708 578 1758 oxytonis
616 1703 865 1760 Ἀρτακηνός
906 1712 945 1748 et
978 1703 1304 1763 Ἀδραμυττηνός
1351 1721 1576 1767 comparat

100 1773 356 1814 Postremum
376 1772 533 1825 Λογίνη
562 1773 738 1822 innotuit
766 1783 816 1813 ex
834 1773 1119 1825 Epicharmiae
1146 1775 1308 1817 fabulae
1340 1778 1474 1831 elogio
1496 1779 1579 1823 Λό-

99 1852 172 1890 γος
190 1835 259 1878 καὶ
278 1837 448 1889 Λογίνα,
476 1837 585 1889 quod
604 1838 830 1889 Bergkius
821 1850 862 1878 in
883 1838 1033 1881 Comm.
1055 1834 1103 1880 de
1120 1840 1276 1893 Reliqq.
1301 1842 1410 1885 Com.
1431 1857 1468 1897 p
1486 1846 1576 1891 149

102 1915 191 1944 curn
222 1904 515 1955 patronymicis
541 1904 606 1944 vel
631 1909 673 1944 ut
696 1904 858 1955 Tiypho
882 1905 1062 1956 appellat
1087 1906 1128 1945 in
1150 1907 1286 1948 Schol.
1310 1909 1460 1962 Theog
1480 1912 1574 1956 389

99 1969 336 2021 paronymis
369 1969 541 2021 confert,
573 1980 677 2020 quae
706 1981 825 2010 nemo
856 1970 1040 2022 ignorat3
1071 1982 1119 2011 ac
1147 1971 1295 2023 legitur
1323 1985 1472 2016 nomen
1500 1979 1576 2019 viri

98 2035 306 2086 proprium
334 2031 472 2086 Λόγος
501 2035 541 2074 in
571 2036 694 2075 luscr.
729 2036 853 2075 attica
882 2047 919 2075 n.
953 2035 1043 2077 284.
1075 2035 1148 2077 sed
1183 2037 1281 2078 illud
1319 2044 1576 2094 patronymi-

99 2111 189 2140 cum
210 2111 305 2140 esse
325 2111 457 2152 neque
480 2111 530 2140 ex
557 2104 794 2153 argumento
825 2102 1015 2143 carminis
1042 2103 1241 2154 cognosci
1261 2109 1414 2160 potest,
1442 2119 1575 2161 neque

100 2165 329 2206 terminatio
363 2166 484 2217 cogit.

185 2313 245 2355 29)
281 2313 360 2345 Τῶν
386 2311 580 2357 στρόμβων
605 2312 666 2345 καὶ
690 2314 865 2357 χοιρίνων
890 2313 950 2346 καὶ
985 2313 1056 2347 τῶν
1088 2314 1223 2347 λοιπῶν
1255 2317 1460 2360 κογχυλίων
1492 2319 1571 2355 Ath,

100 2368 163 2403 111.
195 2369 250 2404 93.
276 2368 314 2402 B.
343 2372 488 2404 accentu
515 2368 695 2404 mendoso.
744 2368 818 2403 Nec
842 2372 937 2404 recte
957 2372 1116 2413 χοιρίναι
1143 2372 1306 2414 scriptum
1324 2372 1407 2405 Poll.
1433 2374 1490 2409 Ill.
1519 2376 1571 2411 16.

102 2433 164 2466 pro
187 2427 351 2467 χοιρΐιιαι
377 2428 411 2459 et
434 2424 558 2459 Athen.
585 2424 672 2458 XIV.
700 2424 776 2459 647.
804 2424 842 2458 Β.
873 2425 931 2458 ubi
958 2425 1139 2467 placentae
1165 2426 1399 2468 significantur
1430 2439 1498 2464 non
1529 2440 1573 2467 ex

101 2479 222 2520 suilla,
258 2482 294 2511 ut
329 2479 490 2521 arbitror,
526 2479 589 2514 sed
623 2480 754 2514 similes
787 2480 1006 2514 concharum.
1065 2480 1135 2515 Sed
1170 2480 1236 2514 hoc
1268 2482 1346 2516 loco
1376 2483 1573 2522 Meinekius

98 2533 174 2567 Vol.
203 2533 263 2567 ΙΙΙ.
289 2534 365 2569 641.
391 2534 567 2569 substituit
591 2535 816 2569 masculinum
840 2538 1012 2579 χοιρίνης,
1040 2537 1138 2577 cujus
1165 2535 1280 2570 media
1300 2537 1426 2574 brevis.
1476 2540 1573 2575 Con-

100 2588 166 2622 cha
193 2589 252 2622 illa
276 2588 382 2624 hodie
405 2588 626 2634 γουρουνάκι
649 2594 794 2624 vocatur
819 2600 851 2626 v.
880 2590 1009 2626 Coraes
1035 2590 1077 2624 ad
1104 2590 1250 2625 Xenocr.
1278 2603 1310 2636 p.
1342 2595 1414 2631 129,
1443 2605 1462 2630 a
1488 2608 1571 2641 7⁰¹²-

99 2643 201 2687 ροῦινι
227 2644 262 2677 id
289 2647 344 2679 est
368 2649 506 2689 χοῖρος.
551 2645 697 2681 Veteres
721 2649 854 2689 partem
888 2647 1041 2689 corporis
1075 2645 1317 2691 praefandum,
1352 2651 1407 2683 cui
1438 2652 1571 2687 similes

99 2702 179 2734 sunt
203 2699 439 2744 porceIIanae,
463 2710 605 2744 porcum
630 2705 665 2737 et
692 2701 858 2736 concham
883 2703 1098 2736 nominarunt
1123 2701 1166 2736 cs.
1185 2702 1275 2737 Add.
1303 2703 1345 2738 ad
1370 2703 1425 2748 Aj.
1442 2714 1473 2740 v.
1491 2707 1569 2743 847.
