1699 3021
288 177 356 219 DE
386 174 567 218 NOMIN.
597 173 651 216 IN
679 162 727 213 ἰἶ
747 171 1093 214 EXEUNTIBUS.
1134 172 1175 213 C.
1197 173 1260 213 III.
1289 176 1327 220 δ.
1349 172 1385 214 2.
1495 174 1574 217 119

94 285 201 328 unde
231 296 328 338 pars
358 285 426 325 illa
456 281 643 336 δόριλλος
678 282 819 323 vocari
858 281 991 334 potuit
1030 285 1070 321 et
1109 293 1133 321 a
1171 285 1288 333 parte
1319 293 1392 333 per
1421 287 1572 323 contu-

93 351 255 393 meliam
285 350 406 390 homo
438 349 619 390 Dorillus
658 351 701 388 ut
730 346 898 388 Batalus
937 358 973 387 v.
1003 346 1175 387 Meinek.
1205 346 1308 386 Hist.
1338 346 1430 388 335.
1490 349 1572 389 Sed

94 416 190 456 licet
222 417 344 456 etiam
375 415 623 456 contrarium
662 411 932 464 contendere,
971 411 1049 451 hoc
1090 423 1237 452 nomen
1269 424 1292 451 a
1322 413 1479 465 Δοῦρις
1508 415 1572 454 vel

93 477 224 532 Δόρις
260 479 389 532 (quod
431 480 649 532 aliquoties
688 479 730 518 in
767 478 879 518 vasis
915 477 1036 529 pictis
1067 478 1214 529 legitur
1245 490 1280 518 v.
1310 478 1490 519 Mueller.
1522 479 1571 519 de

95 547 195 598 orig.
214 557 299 586 vas.
321 558 358 598 p.
376 546 458 599 41.)
489 545 713 586 derivatum
744 542 888 583 deinde
919 542 970 582 ad
1000 554 1173 583 cunnum
1205 544 1445 584 translatum
1476 557 1571 585 esse

93 612 201 652 sicut
225 607 503 663 Ἱπποκλείδης
532 608 579 650 τὸ
609 605 806 662 γυναι-κὸς
835 605 982 661 μόριον
1010 608 1126 648 Phot.
1159 608 1209 649 ad
1239 611 1443 660 posticum
1462 605 1572 661 Ἀρι-

92 673 297 730 στόδημος
328 681 367 717 et
400 676 491 717 alia.
557 673 902 724 Quemadmodum
933 685 1030 714 vero
1062 685 1136 725 pro
1166 674 1245 714 hoc
1276 677 1397 717 etiam
1427 676 1571 728 δορία-

92 743 164 789 λος
205 746 244 782 et
281 741 514 793 δοριάλλος,
561 742 621 781 sio
654 741 854 791 Περίαλος
890 740 1093 780 invenitur
1126 738 1268 781 Jambl.
1307 742 1349 783 V.
1379 742 1420 783 P.
1451 742 1569 783 XVII.

92 807 157 860 74,
187 806 275 848 156.
307 818 381 859 pro
412 804 607 858 Πέριλλος
635 805 700 846 vel
733 805 943 858 Περίλαος,
982 805 1088 846 sicut
1125 805 1235 856 regis
1267 807 1459 859 Spartani
1489 820 1570 849 no-

91 883 184 912 men
213 873 420 924 Χοερίλαος
450 874 538 913 sive
570 869 751 922 Χάριλας
785 883 912 923 saepe
941 867 1142 922 Χάριλλος
1169 871 1362 913 scribitur
1389 885 1424 913 v.
1447 873 1569 924 Wyt-

94 937 202 977 tenb.
231 937 282 977 ad
313 938 413 978 Plut.
447 940 488 978 T.
522 939 548 978 Ι.
578 937 670 978 454.
703 936 927 977 Tzschuck.
960 936 1010 977 ad
1041 936 1174 977 Strab.
1205 936 1250 977 X.
1281 937 1372 978 293.
1412 938 1569 979 Coraes

91 1002 142 1043 ad
171 1002 330 1042 Heracl.
362 1014 398 1054 p.
429 1003 522 1044 351.
562 1014 681 1053 quam
724 1003 893 1041 sormam
923 1003 1056 1052 rejicit
1083 1002 1358 1042 Blomfieldius
1390 1002 1440 1043 ad
1471 1003 1569 1043 Cal-

90 1067 170 1108 lim.
200 1067 336 1118 Epigr.
368 1068 466 1108 XIV.
498 1078 535 1119 p.
568 1068 656 1108 147.
697 1067 770 1107 sed
812 1071 973 1106 tuentur
1003 1071 1133 1106 metra
1163 1067 1300 1108 Tzetz.
1340 1068 1439 1108 Cln‘l.
1470 1068 1569 1109 VIII.

91 1132 184 1174 905.
224 1143 355 1183 neque
388 1132 589 1173 detrectat
620 1133 832 1184 analogia3
873 1142 965 1172 nam
996 1136 1039 1171 ut
1070 1143 1093 1171 a
1121 1128 1266 1184 κύριος
1294 1129 1513 1185 Κύριλλος,
1544 1145 1568 1174 a

91 1194 239 1249 Μέγας
262 1195 479 1250 Μέγιλλος,
497 1195 608 1251 ΓΉροε
627 1196 831 1249 ΓἨριλλος,
863 1198 986 1238 Clem.
1018 1197 1166 1238 Sti-om.
1198 1198 1242 1238 ll.
1272 1197 1336 1251 21,
1371 1197 1459 1239 179.
1491 1204 1567 1240 etc.

91 1265 152 1305 sic
183 1275 206 1303 a
234 1260 340 1315 χαρά
380 1264 443 1303 vel
474 1261 602 1316 Χάρις
632 1261 854 1317 Χάριλλος,
902 1262 1022 1314 idque
1056 1265 1141 1314 ,jam
1181 1263 1286 1315 apud
1316 1264 1568 1305 Herodotum

91 1329 259 1381 legitur,
297 1339 373 1368 nec
403 1330 545 1369 mirum
576 1331 741 1370 nomina
771 1329 935 1369 diversa
965 1328 1125 1380 quidem
1156 1329 1230 1369 sed
1261 1333 1393 1370 tamen
1420 1333 1569 1382 conju-

88 1398 186 1446 gata
214 1394 254 1433 iu
287 1393 456 1434 eundem
489 1395 640 1435 collata
671 1406 766 1436 esse
798 1395 1012 1435 hominem.
1081 1395 1223 1446 Neque
1263 1395 1500 1446 repugnabo
1533 1397 1569 1436 si

91 1460 182 1512 quis
223 1459 477 1510 trisyllabum
515 1472 564 1500 ex
604 1460 911 1512 quadrisyllabo
951 1461 1140 1500 licentius
1173 1463 1429 1501 contractum
1461 1460 1569 1500 dicat

91 1525 357 1577 similiterque
397 1538 447 1567 ex
490 1527 708 1580 Περίλαος,
758 1526 868 1578 quod
907 1525 1015 1577 apud
1053 1526 1368 1567 Demosthenem
1408 1527 1567 1579 legitur,

93 1589 309 1644 Πέριλλος,
352 1592 461 1644 quod
499 1592 697 1643 Harpocr.
736 1596 775 1632 et
815 1591 963 1632 Suidas
1004 1603 1054 1632 ex
1093 1592 1172 1632 hoc
1201 1593 1293 1643 ipso
1325 1592 1496 1632 afferunt
1527 1598 1567 1633 et

90 1659 254 1699 Reizius
286 1657 335 1697 ad
365 1658 529 1698 Lucian.
560 1658 671 1698 Plial.
700 1657 763 1697 Pr.
795 1662 834 1704 ς.
862 1658 922 1697 11.
954 1656 1111 1696 dubitat
1136 1669 1186 1697 an
1210 1658 1277 1697 illa
1297 1658 1350 1697 sit
1374 1668 1568 1708 germana

93 1724 318 1774 scriptura,
360 1721 557 1774 Πέριλλος
586 1734 683 1762 vero
719 1722 975 1773 posteriores
1007 1722 1193 1761 finxerint
1234 1722 1283 1762 ad
1322 1722 1472 1763 idioma
1503 1724 1567 1763 la-

92 1790 228 1829 tinum.
250 1788 283 1812 ¹2
327 1789 361 1827 Α
394 1787 703 1838 praepositione
729 1790 996 1837 propagatum
1029 1798 1124 1827 esse
1154 1792 1196 1827 ut
1226 1784 1426 1838 περισσός,
1456 1788 1566 1827 nullo

93 1853 254 1895 ostendi
287 1857 426 1905 potest
457 1852 666 1904 exemplo;
708 1863 799 1891 nam
830 1849 987 1898 ἔπιλλος
1018 1852 1270 1904 Tlteognosti
1301 1858 1368 1893 aut
1393 1865 1568 1906 compo-—

93 1922 214 1961 situm
247 1924 309 1959 est
339 1917 437 1958 illud
468 1917 577 1969 quod
604 1917 901 1968 Lexicograplli
933 1917 1103 1958 afferunt
1134 1923 1201 1958 aut
1223 1918 1486 1970 depravatum
1519 1932 1567 1960 ex

88 1981 327 2031 Ἐπόκιλλος
342 1982 385 2023 ¹3.
444 1984 663 2023 Praeterea
694 1982 772 2022 duo
798 1983 985 2022 novimus
1005 1981 1471 2037 appellativa‘Pdsstmog
1489 1986 1568 2037 βα-

91 2051 270 2097 σιλίσκος
306 2047 419 2100 ὅρνις
456 2049 550 2088 Hes.
591 2049 770 2088 sortasse
809 2060 831 2087 a
870 2048 1010 2088 colore
1050 2053 1092 2088 ut
1131 2049 1302 2090 rubellio
1340 2052 1488 2103 piscis,
1529 2056 1568 2091 et

91 2114 278 2162 ὅπτιλλος
312 2114 433 2166 idque
471 2115 512 2154 in
554 2114 730 2165 obliquis
771 2114 902 2153 solum
941 2114 1127 2166 casibus,
1167 2115 1230 2155 bis
1269 2120 1390 2156 acuta
1428 2117 1567 2157 ultima

92 2183 175 2222 τῶν
210 2177 388 2221 ὀπτιλών
426 2204 478 2208 -
517 2177 597 2227 τὼς
627 2176 799 2225 ὀπτιλώς
838 2179 966 2220 ΡΙιίιιί.
1001 2180 1115 2220 Stob.
1149 2181 1190 2220 T.
1221 2181 1285 2232 74,
1311 2181 1346 2221 G.
1379 2182 1440 2221 bis
1471 2183 1566 2221 item

91 2251 262 2299 gravata
296 2241 486 2292 ὀπτίλους
523 2245 625 2286 Plut.
666 2246 760 2297 Lyc.
801 2245 864 2285 XI.
902 2245 1107 2297 Apophtli.
1141 2246 1229 2285 Lac.
1262 2246 1352 2286 227.
1385 2247 1425 2287 B.
1466 2248 1567 2287 sim-

93 2313 187 2365 plici
225 2311 374 2363 ubique
413 2311 575 2351 lambda
613 2316 654 2351 ut
683 2312 723 2350 in
754 2310 937 2351 derivato
969 2306 1172 2360 ὀπτιλῑτις,
1212 2311 1321 2362 quod
1352 2324 1566 2364 perperam

93 2374 287 2424 ὀπτιλέτις
317 2377 521 2418 scribitur.
581 2376 662 2418 Sed
693 2388 740 2417 ex
772 2376 965 2427 Hesychii
988 2376 1132 2428 glossa
1149 2372 1383 2418 Ὀπτοιαλοί
1401 2373 1569 2430 ὀφθαλ-

185 2545 243 2587 12)
281 2543 485 2587 Significare
521 2543 658 2578 videtur
690 2543 828 2576 nomina
861 2542 979 2576 italica
1004 2541 1167 2585 Catillus,
1195 2541 1381 2586 Camillus,
1407 2543 1568 2587 Herulus,

94 2600 282 2644 Pompillus
306 2599 451 2635 Martial.
478 2599 535 2634 VI.
562 2600 616 2635 60.
644 2598 862 2634 Terentillus.

186 2665 244 2707 13)
276 2665 407 2701 Suidae
433 2666 552 2708 glossa
575 2664 718 2709 Πίριλος
751 2663 790 2697 τὸ
817 2663 962 2696 αἰδοῖον
996 2662 1041 2695 δι’
1068 2662 1148 2701 ἑνὸς
1169 2655 1288 2710 ἶςιιο
1313 2665 1450 2710 nitatur,
1481 2667 1572 2703 scIro

95 2720 246 2763 vellem3
273 2720 316 2755 ad
340 2723 458 2764 πηρίν,
483 2723 661 2765 περίνεον,
687 2723 864 2764 pertinere
891 2730 958 2755 non
982 2720 1130 2757 videtur.
