1731 3021
145 157 238 202 298
621 156 1052 199 DISSERTATIO
1094 157 1156 199 Vl.

136 258 223 320 ᾗ-
236 263 488 319 Ἀθάῤῥαβις
501 263 802 319 Ἀθαῤῥαβίτης
818 262 1099 314 --Ἑκαταῖος
1116 263 1159 307 δὲ
1181 263 1229 307 δι’
1242 264 1334 315 ἑνὸς
1357 267 1381 321 ρ
1400 269 1470 308 καὶ
1489 282 1565 308 του
1585 260 1613 320 ᾖ

137 330 439 385 Ἀθαραμβίτης
459 333 596 384 Steph.
616 329 803 384 κακάμβη
824 332 1042 383 aliquoties
1067 345 1140 385 pro
1162 330 1321 386 κακάβη
1342 346 1378 373 ν.
1402 333 1452 374 ad
1467 333 1613 385 Phryn.

141 399 234 440 426.
263 395 445 450 κάραβος
475 403 513 439 et
543 396 757 451 κεραμβυξ,
789 395 945 450 σαλάβη
977 402 1016 437 et
1046 395 1230 451 σαλάμβη
1259 395 1285 451 ἡ
1317 394 1396 452 ὀπὴ
1426 399 1499 451 τῆς
1527 396 1615 439 θύ-

142 480 238 517 ρας,
277 461 444 517 θαλάμη
488 468 526 504 et
555 461 748 516 θαλάμβη
788 464 827 503 iu
857 464 952 504 Lex.
983 463 1166 504 Albertii.
1231 461 1430 516 Σαλαβάρ
1461 465 1558 515 (Sic)
1590 459 1613 504 ὁ

139 528 329 584 μάγειρος
358 530 532 570 Vossius
574 534 805 581 opportune
846 529 1054 580 componit
1084 539 1173 567 cum
1214 530 1376 569 nomine
1415 530 1612 581 cauponis

139 598 377 648 Aeginetae,
409 607 526 647 quem
558 600 596 635 et
628 596 694 635 alii
727 595 935 635 celebrant
966 606 989 633 a
1015 594 1181 633 Davisio
1211 595 1406 633 nominati
1437 594 1487 634 ad
1509 595 1612 634 Max.

143 664 234 714 Tyr.
273 662 401 712 1V.5‚
434 660 498 701 56.
542 665 580 700 et
618 661 853 701 Athenaeus
894 660 955 700 ΙΙΙ.
1000 658 1089 700 112.
1122 659 1165 699 E.
1206 659 1273 699 ubi
1311 659 1410 700 Edd.
1449 664 1612 700 veteres

141 726 366 781 Σάραμβος
403 724 470 766 καὶ
511 723 705 776 Σάραβος
744 737 767 765 a
805 725 926 765 docto
960 723 1135 776 quodam
1166 724 1342 777 lectore,
1382 729 1425 764 ut
1454 723 1613 764 videtur

140 794 393 844 adscriptum
424 792 472 831 cs.
503 790 675 830 Meinek.
705 791 792 831 Vol.
816 791 877 830 IV.
900 789 992 831 525.
1021 786 1246 841 Σήραμβος
1275 790 1340 829 hic
1370 802 1394 830 a
1422 791 1613 831 Dicaear-

140 860 216 900 cho
257 862 428 912 vocatur
466 860 508 896 ut
548 859 587 896 et
624 855 741 895 fictor
769 854 1015 905 Aeginensis
1054 865 1078 893 a
1107 854 1312 895 Pausania
1343 856 1405 909 Vl,
1438 857 1499 898 10.
1539 856 1613 897 sed

139 921 364 977 Σήραμβος
393 917 499 968 εἶδος
527 918 746 972 κανθάρου
774 920 869 960 Hes,
900 920 1041 958 nescio
1071 930 1123 959 all
1151 921 1192 960 in
1219 917 1428 974 κήραμβος
1448 926 1612 962 mutan-

140 990 232 1031 dum
275 989 349 1039 Sit3
394 998 485 1028 nain
515 984 728 1038 κάνθαρος
775 989 837 1026 est
880 984 1132 1025 scarabaeus
1165 990 1204 1026 et
1234 988 1408 1039 κηραφίς
1445 987 1613 1040 καραβίς

138 1057 234 1098 HeS.
258 1049 480 1107 Ἐρέμβους
509 1054 740 1093 homericos
772 1051 839 1090 alii
858 1046 1037 1102 ’Ἄραβας
1064 1061 1159 1090 esse
1177 1052 1407 1105 voluerunt,
1438 1053 1505 1093 alii
1533 1051 1611 1104 ἐρε-

137 1118 311 1175 βεννούς
347 1120 435 1160 sive
464 1115 658 1171 ἐρεμνούς
685 1130 721 1158 v.
751 1116 890 1156 LehrS.
920 1116 1046 1156 Arist.
1076 1115 1167 1156 246.
1199 1120 1238 1156 et
1268 1116 1359 1158 255.
1391 1114 1613 1171 Κόρυμβος

139 1193 179 1229 et
207 1182 373 1240 κορυφή
403 1196 521 1236 quam
564 1185 642 1224 sibi
671 1183 805 1223 vicina
835 1182 917 1222 sint
946 1181 1010 1221 vel
1042 1192 1093 1221 ex
1125 1192 1173 1221 eo
1206 1184 1472 1234 cognoscitur
1502 1184 1613 1235 quod

137 1252 367 1304 Hesychius
400 1249 521 1290 tradit
552 1245 803 1300 Κορύμβους
841 1243 975 1286 πάντα
1011 1242 1061 1285 τὰ
1089 1243 1269 1299 μετέωρα
1306 1246 1375 1288 καὶ
1412 1248 1468 1295 εἰς
1503 1246 1612 1297 ὕψος

137 1315 403 1360 ἀνατείνοντα
432 1312 618 1364 ἐκάλουν,
650 1310 752 1353 ὅθεν
781 1309 906 1363 κόρυς
935 1308 1079 1364 κύρβις
1107 1313 1320 1365 κυρβασία,
1351 1318 1394 1353 ut
1418 1314 1610 1355 Herodo-

137 1390 202 1426 tus
239 1381 451 1435 κόρυμβον
494 1378 608 1432 ὄρεος
647 1380 766 1431 dixit,
809 1379 1012 1419 Lucianus
1053 1375 1303 1431 ὁικόρυμβον
1344 1377 1609 1430 Παρνασσόν,

135 1450 366 1501 Hesychius
396 1444 581 1499 κόρυφος
609 1441 816 1496 κόρυμβος
843 1446 1088 1495 γυναικεῖον,
1122 1445 1293 1485 Tzetzes
1325 1445 1423 1486 Chil.
1455 1445 1482 1485 I.
1515 1445 1607 1486 233.

135 1514 340 1567 κόσσυβος
367 1511 434 1553 καὶ
466 1510 671 1563 κόρυμβος
701 1521 775 1561 pro
805 1506 1020 1562 κόσυμβος.
1063 1509 1217 1557 Quibus
1237 1510 1328 1550 addi
1347 1515 1487 1562 potest
1507 1522 1610 1562 pro—

137 1583 268 1634 prium
293 1575 467 1631 Ἀρύβας
492 1573 694 1628 Ἀρύμβας
723 1588 758 1616 v.
791 1574 1084 1615 Schneidewin.
1114 1575 1350 1626 Conjectan.
1381 1587 1419 1627 p.
1438 1576 1502 1617 25.
1531 1578 1610 1618 nisi

135 1647 256 1698 hujus
288 1643 468 1686 secunda
499 1642 658 1692 syllaba
688 1640 738 1680 ad
769 1642 937 1692 stirpem
968 1640 1155 1692 pertinet.
1204 1640 1394 1680 Labiales
1425 1652 1610 1681 commu-

137 1716 224 1753 tant
236 1707 439 1762 Κάνωβος
460 1713 499 1749 et
519 1704 737 1755 Κάνωπος,
757 1705 934 1758 κηραφίς
954 1709 993 1745 et
1014 1704 1195 1757 καραβίς,
1219 1704 1292 1745 sed
1313 1705 1421 1756 quod
1444 1707 1610 1747 Schnei-

137 1777 259 1818 derus
297 1776 468 1815 affirmat
496 1772 773 1824 Ascalaphum
810 1771 860 1811 ab
890 1771 1097 1811 Antonino
1127 1771 1211 1811 Lib.
1248 1770 1496 1812 Ascalabum
1527 1784 1610 1813 no·-

136 1844 329 1883 minatum
361 1851 476 1891 esse,
509 1839 655 1879 falsum
687 1842 773 1888 est3
813 1848 904 1877 nam
936 1837 1120 1876 homines
1152 1836 1302 1877 diversi
1331 1841 1445 1890 sunt,
1475 1838 1540 1878 hic
1568 1839 1610 1879 in

138 1907 370 1948 stellionem
400 1909 600 1957 mutatus,
638 1903 706 1943 ille
736 1903 775 1942 in
806 1907 1009 1943 noctuam.
1067 1902 1238 1943 Romani
1265 1913 1363 1942 vero
1394 1903 1489 1943 beta
1519 1915 1609 1944 cum

136 1985 204 2024 my
234 1975 482 2012 commutant
523 1981 597 2022 pro
639 1965 827 2021 κακκάβη
857 1969 1156 2009 substituentes
1188 1978 1365 2008 cucuma
1394 1964 1499 2009 unde
1528 1980 1609 2009 no—

136 2040 276 2079 vitium
307 2033 560 2088 κουκούμιον
589 2039 726 2075 natum
758 2038 833 2087 est,
863 2045 937 2085 pro
968 2029 1143 2085 κικκάβα
1173 2035 1346 2085 cemma,
1377 2038 1418 2073 ut
1438 2034 1608 2074 Καστα-

135 2101 222 2144 λών
254 2103 454 2155 Castulo,
486 2106 525 2142 et
556 2100 662 2153 apud
694 2100 874 2140 Graecos
904 2100 1021 2150 ipsos
1051 2098 1279 2149 Hesychius
1311 2095 1510 2150 σκόλυβος
1539 2110 1609 2140 re-

137 2170 243 2221 perit
282 2180 355 2220 pro
394 2165 615 2218 σκόλυμος,
661 2166 807 2216 quibus
847 2165 976 2204 literis
1016 2164 1121 2203 inter
1160 2175 1205 2203 se
1242 2163 1444 2215 copulatis
1476 2166 1609 2205 extitit

136 2231 392 2285 σκόλυμβρος
420 2245 456 2272 v.
485 2233 548 2271 Du
579 2231 701 2280 Caiig.
733 2229 953 2280 eademque
993 2229 1212 2269 similitudo
1250 2229 1354 2268 inter
1392 2229 1608 2270 herbarum

139 2299 358 2339 odorarum
388 2298 553 2337 nomina
589 2292 759 2346 θύμβρα
791 2296 878 2334 sive
916 2290 1110 2346 θύμβρον
1141 2298 1180 2334 et
1208 2291 1346 2346 θύμος
1374 2291 1515 2346 θύμον
1542 2296 1609 2335 in-

138 2363 348 2405 tercedere
366 2360 560 2402 videtur.3
598 2360 783 2400 Nominis
806 2359 1010 2411 peregrini
1033 2357 1487 2414 variationesKvfflfflq
1513 2361 1607 2401 Κυ-

226 2538 263 2579 3)
292 2539 502 2579 Σίσυμβρον
528 2544 668 2578 quoque
701 2536 757 2570 vel
793 2533 1009 2579 σισιῆιιβριον
1041 2535 1082 2568 ab
1119 2534 1228 2570 odore
1263 2544 1388 2570 nomen
1425 2536 1606 2579 accepisse

137 2593 274 2627 videtur
299 2595 335 2625 ut
360 2589 489 2634 θύμος,
518 2592 573 2624 cui
600 2594 744 2633 cognata
769 2594 847 2624 sunt
874 2590 972 2627 θύος,
1000 2589 1154 2631 θυώδης.
1202 2592 1232 2625 Α
1263 2592 1361 2636 θέρω
1395 2600 1463 2624 non
1495 2591 1606 2625 solum

137 2638 276 2690 θερμός
304 2646 367 2681 sed
393 2647 496 2680 etiam
522 2643 648 2689 θιβρός
673 2648 705 2680 el
735 2645 892 2690 θιμβρός
915 2648 1160 2690 propriumque
1194 2648 1336 2691 Θίβρων
1366 2649 1401 2680 et
1425 2647 1605 2688 Θίμβρων.

139 2703 167 2735 Α
192 2702 286 2738 λεῖος
310 2699 457 2744 (γλοιός,
488 2702 581 2744 glus]
608 2702 752 2743 primum
778 2700 897 2737 λισσός
930 2704 1046 2736 natum
1075 2707 1146 2744 est,
1181 2705 1251 2736 tuin
1286 2701 1402 2736 addita
1443 2701 1604 2744 gutturan
