1699 3021
305 159 372 200 DE
404 156 692 200 NOMINIBUS
726 157 778 198 IN
807 162 833 198 ῦ
858 156 1203 200 EXEUNTIBUS.
1246 159 1287 201 C.
1310 161 1355 203 II.
1480 161 1566 206 189

93 272 135 312 in
165 268 282 311 codd.
314 267 521 310 Plutarchi
559 267 604 307 V.
635 267 748 308 Eum.
778 277 811 308 c.
849 265 913 307 IX.
951 267 1134 309 vitiatum
1173 269 1348 310 forsitan
1385 271 1449 312 vel
1486 283 1562 324 pro

93 333 270 385 πεδινός,
303 337 419 385 cujus
450 334 575 374 multo
606 333 859 385 frequentior
889 343 1002 384 uSUS,
1034 333 1098 373 vel
1128 344 1202 385 pro
1225 332 1423 384 πεδιεινός
1451 337 1562 390 quod

90 403 133 443 in
163 401 280 443 codd.
321 400 487 451 saepius
536 399 732 451 scriptum
769 398 917 439 Herod.
957 397 1038 438 VII.
1085 397 1174 439 198.
1217 399 1418 452 Theophr.
1458 402 1560 444 Hist.

91 468 156 509 Ill.
190 467 251 520 11,
283 467 319 507 2.
353 476 482 517 nuper
514 466 634 505 etiam
665 464 824 504 Platoni
855 464 1086 504 restitutum
1128 468 1191 504 est
1219 465 1341 516 Legg.
1377 467 1439 508 IV.
1469 467 1560 509 704.

91 532 137 574 D.
169 556 221 561 ——
246 527 344 572 Ἀπό
375 528 603 582 οὐδετέρων
628 529 683 577 εἰς
709 521 758 577 o}
778 527 988 583 ληγόντων
1017 524 1220 581 ἄχθεινός,
1251 525 1456 582 ἀνθεινός,
1486 527 1561 572 ἆλ-

91 594 237 651 γεινός,
267 594 448 650 φαεινός,
479 593 698 645 σκοτεινάς,
727 592 919 647 ταχεινός,
950 591 1127 643 κλὲεινος
1154 593 1224 635 καὶ
1252 593 1406 645 κλεινός
1425 592 1481 644 ὡς
1500 593 1561 637 δέ·

91 678 198 711 εινος
238 660 389 713 δεινός,
421 658 598 715 ὀρεινός,
643 658 844 711 αἰπεινός,
882 657 1094 713 ψυχεινός,
1140 658 1308 710 ἐλεεινός
1343 664 1557 716 Moschop.

93 729 239 771 Sched.
274 729 362 770 144.
392 740 564 781 qnorum
594 732 844 780 postremum
874 727 1026 767 rectius
1049 726 1098 767 ad
1118 728 1382 769 masculinam
1401 730 1559 770 referas

92 806 212 847 quam
243 794 293 835 ad
323 800 508 835 neutrum
531 792 828 845 antiquioribus
850 792 1052 844 ignotum3
1083 790 1263 841 αἰπεινός
1283 795 1333 835 ab
1356 794 1558 846 adjectivo

91 857 211 907 αἰπός
241 871 323 899 11011
354 860 515 910 longius
546 859 670 900 distat
702 869 821 910 quam
855 869 879 898 a
908 858 1191 910 substantiv03
1222 859 1271 900 de
1296 861 1446 901 ceteris
1468 864 1560 902 sta-

94 927 163 966 tim
192 925 323 965 dicam
353 926 388 965 si
420 926 532 976 prius
564 923 756 964 addidero
789 923 867 963 duo
900 924 950 964 ab
982 924 1072 964 aliis
1102 926 1455 966 terminationibus
1485 925 1561 967 de-

91 992 223 1032 rivata
250 987 450 1043 φωτεινός
478 990 519 1028 111
549 988 708 1028 duobus
739 988 1024 1039 Xenophontis
1068 989 1171 1030 locis
1210 990 1284 1031 sed
1322 995 1560 1043 suspectum

92 1058 281 1098 Porsono
314 1056 381 1107 qui
410 1055 521 1095 illum
552 1051 687 1106 φανός
717 1054 939 1104 scripsisse
973 1055 1131 1105 Judicat
1160 1067 1195 1096 v.
1216 1056 1485 1098 Bornemann.
1509 1057 1559 1098 ad

92 1123 248 1163 Memm.
282 1123 344 1163 IV.
373 1121 419 1173 3,
450 1121 486 1161 4.
518 1124 557 1160 et
587 1115 798 1166 ὑδατεινός
827 1119 964 1159 inuno
985 1120 1248 1171 Hippocratis
1272 1121 1376 1162 libro
1398 1121 1447 1162 de
1464 1123 1559 1164 Aer.

93 1189 264 1229 etLocc.
290 1191 350 1228 ter
361 1187 576 1239 repetitum
598 1186 654 1235 (ἓ.
676 1184 816 1226 2663.
837 1189 875 1225 et
895 1184 958 1226 97.
981 1184 1040 1225 ed.
1062 1185 1172 1237 Cor.)
1193 1187 1559 1241 consentientibus,

92 1258 135 1294 ut
159 1252 328 1305 videtur,
359 1252 485 1292 libris.
531 1250 612 1291 Sed
632 1261 714 1289 non
731 1251 862 1291 minus
894 1255 1048 1291 certum
1075 1247 1361 1302 οεῑὺδατινός,
1394 1253 1561 1294 eadem-

94 1329 172 1370 que
196 1318 237 1357 in
258 1317 394 1358 multis
412 1316 573 1356 illorum
602 1315 819 1356 discordia.
867 1316 1026 1356 Etenim
1045 1311 1236 1365 ἀνθεινός
1254 1329 1454 1370 nusquam
1476 1320 1561 1360 fere

92 1383 239 1434 legitur
261 1383 355 1434 quin
376 1382 465 1422 libri
495 1381 729 1433 discrepent
748 1382 911 1422 Lucian.
934 1382 1102 1429 Demon.
1124 1387 1161 1430 ἕ.
1183 1383 1246 1425 16.
1273 1385 1341 1425 ubi
1359 1384 1559 1426 Jacobitz.

93 1450 272 1490 scienter
293 1445 465 1494 ἄνθινος
485 1446 688 1498 praetulit,
710 1447 858 1488 Himer.
881 1447 947 1488 Or.
972 1448 1034 1488 Ill.
1050 1448 1109 1489 13.
1129 1448 1286 1492 Heliod.
1306 1450 1369 1492 III.
1400 1450 1435 1504 1,
1468 1450 1559 1493 108.

91 1515 192 1556 Poll.
223 1514 267 1554 V.
301 1513 542 1555 117—120.
574 1513 643 1554 ubi
676 1512 781 1553 idem
810 1510 985 1560 ἄνθινος
1013 1518 1157 1565 quater
1186 1514 1380 1569 deinceps
1401 1528 1425 1557 a
1444 1516 1560 1558 codd.

95 1580 272 1632 offertur,
302 1579 521 1631 multisque
550 1579 640 1620 aliis
671 1579 775 1618 locis
801 1590 906 1630 quos
923 1579 1141 1620 Jacobsius
1163 1580 1315 1622 indicat
1333 1581 1384 1623 ad
1404 1582 1561 1625 Aelian.

94 1657 132 1698 p.
163 1645 226 1686 60.
274 1645 440 1684 Fallitur
473 1655 570 1695 ergo
602 1644 940 1695 wyttenbachius
982 1645 1032 1685 ad
1062 1646 1163 1687 Plut.
1197 1648 1237 1688 S.
1269 1647 1317 1687 N.
1349 1647 1393 1689 V.
1425 1659 1464 1700 p.
1495 1648 1561 1690 49.

93 1715 306 1760 utrumque
337 1709 503 1760 perinde
534 1709 700 1760 probari
733 1708 961 1759 affirmans,
1006 1711 1070 1750 eni
1100 1721 1183 1750 uon
1213 1711 1346 1752 solum
1375 1713 1562 1764 exempla

93 1775 318 1816 reclamant
348 1774 421 1814 sed
446 1775 550 1814 ratio
583 1784 757 1826 quoque.
817 1773 918 1813 Nam
937 1785 986 1814 ex
1004 1774 1161 1816 duabus
1180 1777 1560 1832 significationibus,

94 1852 198 1892 quas
229 1839 376 1880 Snidas
401 1840 533 1893 tradit,
563 1835 755 1886 ἀνθεινός
784 1834 806 1879 ὁ
826 1836 865 1888 ἐξ
887 1834 1063 1890 ἀνθέων,
1092 1839 1161 1880 καὶ
1191 1838 1214 1882 ὁ
1242 1839 1425 1895 καιρός-,4
1452 1855 1559 1884 neu-

95 1911 157 1946 tra
186 1905 278 1945 huic
309 1906 583 1945 terminationi
613 1906 816 1958 convenit,
845 1917 977 1957 neque
1003 1908 1225 1949 materialis
1249 1912 1293 1949 ut
1313 1913 1484 1962 apparet
1509 1921 1561 1950 ex

91 1967 323 2023 γλεύκινος,
354 1967 556 2020 σκύτινος,
587 1967 822 2023 στέρφινος,
851 1969 1052 2025 τρύχινος,
1084 1984 1188 2025 quae
1220 1975 1355 2015 omnia
1381 1986 1406 2015 a
1424 1975 1560 2016 nomi-

92 2035 213 2076 nihus
250 2035 290 2075 in
323 2026 371 2083 ἷὲ
410 2037 566 2077 neutris
608 2036 791 2077 derivata
819 2041 934 2089 sunt,
973 2049 1106 2090 neque
1136 2040 1397 2094 temporalis,
1441 2043 1558 2093 cujus

92 2113 213 2143 unum
243 2105 355 2142 extat
386 2102 611 2154 exemplum
641 2099 826 2154 θερινός,
865 2103 1055 2155 valetque
1084 2105 1125 2144 in
1154 2106 1386 2148 universum
1415 2104 1466 2146 τὰ
1492 2103 1560 2147 διὰ

91 2168 167 2209 τοῦ
204 2155 299 2214 ff}
329 2163 518 2217 ὀξύτονοί,
548 2166 582 2206 εἰ
609 2164 683 2219 μὲν
712 2166 857 2221 καιρὸν
884 2170 1080 2222 σημαίνει,
1111 2165 1179 2209 διὰ
1207 2171 1283 2210 τοῦ
1310 2177 1343 2221 ῖ,
1374 2169 1557 2223 δειλινός,

91 2229 256 2285 θερινός
295 2237 371 2274 etc.
408 2232 626 2274 Herodian.
663 2233 791 2285 Epim.
830 2246 868 2287 p.
905 2235 994 2276 174.
1034 2239 1074 2276 et
1102 2236 1361 2288 reciprocato
1401 2248 1560 2279 canone

92 2295 143 2339 τὰ
165 2298 220 2346 εἰς
247 2289 346 2346 {ff
364 2294 540 2348 ὀξύτονοί
567 2296 796 2352 παρώνυμα
820 2295 875 2353 μὴ
900 2297 964 2340 ἐπὶ
982 2300 1130 2351 καιροῦ
1148 2298 1435 2354 λαμβανόμενα
1451 2297 1559 2343 ἀπο-

94 2362 335 2418 στρέφονται
361 2361 438 2418 τὴν
467 2358 534 2404 διὰ
562 2365 638 2406 τοῦ
667 2363 690 2404 ἶ
717 2363 904 2419 γραφήν,
935 2361 1112 2418 ὀρεινός,
1153 2363 1389 2415 Φωτεινός5
1416 2365 1483 2408 καὶ
1511 2364 1558 2409 τὸ

182 2533 219 2576 4)
253 2533 446 2575 Signilioari
473 2533 609 2570 videtur
641 2535 762 2576 florida
793 2540 889 2569 aetas
921 2535 1043 2570 Catuli.
1097 2535 1167 2572 Sed
1200 2535 1314 2574 ἄνθος
1344 2541 1458 2574 tamen
1490 2548 1558 2573 non

98 2591 151 2623 est
175 2589 338 2630 temporis
361 2598 485 2624 nomen
512 2593 549 2623 ut
572 2591 690 2634 θέρος.

151 2658 154 2662 ·
183 2643 220 2685 5)
255 2643 395 2687 Propria
418 2646 507 2680 enim
536 2649 715 2681 accentum
741 2655 808 2680 non
833 2649 979 2680 mutant:
1006 2644 1172 2682 ΙῙετεινός
1196 2645 1316 2682 Galen.
1344 2646 1463 2692 Comp.
1481 2657 1555 2684 sec.

96 2698 199 2733 Locc.
225 2698 297 2733 VII.
325 2709 357 2741 p.
383 2700 436 2735 57.
466 2699 501 2733 T.
530 2699 617 2734 XIII.
645 2700 833 2739 Ποθεινός,
860 2700 1020 2738 φαεινός
1053 2711 1085 2735 v.
1118 2701 1238 2737 Lehrs.
1265 2701 1368 2738 Arist.
1404 2713 1437 2747 p.
1476 2704 1552 2741 292.
