1747 3005
259 137 327 178 DE
348 137 472 179 ΝΟΜ.
499 135 716 185 QUORUM
736 134 885 177 CHAR.
906 134 1006 176 EST
1027 133 1200 177 SiGMA.
1245 137 1286 177 C.
1312 137 1357 178 11.
1384 142 1420 185 §.
1442 139 1478 179 2.
1525 137 1617 180 4223

149 251 244 288 sunt
272 246 490 298 gentilicia,
522 256 745 286 consonam
766 244 956 296 primitivi
977 244 1152 285 retinere
1174 246 1406 298 Stephanus
1429 257 1509 286 non
1534 259 1614 289 uno

148 312 242 352 loco
265 311 446 351 declarat
463 308 669 362 ’Ἀσβωτος
694 306 920 361 Ἀσβώτιος,
954 309 1113 356 Βοῦτος
1143 308 1330 361 Βούτιος,
1364 310 1616 363 Βούθρωτος

147 373 434 427 Βουθρώτιος,
467 373 683 426 Κάρὸυτος
704 372 954 426 Καρόὐτιος,
987 371 1188 422 Μιὶὁυτος
1217 374 1435 425 Μαδύτιος
1453 374 1508 424 ὡς
1528 380 1614 430 Βη-

146 437 296 492 ρύτιος,
329 445 368 480 et
398 446 513 481 notat
545 441 771 481 contraria:
821 437 1007 493 Βήρυτος
1038 437 1240 491 Βηρύτιος
1269 437 1324 489 ὡς
1350 438 1533 491 Ἀζώτιος
1561 467 1612 471 »-

146 506 404 558 σεσημείωται
432 504 478 545 τὸ
511 503 714 557 Μιλήσιος
743 503 787 544 ἐν
814 508 994 552 τοπικοῖς
1024 502 1086 544 ὅτι
1115 502 1264 558 ἐτράπη
1302 507 1422 558 (adde
1453 504 1613 548 ἁπλοῦν

145 568 213 624 ὅν)
243 567 298 618 ὡς
314 567 360 610 τὸ
383 567 734 622 (παρασύνθετον)
761 568 999 617 Θεοδόσιος·
1027 566 1074 609 τὸ
1098 567 1176 621 γὰρ
1201 568 1397 620 θεόδοτος
1416 571 1484 613 καὶ
1508 569 1612 612 ἀθά-

143 651 267 684 νατος
295 635 364 676 καὶ
393 633 592 688 ἄμβροτος
621 633 811 675 σύνθετα.
858 633 914 675 Τὸ
944 632 986 675 δὲ
1015 636 1194 686 χαρίσιος
1214 632 1265 676 οὐ
1282 635 1463 678 τοπικόν.
1511 637 1612 691 Περὶ

143 703 218 742 τοῦ
261 700 497 753 Περκώσιος
537 698 728 753 ἐροῦμεν,
771 712 851 752 quo
891 701 982 740 1000
1022 701 1118 740 nihil
1159 701 1330 753 amplius
1370 703 1464 743 dicit
1493 715 1613 755 quam

147 765 344 819 Περκώτῃ
380 764 640 818 Περκώσιος,
681 766 753 806 sed
793 766 887 806 alibi
924 763 1117 818 Κριθώτη
1149 763 1387 818 Κριθώσιος
1415 765 1470 815 ὡς
1501 770 1612 821 Περ-

142 831 303 879 κώσιος,
336 844 408 873 5011
440 833 533 884 quia
563 832 662 872 haec
694 845 715 871 a
745 832 975 871 nominibus
1006 831 1043 871 in
1073 823 1132 884 τΤ]
1153 837 1241 872 orta
1272 838 1365 873 sunt
1386 835 1472 874 sive
1493 834 1610 874 aliam

144 899 196 939 ob
228 908 404 938 causam.
464 898 599 947 Signia
628 908 725 937 vero
758 898 941 947 assignat
980 898 1029 937 iis
1067 908 1171 948 quae
1201 899 1416 949 genitivum
1446 900 1485 938 in
1516 914 1611 952 ητος

141 965 320 1004 mittunt:
379 964 421 1003 Γ
420 963 610 1014 υμνησίαι
639 986 692 990 -
722 964 762 1001 Γ
763 959 958 1013 υμνήσιος
997 957 1078 1001 ἀπὸ
1107 963 1179 1015 τῆς
1210 965 1252 1003 Γ
1250 965 1424 1016 ι’μνῆτος
1452 966 1612 1017 γενικῆς

141 1029 271 1081 τροπῇ
309 1028 384 1067 τοῦ
413 1019 437 1067 ἦ
462 1027 516 1074 εἰς
543 1018 581 1077 E,
600 1028 630 1052 ¹¹
661 1024 789 1079 Μύης
816 1025 992 1079 Μὺητος
1021 1025 1237 1080 Μυήσιος,
1292 1026 1431 1082 Τύμης
1467 1027 1610 1082 Τυμή-

141 1103 228 1140 σιος
264 1089 318 1139 ὡς
355 1091 611 1145 Φαγρήσιος,
660 1089 908 1144 ΛΜαγνήσιος
938 1116 984 1120 —
1027 1091 1232 1140 Τυνήσιος
1271 1089 1326 1140 ὡς
1360 1096 1390 1134 Ι
1393 1091 1607 1146 ὐμνήσιος,

135 1154 414 1211 Ἀδρυμήσιος,
446 1158 516 1198 sed
548 1159 626 1198 1100
667 1159 783 1198 etiam
818 1153 1081 1209 Ἀὄρυμήτιος
1127 1159 1251 1198 scribi
1289 1159 1409 1199 docet
1440 1171 1471 1199 5.
1503 1160 1539 1199 h.
1570 1171 1604 1199 ν.

139 1225 188 1265 Et
217 1224 436 1275 singularis
468 1223 639 1273 exempli
670 1223 848 1261 meminit
886 1221 1060 1270 Νέπετος
1095 1224 1321 1271 Νεπεσῑνος
1348 1221 1478 1276 τροπὴ
1509 1221 1608 1263 ἰδιά-

140 1291 274 1338 ζουσα.
327 1289 467 1339 Neque
498 1287 629 1327 50111111
661 1291 726 1325 tau
757 1287 796 1325 in
827 1287 956 1337 sigma
986 1289 1128 1328 transit
1158 1289 1231 1328 sed
1259 1289 1459 1328 interdum
1487 1290 1608 1329 etiam

137 1355 247 1395 theta
272 1350 528 1404 Τρικόρυθος
555 1348 835 1403 Τρικορύσιος,
866 1351 974 1402 quod
1006 1353 1236 1404 Stephanus
1265 1354 1356 1405 ipse
1383 1358 1608 1407 attestatur,

138 1419 214 1460 etsi
244 1431 267 1459 a
297 1415 541 1470 Σεσάρηθος
571 1412 845 1468 Σεσαρήθιος,
880 1414 1129 1470 Πεπάρηθος
1161 1415 1448 1471 Πεπαρήθιος,
1488 1415 1608 1470 Πάρ-

136 1498 210 1537 νης
250 1480 493 1535 Παρνήθιος
532 1481 623 1522 (11101
661 1482 734 1534 ait,
786 1482 894 1533 quod
922 1483 1132 1534 Bentlejus
1170 1484 1294 1524 scribi
1323 1484 1452 1525 voluit
1480 1485 1605 1524 Arist.

137 1547 356 1590 11011348.
394 1559 468 1599 pro
513 1543 742 1598 Παρνάσιοι
781 1544 1020 1601 (ἄνθρακες)
1060 1559 1166 1589 nuno
1205 1554 1336 1589 autem
1378 1546 1608 1602 Παρνὴσιοι

136 1614 362 1665 repositum
396 1617 482 1663 est3
533 1615 573 1651 et
602 1608 804 1651 παλάσιον
833 1624 996 1664 qnoque
1034 1625 1058 1653 a
1093 1612 1261 1667 παλάθη
1293 1614 1513 1654 derivatum
1543 1615 1608 1654 vi—

139 1678 266 1719 detur.
325 1678 508 1728 Denique
538 1675 738 1727 duplicem
770 1677 951 1727 ejusdem
981 1679 1098 1719 vocis
1119 1679 1262 1719 flexum
1289 1679 1457 1719 adnotat
1472 1675 1608 1731 Ἀμα-

137 1746 295 1795 ρυνθος
320 1738 595 1794 Ἀμαρύνθιος
613 1739 681 1780 καὶ
706 1737 989 1793 Ἀμαρύσιος12
1010 1739 1065 1791 ὡς
1083 1741 1368 1796 Τρικορύσιος·
1399 1742 1509 1784 οὕτω
1529 1741 1607 1796 γὰρ

140 1809 404 1854 Παυσανίας·
444 1802 751 1857 ἀναλογώτερον
780 1804 821 1846 δέ
840 1822 909 1859 μοι
937 1807 1049 1848 δοκεῖ
1075 1805 1122 1848 τὸ
1152 1806 1220 1849 διὰ
1247 1810 1323 1849 τοῦ
1352 1801 1388 1860 ἆ,
1419 1821 1493 1861 pro
1524 1820 1605 1861 quo

137 1871 205 1914 διὰ
239 1874 314 1913 τοῦ
353 1863 390 1912 5
425 1872 632 1923 corrigunt
669 1873 802 1923 aptius
841 1874 1000 1927 verbis,
1040 1879 1082 1914 ut
1118 1886 1225 1915 1111110
1263 1875 1422 1926 quidem
1453 1876 1608 1927 scripta

137 1944 243 1991 sunl,
275 1944 313 1978 et
344 1938 557 1988 analogiae
575 1934 795 1984 ’Ἀψυνθος
820 1933 1065 1992 Ἀψύνθιος,
1099 1937 1320 1992 Ζήρυνθος
1356 1937 1605 1993 Ζηρύνθιος,

137 2002 350 2056 Κόρινθος
380 2003 619 2053 Κορίνθιος,
654 2000 944 2055 Προβάλιυθος
976 2006 1280 2058 Προβαλίνθιος
1311 2006 1447 2058 Stepll.
1473 2005 1607 2046 sedin

137 2070 226 2111 cod.
266 2069 388 2110 Rhed.
431 2068 705 2118 Προβαλίσιος
743 2068 889 2120 legitur
940 2074 983 2110 ut
1020 2071 1061 2111 in
1101 2071 1222 2122 Corp.
1262 2071 1388 2111 Insor.
1424 2070 1472 2111 N.
1516 2070 1605 2111 122.

138 2136 263 2176 Inscr.
293 2133 433 2174 Naval.
464 2133 554 2174 552.
596 2134 804 2175 Demosth.
836 2145 868 2175 0.
898 2135 1058 2188 Aphob.
1090 2136 1118 2176 Ι.
1149 2136 1243 2189 832,
1274 2135 1310 2176 3.
1350 2135 1606 2187 approbante

137 2199 432 2241 Choerobosco
465 2210 501 2250 p.
531 2198 622 2240 248.
655 2194 710 2246 ὡς
739 2197 820 2239 ἀπὸ
850 2201 926 2240 τοῦ
963 2197 1235 2254 Τρικόρινθος
1265 2202 1363 2253 (Sic)
1400 2197 1606 2252 Τρικορύ-

139 2274 245 2311 σιος,
284 2261 394 2304 οὕτω
428 2264 692 2316 Προβαλνθος
723 2266 820 2318 (Sic)
854 2267 1152 2320 Προβαλίσιος·
1191 2264 1237 2307 τὸ
1266 2264 1308 2307 ὁὲ
1342 2265 1607 2321 Προβάλιθος

231 2428 288 2470 11)
325 2427 526 2470 Argivorum
561 2439 678 2464 servos
704 2430 893 2473 Γυμνῆιας
920 2432 1022 2466 etiam
1048 2433 1270 2473 Γιχιιιήσίους
1296 2432 1406 2467 dictos
1433 2442 1512 2467 esse
1538 2442 1605 2467 uno

139 2483 305 2526 Stephani
332 2482 409 2516 loco
439 2491 467 2516 s.
492 2485 578 2520 Χίος
608 2494 725 2527 parum
755 2486 1007 2529 comprobatur.
1055 2486 1124 2520 Sed
1150 2487 1239 2529 apud
1264 2487 1475 2522 Herodotum
1501 2487 1606 2522 iidem

139 2537 296 2578 Κύνητες
323 2540 400 2571 sunt
424 2542 459 2572 et
482 2538 663 2579 Κυνήσιοι.

230 2603 286 2645 12)
310 2603 534 2648 Ἀμαρυνθίιι
553 2605 715 2649 Ἀρτεμις
742 2606 852 2642 Strab.
882 2606 918 2641 X.
947 2607 1023 2643 448.
1051 2615 1152 2650 quam
1179 2607 1365 2643 Pausanias
1387 2608 1609 2651 Ἀιιαρυσίαν

140 2661 252 2692 vocat
