1699 3021
243 151 310 192 DE
342 144 629 189 NOMINIBUS
660 142 711 183 IN
741 143 767 182 ’ῡ
794 135 1138 181 EXEUNTIBUS.
1179 136 1221 174 tl.
1249 135 1309 174 IV.
1342 138 1378 181 §.
1401 132 1437 173 (5.
1497 132 1580 173 215

107 262 237 304 Medd.
275 260 406 308 Mosq.
456 251 684 306 ὀρφακίνης
726 245 869 303 μικρὸς
907 242 1050 298 ὀρφώς
1089 244 1234 284 Athen.
1276 241 1354 280 Vll.
1396 240 1488 281 315.
1532 241 1578 279 Α.

106 327 211 370 unde
241 324 387 367 sumsit
415 320 656 362 Eustatliius
686 330 723 369 p.
758 315 873 367 1721,
902 311 967 353 49.
997 306 1021 351 ὁ
1048 305 1140 355 νέος
1177 304 1309 358 ὄρφος
1348 300 1422 344 ὑπ’
1457 301 1579 344 ἐνίων

106 389 336 445 ὀρφακίνης
379 383 681 438 ὑποκοριστικῷ
727 377 865 435 τύπῳ,
914 379 1031 428 cujus
1078 374 1287 426 specimen
1332 370 1468 422 aptius
1516 375 1579 408 est

107 457 302 509 ἐλαφίνης
347 449 490 505 νεβρός
537 449 686 491 llcs.²⁵
724 471 777 476 —-
815 439 1160 494 Quemadmodum
1198 448 1296 478 vero
1336 436 1503 475 nomina
1538 434 1580 472 in

106 515 201 571 Hffs
223 511 579 574 ett—vTJEmensura
592 516 770 556 discreta
792 515 898 562 sunt,
929 510 990 549 sic
1011 508 1132 548 etiam
1153 514 1257 556 quae
1280 503 1319 541 in
1341 491 1438 553 ιῖἦξ
1455 490 1581 552 θιῖιη

107 592 269 632 exeunt.
334 586 444 634 Quas
495 580 802 623 terminationes
852 577 957 615 inter
996 584 1042 614 se
1086 568 1306 623 permutari
1346 578 1426 606 uno
1469 569 1580 605 certe

109 653 295 706 exemplo
340 649 507 703 probari
546 649 696 699 potest.
761 642 944 692 Namque
974 636 1240 679 masculinum
1271 627 1466 684 ἀχαιίνης,
1499 641 1579 682 quo

109 721 232 773 paulo
264 723 358 759 ante
387 726 488 756 usus
516 723 626 764 sum,
663 711 705 750 iu
732 706 923 750 Pllalaeci
964 705 1218 756 pentametro
1251 722 1302 727 ——
1341 693 1582 750 ἀμφιδόρου

109 782 274 827 στικτὸν
301 780 504 834 ἀχαιίνεω,
535 779 621 818 iota
650 777 774 816 breve
804 771 938 824 habet,
970 770 1133 820 longum
1163 776 1261 806 vero
1289 763 1478 804 feminina
1500 773 1580 813 po-

111 853 207 893 sitio
238 850 278 890 in
304 848 442 890 Babrii
473 855 593 885 versu
622 841 741 882 XXll.
772 838 870 889 (Vll.
905 835 992 878 143.
1024 832 1194 883 Knoell.)
1224 830 1397 870 τοιαῦτα
1433 827 1580 868 κωτίλ-

109 919 242 958 λουσα
266 911 342 967 τὴν
371 908 569 965 ἀχαιίνην.
626 905 741 947 Unde
771 903 955 954 sequitur
984 902 1024 940 in
1053 898 1244 952 Apollon.
1275 895 1337 935 IV.
1373 893 1462 935 175.
1495 889 1581 932 ἐλά-

112 996 212 1035 φοιο
252 1003 306 1010 -
342 975 397 1031 ’ἢν
437 973 643 1028 ἀγρῶσται
686 966 895 1022 ἀχαιινέην
931 962 1149 1006 καλέουσιν
1188 967 1227 1002 et
1268 960 1441 1011 Oppian.
1483 959 1580 1009 Cyn.

112 1048 158 1089 ll.
189 1046 280 1087 247.
310 1040 532 1094 κερόεσσαν
572 1032 780 1089 ἀχαιινέην
817 1028 1048 1084 πτερόεντες
1085 1032 1153 1069 aut
1196 1024 1454 1067 scribendum
1486 1035 1582 1064 csse

114 1109 303 1164 ἀχαιίνην
350 1113 419 1149 aut
466 1109 577 1147 certe
619 1103 679 1144 sic
719 1097 980 1152 pronunciari
1022 1097 1227 1146 oportere.
1294 1090 1444 1139 lnjuria
1482 1100 1581 1129 vero

116 1189 240 1220 casus
278 1174 430 1225 obliqui
468 1170 672 1220 κεντρίναι
709 1167 758 1206 ab
788 1163 973 1205 Albertio
1006 1160 1057 1201 ad
1086 1156 1260 1208 llesych.
1290 1154 1327 1194 h.
1360 1167 1394 1194 v.
1428 1158 1467 1194 et
1499 1154 1584 1194 Co-

114 1254 213 1284 raeo
246 1241 297 1282 ad
325 1240 501 1281 Xenocr.
531 1248 568 1288 p.
598 1234 661 1275 72.
701 1236 741 1272 et
779 1229 991 1280 κεντρίνην
1029 1225 1121 1267 Seli.
1160 1223 1248 1263 Nic.
1291 1219 1360 1259 Th.
1403 1219 1494 1260 334.
1535 1220 1586 1259 ab

113 1310 161 1350 H.
201 1306 411 1358 Stephano
451 1301 502 1342 ad
538 1298 724 1350 κεντρίνη
763 1295 1015 1344 referuntur,
1059 1290 1246 1340 maleque
1283 1284 1508 1326 Freundius
1546 1285 1587 1324 in

115 1376 210 1416 Lex.
239 1372 326 1413 Lat.
357 1380 408 1409 ex
436 1365 648 1408 masulinis
678 1361 848 1415 pluralis
878 1357 1034 1399 numeri
1064 1355 1283 1396 ceratinae
1322 1356 1362 1392 et
1393 1351 1586 1392 crocodi-

117 1441 231 1480 linae
262 1434 426 1485 Quintil.
459 1433 486 1473 Ι.
526 1431 598 1483 10,
629 1429 665 1471 5.
705 1425 966 1469 concinnavit
1002 1419 1199 1464 cerasina
1229 1422 1269 1459 et
1306 1416 1584 1458 crocodilina.

112 1502 315 1556 Ἀθερῖναι
335 1499 501 1551 saepius
515 1496 776 1537 nominantur
801 1501 920 1544 quam
940 1485 1140 1541 ἀθερῖνοι,
1160 1484 1386 1536 intellectu,
1406 1486 1450 1523 ut
1469 1481 1588 1522 vide-

121 1577 197 1623 tur,
228 1568 393 1617 eodem3
421 1575 498 1605 nec
528 1562 708 1603 discreta
737 1562 832 1600 sunt
850 1555 1084 1609 ἐργαστῖνος
1106 1557 1145 1593 et
1174 1548 1399 1603 ἐργαστίνη.
1430 1570 1484 1577 —
1512 1547 1589 1587 Di—

120 1637 372 1689 phthongum
384 1629 575 1671 Technici
588 1628 637 1668 ab
651 1627 730 1667 hoc
751 1634 901 1676 genere
921 1620 1172 1672 abjudicant:
1190 1613 1241 1657 τὰ
1254 1615 1308 1663 εἰς
1319 1605 1417 1667 Ῑν-ηξ
1435 1611 1505 1654 καὶ
1523 1604 1590 1664 ἦῆ

122 1697 417 1752 ἀποστρέφεται
445 1690 521 1746 τὴν
549 1682 603 1742 ε-ι,
641 1687 689 1730 τὸ
729 1688 772 1729 δὲ
798 1686 1006 1738 νεοπείνης
1047 1684 1189 1735 (scrib.
1219 1679 1456 1733 γεωπείνης)
1487 1675 1593 1718 σύν-

122 1772 247 1809 θετον
270 1764 434 1805 Philem.
464 1760 529 1812 38,
559 1758 623 1800 28.
655 1757 834 1805 Theogn.
865 1752 930 1804 44,
961 1751 998 1792 3.
1032 1746 1084 1790 τὰ
1113 1744 1181 1788 διὰ
1211 1737 1288 1799 W
1305 1744 1508 1798 μονογενῆ
1537 1739 1592 1796 μὴ

123 1829 320 1885 γενόμενα
361 1823 441 1867 ἀπὸ
479 1822 680 1865 ἐπιθέτων
716 1817 839 1871 κύρια
851 1819 888 1844 2⁰
917 1811 1215 1868 ἀποστρέφεται
1253 1807 1330 1865 τὴν
1358 1810 1595 1864 δίφθογγον

125 1896 328 1940 Choerob.
360 1893 452 1943 270,
484 1891 521 1933 5.
550 1890 734 1930 Zonaras
766 1897 798 1926 s.
825 1880 1077 1934 Ἀδραστίνη

235 1965 274 2009 ς.
305 1958 342 2001 6.
398 1958 545 1998 Verum
576 1956 616 1994 in
647 1954 726 1994 hoc
754 1962 925 2004 genere,
956 1946 1067 2001 quod
1095 1944 1243 1986 multas
1274 1942 1397 1983 habet.
1427 1945 1467 1982 et
1496 1951 1598 1993 pro-

125 2029 237 2081 prias
269 2035 432 2076 causas,
463 2020 758 2072 aliquantisper
784 2013 1076 2057 immorandum
1108 2014 1183 2051 est.
1229 2009 1289 2050 De
1318 2011 1492 2048 accentu
1520 2017 1599 2046 nos

130 2097 268 2135 certos
299 2089 431 2131 reddit
458 2085 658 2127 Arcadius
690 2095 727 2135 p.
753 2082 840 2124 112.
869 2077 920 2120 τὰ
946 2079 1000 2126 εἰς
1030 2068 1096 2130 W]
1125 2070 1452 2126 ὑπερδισύλλαβα
1478 2085 1599 2124 μουο-

130 2159 227 2213 γενῆ
256 2152 476 2210 βαρύνεται
504 2150 709 2202 εἰλαπίνη,
747 2147 944 2200 μυρσίνη,
981 2141 1222 2195 θριδακίνη,
1260 2135 1398 2191 ἀξίνη,
1437 2133 1601 2189 ὑσμίνη,

133 2233 305 2278 quorum
343 2220 524 2261 ultimum
566 2215 735 2267 originis
775 2214 1044 2264 enexpertae,
1083 2207 1252 2260 primum
1289 2216 1313 2244 3
1341 2201 1500 2251 λάπτω,
1540 2204 1607 2243 λα-

223 2406 284 2449 25)
310 2404 407 2440 Idem
433 2403 531 2438 affert
553 2401 751 2440 Κωλετίνης
776 2400 797 2433 i.
827 2408 859 2442 q.
887 2394 1070 2435 κωλώῃις,
1097 2396 1131 2429 ΘΙ,
1163 2393 1378 2434 σταβατῒναι
1409 2387 1608 2424 κωπεῶιές,

143 2462 236 2506 quod
259 2462 469 2502 σιαβαιίναι
494 2456 714 2493 scribendum
739 2465 759 2490 a
786 2451 937 2497 σηιβεύς
963 2448 1133 2485 nummu,
1159 2450 1193 2480 ut
1220 2445 1375 2488 videtur,
1411 2443 1612 2479 derivatum.

227 2516 286 2558 26]
314 2513 494 2557 Significat
517 2511 677 2552 Ποθεινή
705 2514 739 2547 et
766 2510 905 2545 similia.
944 2505 1043 2551 Apud
1068 2502 1302 2538 Theodosium
1332 2500 1480 2535 Gramm.
1506 2509 1539 2543 p.
1559 2498 1612 2540 66,

138 2572 193 2608 22.
222 2572 280 2614 qui
305 2569 430 2605 eadem
454 2570 566 2610 iterat,
591 2576 651 2610 pro
680 2567 794 2606 αι’τνίη
819 2562 1039 2599 scribendum
1065 2563 1117 2596 est
1143 2558 1298 2598 Λίηιίνη,
1334 2565 1395 2599 pro
1431 2553 1614 2598 ῥωδακίιή

138 2637 222 2663 Vero
251 2625 437 2669 ῥοδακίνη,
465 2623 557 2667 quod
585 2627 620 2659 el,
640 2620 850 2666 ῥωδάκινον
867 2629 895 2654 S.
923 2615 1130 2663 δωράκινον
1153 2613 1278 2648 dicitur
1303 2611 1425 2647 Galen.
1453 2609 1497 2646 de
1523 2609 1615 2643 Suc-

142 2683 209 2718 cid.
238 2693 269 2725 p.
295 2681 372 2717 737.
399 2679 436 2713 T.
465 2678 519 2713 lx.
