1747 3005
267 152 335 194 DE
366 150 491 193 NOM.
515 149 733 200 QUORUM
752 149 902 191 CHAR.
921 148 1021 191 EST
1043 149 1214 193 SIGMA.
1247 152 1289 195 C.
1309 154 1335 196 1.
1357 159 1395 204 §.
1415 156 1451 198 4.
1500 157 1593 201 '1117

119 272 210 303 vum
242 271 336 301 esse
371 259 530 308 videtur
559 271 583 300 a
611 259 727 312 φῦσα
757 258 1040 312 compositum,
1072 270 1302 312 quanquam
1318 264 1478 306 mallem
1497 267 1590 308 sim-

119 327 234 378 plex3
273 330 312 365 et
341 325 482 365 mirum
523 330 586 365 est
624 325 836 377 praeteriri
864 324 1123 365 notissimum
1147 321 1349 378 Ἰάλυσος,
1394 341 1468 381 pro
1508 342 1588 384 quo

117 396 160 431 ut
189 392 231 430 in
261 390 398 431 Schol.
430 390 599 429 Theocr.
629 389 746 430 XVII.
777 389 841 430 69.
860 385 1034 436 ’Ἀλυσος
1062 393 1280 446 successit,
1311 394 1372 434 sic
1396 394 1475 435 hoc
1493 396 1588 437 loeo

118 457 298 496 sortasse
329 453 492 505 ἒὶρυσος.
552 451 760 501 Γέυυσσος
800 465 882 494 non
920 453 1060 494 dubito
1098 456 1193 507 quin
1232 458 1285 498 sit
1322 459 1589 502 Macedoniae

119 521 336 571 Genusus,
376 521 472 560 licet
510 519 679 559 mediam
711 520 905 571 corripiat
933 520 1121 560 Lucanus
1156 522 1195 561 V.
1226 522 1319 565 5G2.
1368 525 1588 567 Consonae

115 586 343 637 geminatae
382 585 606 636 exemplum
646 585 685 624 iu
725 585 788 625 his
825 584 975 625 nullum
1017 586 1195 626 cernitur
1232 587 1306 628 sed
1345 590 1458 629 novit
1498 591 1588 632 sine

116 651 237 692 dubio
270 651 366 691 talia
394 650 594 692 Arcadius
626 661 663 701 p.
695 650 757 691 78.
787 646 836 689 τὰ
865 650 920 697 εἰς
948 648 1026 691 δύο
1055 640 1115 689 ὦ
1133 649 1449 705 παραληγόμενοε
1476 656 1534 710 τῷ
1557 660 1587 696 ῦ

113 714 486 767 προπαροξύνεται,
516 712 742 767 μέθυσσος,
771 712 1015 767 γόγγυσσος,
1047 712 1298 767 Διόνυσσος,
1330 730 1435 771 quae
1465 732 1586 772 quum

115 785 278 822 constet
308 783 437 833 sigma
463 781 634 832 simplex
662 781 826 833 habere,
855 780 1109 821 statuendum
1134 786 1198 822 est
1219 783 1422 825 excidisse
1443 797 1585 828 exem-

114 846 182 898 pla
198 847 282 886 τῶν
303 846 358 893 εἰς
379 843 456 886 δύο
472 837 525 886 ἒᾶ
545 850 586 886 ut
602 845 805 898 Λίβυσσος
821 845 1034 897 Bithyniae
1053 846 1198 887 fluvius
1219 849 1390 900 Appian.
1416 851 1505 902 Syr.
1519 852 1583 893 XI.

101 913 305 959 ’Ἀλυσσος
325 913 416 952 sons
438 911 639 951 Arcadiae
649 911 768 951 Paus.
782 922 870 951 cuin
888 923 934 951 ea
953 917 1068 963 parte
1083 912 1262 966 regulae,
1280 914 1330 954 ad
1345 926 1463 966 quam
1480 928 1584 968 quae

112 980 277 1016 servata
305 980 400 1016 sunt
437 977 650 1027 pertinent.
700 977 801 1016 Sunt
829 981 961 1017 autern
992 977 1114 1017 inuita
1144 978 1194 1017 ab
1225 982 1399 1030 utroque
1431 981 1585 1022 omissa

100 1037 278 1093 ’Έβυσος
295 1041 430 1081 insula
450 1053 553 1093 quae
576 1038 996 1093 θῖ’Έβεσος,’Έβοσος,
1009 1038 1211 1093 Ἑβουσος
1231 1043 1378 1083 dicitur
1398 1048 1436 1084 et
1457 1045 1583 1088 latine

109 1107 274 1147 Ebusus
310 1106 443 1147 media
478 1105 598 1147 modo
639 1106 840 1157 producta
876 1106 997 1147 niodo
1037 1112 1229 1158 correpta
1265 1120 1300 1148 v.
1330 1109 1500 1162 Interpr.
1532 1111 1583 1152 ad

111 1172 181 1212 Sil.
211 1172 274 1213 111.
306 1172 396 1213 362.
427 1171 649 1212 Bernhard.
673 1171 723 1212 ad
750 1173 867 1212 Dion.
888 1172 980 1213 457.
1000 1168 1208 1224 ’Ὀργυσος
1237 1173 1325 1213 sive
1343 1170 1583 1226 Ὄργυσσον

107 1238 250 1288 Polyb.
291 1238 334 1277 V.
367 1237 456 1289 108,
486 1237 523 1278 8.
565 1237 778 1278 castellum
816 1237 1083 1277 Macedoniae
1123 1236 1233 1288 quod
1270 1238 1517 1290 interpretes
1557 1252 1580 1282 a

106 1303 220 1343 Livio
253 1301 475 1352 Orgessum
505 1300 584 1341 dici
613 1306 769 1354 putant,
799 1302 988 1342 Valesius
1011 1304 1145 1341 autem
1168 1301 1218 1341 ad
1238 1302 1435 1354 Harpocr.
1456 1315 1494 1355 p.
1515 1305 1578 1347 76.

106 1367 212 1408 hunc
246 1363 461 1418 Ἐργίσκην
499 1366 728 1417 significare
759 1366 951 1418 affirmat,
992 1361 1178 1419 Ἰήνυσος
1208 1367 1352 1417 Syriae
1386 1368 1579 1420 oppidum

104 1431 253 1473 Herod.
272 1428 458 1478 ’'Avvoog
487 1430 680 1472 Sidonius
711 1431 858 1472 Herod.
891 1431 970 1472 VII.
1000 1430 1064 1472 97.
1097 1428 1296 1483 Λάμυσος
1332 1433 1449 1484 gigas
1486 1434 1581 1475 Pto-

106 1497 194 1538 lcni.
223 1494 590 1548 Hepl1.’‘A960609
626 1507 698 1536 rex
735 1496 937 1547 Lydorum
979 1496 1124 1547 Georg.
1165 1498 1286 1548 Sync.
1326 1510 1363 1550 p.
1401 1498 1493 1540 239.
1531 1500 1578 1541 D.

106 1574 223 1614 quern
262 1562 404 1604 Graeci
435 1568 626 1602 auctores
646 1559 810 1611 ’Ἄρδυν
840 1567 1012 1614 vocant,
1051 1559 1245 1615 Εὕρυσος
1280 1562 1578 1618 Pythagoreus,

105 1639 179 1679 pro
211 1639 290 1679 quo
322 1628 473 1668 rectius
503 1627 678 1677 Eurytus
710 1627 902 1666 scribitur
932 1639 968 1667 V.
996 1627 1167 1668 Heeren.
1198 1628 1246 1668 de
1269 1629 1427 1670 Fontib.
1459 1630 1575 1671 Stob.

104 1704 141 1744 p.
176 1693 262 1734 197.
288 1687 545 1744 Ἀμᾳίλυσος
582 1692 689 1731 fluvii
719 1702 869 1731 nomen
902 1691 1081 1743 Euphor.
1110 1694 1190 1734 VII.
1221 1693 1285 1734 (32.
1324 1696 1440 1745 cujus
1471 1706 1576 1746 pen-

103 1758 243 1798 ultima
281 1758 438 1808 brevis,
481 1758 595 1808 origo
636 1758 789 1797 incerta
820 1760 894 1797 cst.
951 1757 1166 1799 Postremo
1206 1755 1425 1811 Δόρυσσος
1451 1760 1576 1814 Laco,

104 1823 212 1875 quod
241 1824 440 1863 incertum
470 1827 601 1862 utrum
633 1833 706 1873 pro
738 1817 966 1872 δορυσσόος
993 1828 1202 1874 receptum
1233 1835 1284 1864 an
1313 1836 1337 1865 a
1362 1825 1488 1866 verbo
1510 1826 1575 1867 ὅο-

103 1886 243 1939 ρύσσω
275 1890 328 1939 (ν.
359 1888 467 1927 Diss.
502 1887 549 1927 de
580 1888 709 1937 verb.)
742 1892 781 1927 ut
813 1887 862 1927 ab
893 1884 1036 1927 ἕλίσσω
1060 1884 1246 1935 Ἐλισσός
1274 1889 1381 1930 ssuvii
1412 1902 1571 1932 nomen.

102 1954 307 1994 Feminina
337 1957 431 1993 sunt
461 1949 630 2003 ἅφυσσα
661 1949 683 2004 ἢ
711 1949 863 2005 κοτύλη
888 1953 982 1994 Hes.
1006 1965 1028 1993 a
1053 1954 1179 1994 verbo
1205 1953 1366 1995 ductum
1387 1960 1430 1996 ut
1445 1952 1573 1997 Ἑλίσ-

102 2028 188 2059 σων
235 2015 260 2071 ἢ
296 2015 466 2058 ’Έλισσα
505 2015 527 2058 ὁ
564 2015 746 2070 ποταμός
788 2018 920 2059 Strab.
953 2023 991 2059 et
1022 2014 1276 2071 ἀμφιέλισσα,
1317 2031 1341 2059 a
1377 2017 1572 2071 γλαὺσσω

100 2080 308 2137 γλαυσσόν
335 2080 382 2122 τὸ
411 2081 599 2136 λαμπρὸν
627 2085 721 2124 Hes.
762 2088 801 2124 et
837 2081 1029 2124 πτέυυσσα
1056 2081 1212 2137 τροφός
1239 2081 1446 2137 ἀναδέσμη
1476 2086 1570 2127 Hes.

101 2149 210 2202 quod
256 2159 344 2189 cum
382 2150 512 2203 πῆνος
547 2150 698 2202 πηνίκη
741 2154 958 2200 cognatum
996 2150 1173 2202 videtur,
1220 2161 1268 2190 ac
1304 2161 1379 2202 pro
1416 2149 1573 2204 τροφός

101 2216 282 2255 fortasse
317 2212 497 2268 στρόφος
533 2220 729 2267 struppus
772 2215 1042 2257 scribendum.
1101 2215 1181 2256 Sed
1211 2226 1285 2266 pro
1317 2212 1516 2267 Δόρυσσα
1542 2232 1570 2271 η

101 2276 245 2331 Σάμος
261 2279 308 2320 Η.
333 2281 565 2333 Stephanus
588 2281 816 2332 Δρυοῦσσα
845 2281 1011 2332 corrigit
1038 2284 1080 2320 ut
1101 2281 1195 2321 alibi
1219 2280 1375 2333 dicitur,
1400 2282 1571 2334 Donysa

101 2346 188 2386 sive
226 2345 419 2396 Donyssa
453 2347 612 2387 insulae
650 2358 799 2387 nornen
836 2347 878 2387 in
909 2346 1024 2388 codd.
1052 2357 1126 2397 pro
1158 2346 1327 2386 Donusa
1354 2347 1570 2388 Δονουσία

101 2411 306 2463 scriptum,
321 2409 356 2435 ¹⁷
393 2410 444 2451 ad
483 2400 660 2454 ultimum
693 2408 855 2466 Ἀρύση
893 2413 1009 2453 navis
1046 2413 1087 2452 in
1124 2412 1250 2451 Inscr.
1290 2411 1407 2452 Naut.
1438 2413 1500 2453 IV.
1530 2413 1566 2455 d.

191 2519 248 2560 17)
275 2518 421 2553 Veteres
447 2529 489 2554 ex
512 2521 680 2552 Διονυσία
707 2520 831 2555 facturn
857 2521 973 2555 volunt
997 2523 1032 2554 ut
1051 2519 1249 2555 Boeckhius
1275 2517 1365 2551 θεὸν
1383 2518 1568 2557 Ζόνιύξυιν

100 2576 134 2607 in
158 2573 264 2607 Inscr.
301 2573 408 2616 Mityl.
442 2584 474 2608 n.
502 2575 602 2610 2167.
636 2575 813 2608 Διόνυσον
845 2578 1107 2619 interpretatur,
1143 2575 1197 2609 vel
1233 2584 1400 2618 oppresso
1435 2577 1505 2610 iota
1532 2581 1565 2611 ut

101 2627 239 2670 σωπᾷν,
265 2627 461 2670 adeso-mu,
485 2629 625 2673 χλαρόν
649 2630 749 2674 παρὰ
774 2630 812 2663 ’τὸ
839 2629 992 2674 χλιαρόν
1015 2630 1131 2664 Schol.
1158 2629 1255 2664 Piud.
1280 2630 1316 2664 P.
1345 2629 1400 2664 IX.
1428 2631 1482 2667 66.
1509 2632 1564 2667 vel

100 2693 169 2718 una·
191 2692 268 2716 cum
294 2683 386 2718 delta
408 2685 443 2716 in
468 2688 545 2719 zeta
569 2689 695 2720 mutato
722 2689 757 2720 ut
782 2684 821 2724 ξιξ
846 2695 905 2728 pro
933 2683 994 2718 dm?
1023 2688 1087 2719 etr.

147 2749 285 2781 Lobpck.
313 2751 491 2789 Pulliolog.
1235 2741 1287 2782 27
