1747 3005
170 158 237 199 DE
258 156 382 199 NOM.
406 155 623 205 QUORUM
644 154 793 197 CHAR.
813 153 912 195 EST
933 152 1207 194 DENTALIS.
1238 153 1279 194 C.
1301 154 1363 194 111.
1389 159 1426 202 ὃ.
1451 155 1483 196 1.
1523 154 1605 198 361

143 267 316 318 chylium
345 267 543 306 incertum
574 267 689 315 cujus
720 263 894 315 generis,
923 258 1094 314 λάβυζος
1124 272 1264 302 aroma
1285 262 1500 316 persicum,
1529 261 1612 316 μώ-

142 335 240 382 λυζα
269 328 473 382 σκορόδου
502 327 658 382 κεφαλὴ
688 325 907 382 βωλοειδὴς
935 325 1005 367 καὶ
1032 323 1086 379 μὴ
1116 324 1378 380 διαλελυμένη
1407 328 1462 376 εἰς
1503 324 1611 381 ἄγλι-

141 401 243 447 θας,
280 397 463 437 Erotiau.
505 397 572 447 qui
609 405 756 435 nomen
794 394 872 433 hoe
913 392 962 432 ad
1000 392 1130 444 βῶλος
1167 394 1321 433 referre
1350 394 1508 435 videtur
1538 395 1611 436 sed

143 463 320 505 Galenus
352 461 461 501 addit
491 461 710 501 nonnullos
741 471 814 512 pro
846 459 955 509 moly
983 458 1182 508 accipere.
1222 458 1323 498 Huio
1354 463 1611 510 conjunctis-

143 530 286 570 simum
317 532 380 567 eSt
409 524 566 578 μάνυζα
595 523 797 575 σκόροδον
825 521 1107 575 μονοκέφαλον
1129 523 1223 564 Hes.
1243 520 1399 574 ’Όρυζα
1420 526 1458 563 in
1481 524 1610 565 Grae-

143 595 206 634 cia
237 594 479 645 hospitatur,
509 602 585 631 neo
615 591 791 642 indigeni
822 589 950 630 simile
981 585 1131 640 ὅβρυζα
1164 589 1352 641 obrussa,
1384 589 1491 640 quod
1515 590 1610 630 Sal-

142 659 296 699 masius
334 669 357 697 a
392 655 531 709 βρύειν
569 657 655 696 sive
695 653 876 707 βρύζειν,
917 649 1176 706 ἀυαβλύζειν,
1224 666 1424 705 spumare
1464 655 1611 706 repetit

142 724 269 764 Plinn.
301 722 391 763 760.
423 723 467 762 l).
498 723 654 771 Menag.
684 722 724 760 in
755 720 862 771 Orig.
896 719 993 760 Gall.
1025 731 1056 759 s,
1086 718 1255 771 BrMer,
1287 719 1358 759 sed
1396 717 1549 769 κόνυζα
1587 731 1611 760 a

142 786 277 837 κνύζω
322 792 453 827 ortum
495 787 644 826 habere
682 785 840 825 videtur
879 797 913 825 v,
954 784 1098 825 Parall.
1138 784 1230 825 406.
1278 781 1447 836 Κόρυζα
1473 782 1611 832 πάθος

143 852 233 905 περὶ
263 849 446 904 κεφαλήν
472 851 771 902 Lexioographi
801 850 850 890 ad
880 847 1008 902 κόρση
1039 851 1231 891 referunt.
1288 847 1503 900 Λακέρυζα
1520 852 1611 902 epi-

144 920 286 959 theton
317 918 429 957 eanis
462 922 501 956 et
531 917 708 956 cornicis
739 927 763 955 a
792 915 917 955 verbo
948 917 1086 955 λακεῖν
1124 915 1286 955 occulto
1318 915 1492 967 quodam
1525 920 1612 956 tra-

143 985 238 1025 mite
269 982 483 1023 deductum
516 983 703 1033 ορίηοτ.2
761 982 820 1021 De
850 982 1082 1032 composito
1114 977 1268 1033 ἅφυζος
1300 986 1334 1021 et
1358 978 1495 1033 ἄφυζα
1522 981 1610 1022 dis-

145 1050 255 1091 serui
294 1050 335 1088 in
374 1047 520 1087 Parall.
560 1047 651 1087 464.
712 1046 959 1098 Diphthongi
1000 1051 1039 1085 et
1076 1046 1400 1097 monophthongi
1446 1047 1486 1086 in
1533 1047 1612 1086 hoo

143 1125 293 1167 genere
322 1112 614 1153 vocabulorum
646 1112 779 1151 nullae
808 1111 1078 1163 inveniuntur,
1108 1110 1298 1162 quodque
1323 1100 1611 1162 Theognostus

145 1191 184 1232 p.
218 1179 306 1220 100.
338 1178 386 1218 de
418 1178 618 1217 femininis
649 1177 744 1217 dicit
772 1174 906 1223 τὰείς
936 1174 963 1216 ἆ
991 1172 1319 1228 ὑπερδισύλλαβα
1347 1173 1490 1228 ἔχοντα
1531 1189 1612 1228 προ

145 1246 221 1285 τοῦ
251 1240 278 1283 οἳ
307 1244 481 1283 διπλοῦν
511 1239 588 1282 οὐκ
619 1238 701 1282 οἶὸε
730 1238 806 1294 τὴν
836 1234 882 1281 (ἶ
904 1238 1001 1282 οὐδὲ
1027 1238 1073 1280 τὸ
1104 1243 1131 1293 ῆ
1158 1239 1226 1280 καὶ
1258 1244 1304 1291 ὦ,
1345 1238 1446 1282 ἀλλὰ
1484 1239 1615 1294 μόνον

144 1307 191 1350 τὸ
219 1311 240 1349 ῖ
270 1307 339 1349 καὶ
367 1312 409 1358 ὖ,
440 1306 622 1358 Δούριζα
639 1308 770 1359 λίμνη,
805 1306 1005 1357 Τυρόδιζα
1024 1303 1150 1356 πόλις,
1170 1306 1276 1346 valet
1298 1307 1338 1346 in
1368 1308 1613 1359 universum,

146 1375 332 1426 exceptis
381 1373 612 1413 nominibus
660 1373 847 1412 barbaris
896 1378 938 1411 ut
971 1369 1155 1423 Ὀροίζης
1192 1372 1365 1422 Appian.
1406 1371 1538 1412 Mithr.
1578 1382 1612 1412 c.

147 1441 244 1482 CIII.
282 1439 520 1489 urbiumque
558 1441 787 1477 exterarum
825 1437 1038 1477 vocabulis
1080 1441 1124 1476 ut
1165 1436 1401 1487 Θελαμοῦζα
1437 1435 1615 1476 Arabiae

149 1505 288 1557 Steph.
319 1509 358 1544 et
389 1503 551 1543 diverso
582 1507 753 1542 accentu
785 1499 1000 1551 Κάττουζα
1030 1502 1226 1541 Thraciae
1251 1501 1390 1552 Steph.
1424 1498 1616 1549 Πὲπουζα

146 1571 346 1620 Phrygiae
374 1569 697 1621 Pepuzianorum
727 1568 888 1607 haeresi
917 1567 1143 1607 nobilitata.
1204 1565 1285 1606 Sed
1301 1566 1450 1615 τοῶζος
1468 1565 1615 1606 Arcad.

149 1634 246 1677 48³
275 1633 453 1674 remedio
485 1637 589 1685 eget,
620 1632 729 1684 quod
759 1632 845 1673 dies
877 1636 940 1673 est
968 1632 1152 1671 allatura.

757 1761 897 1801 CAP.
944 1760 1017 1800 III.

622 1867 668 1908 D
713 1879 737 1907 e
827 1868 842 1907 l
884 1865 913 1907 Ιι
959 1878 983 1907 e
1028 1868 1045 1907 t
1087 1878 1130 1906 a.

264 1989 302 2032 §.
335 1984 369 2025 1.
425 1982 621 2034 Exempla
651 1983 804 2035 primae
835 1980 1117 2022 declinationis
1143 1980 1336 2031 pleraque
1361 1979 1619 2020 eontinentur

153 2050 294 2102 regula
330 2049 466 2089 tonica
497 2048 626 2089 Cram.
658 2048 684 2088 l.
715 2048 806 2089 445.
836 2044 886 2087 τὰ
915 2047 970 2094 εἰς
999 2049 1105 2093 αθος
1132 2046 1335 2098 μονογενῆ
1364 2041 1621 2098 προπαροξύ-

247 2236 283 2278 2)
310 2234 409 2275 Quod
442 2234 582 2276 Satyrus
615 2231 702 2269 θεός
735 2233 924 2276 λακίρυζος
959 2231 1082 2265 dicitur
1115 2230 1216 2267 Anth.
1253 2230 1308 2264 IX.
1336 2230 1412 2266 317.
1441 2230 1623 2273 loquacem

158 2291 433 2332 interpretantur,
459 2289 521 2324 sed
550 2299 667 2332 parum
693 2290 854 2323 convenit
881 2291 914 2322 et
939 2297 1028 2330 quae
1054 2288 1087 2319 in
1117 2285 1217 2319 codd.
1245 2287 1372 2328 scripta
1407 2289 1485 2319 sunt
1519 2284 1624 2318 λακά-

161 2346 263 2387 ρυζος
285 2347 320 2378 et
343 2342 546 2387 λακόπυγος
572 2344 638 2377 alio
665 2343 818 2378 tendunt.
866 2344 1049 2386 ,fflum'Qirg‘u
1076 2351 1152 2375 cum
1175 2340 1326 2384 λακερός
1349 2341 1485 2376 εἰκαῖος
1512 2344 1546 2375 et
1565 2340 1624 2372 λα-

160 2399 348 2442 κερολογία
377 2390 522 2433 conferri
548 2402 674 2442 potest.

252 2464 286 2505 3]
314 2463 362 2496 Ex
389 2469 533 2507 quatuor
558 2475 646 2508 quae
673 2464 769 2498 atl'ert
800 2464 880 2501 ἵζος,
907 2462 1042 2505 ῥοῖζος,
1068 2461 1210 2502 tufi-sog,
1238 2461 1384 2501 τοῶζος,
1414 2461 1557 2504 primum
1594 2462 1627 2494 in

164 2516 241 2555 ὄζος
267 2518 462 2552 imitandum
488 2529 531 2553 ex
557 2519 666 2552 Cram.
696 2519 719 2553 l.
746 2518 822 2553 443.
851 2519 984 2553 tertium
1012 2519 1043 2550 in
1070 2519 1208 2560 Ἰ’ρι’ζος,
1235 2515 1326 2559 quod
1361 2515 1450 2559 apud
1475 2515 1629 2558 Stepha-

167 2581 246 2604 num
273 2577 442 2614 oxytonon
468 2577 520 2608 est
544 2577 580 2606 ut
602 2573 714 2612 Augv'g
739 2577 772 2608 et
798 2573 865 2606 alia
890 2573 1067 2615 gentilicia
1092 2581 1123 2603 v.
1151 2572 1337 2613 Goettling.
1366 2571 1409 2605 de
1435 2570 1519 2603 Ace.
1551 2569 1629 2605 218.

169 2626 232 2659 Pro
258 2627 376 2660 ultimo
405 2628 482 2661 cod.
509 2628 613 2662 Havn.
642 2629 771 2672 τρῶζος
798 2627 952 2670 praebet,
981 2637 999 2661 a
1027 2636 1094 2669 quo
1119 2625 1269 2666 τόπαζος
1287 2629 1322 2661 et
1342 2628 1470 2667 cetera,
1487 2633 1630 2668 quorum

165 2682 361 2716 memoriam
387 2687 604 2726 praesentem
629 2683 754 2725 habeo,
783 2683 909 2717 distant
934 2683 1081 2725 longius.
