1731 3021
108 169 201 214 1192
571 164 1004 207 DISSERTATIO
1066 165 1129 206 xl.

109 282 222 320 serta
250 275 410 317 videtur
438 275 592 316 nomini
630 274 815 315 aviculae
851 273 1076 327 λαγωδίας,
1117 274 1197 314 nisi
1234 272 1437 327 λαγῳὸίας
1477 272 1586 312 scri—

109 342 284 386 bendum
314 346 380 383 est.
408 345 600 393 tanquam
640 352 663 381 a
702 340 950 381 deminutivo
989 336 1197 395 λαγῴδιον
1237 345 1277 379 ut
1309 350 1332 379 a
1361 334 1587 390 καχρύδιον

109 407 354 461 καχρυδίας,
395 406 461 447 vel
499 406 638 459 potius
676 405 885 458 λαγωπίας
922 405 1078 457 leporis
1117 404 1261 445 similis
1292 408 1335 445 ut
1366 403 1587 456 Γραωπίας

109 475 231 530 γραίᾳ
259 469 446 527 ἐμφερής,
477 472 720 520 Λευκωπίας
747 467 893 518 λευκὸς
912 465 1103 523 ὀφθῆναι
1131 469 1308 521 Hesych.
1338 475 1412 511 etc.
1465 471 1586 509 Κακ-

109 540 251 595 χαὸίας
288 536 548 592 ἰσχνόφωνος
584 539 681 579 Hes.
723 541 836 578 certe
882 536 1051 576 verbum
1089 535 1213 576 habet
1249 535 1291 575 in
1329 526 1381 585 ξὼ
1422 535 1586 586 exien53

108 606 336 661 θηλυδρίας
365 604 593 657 exemplum
625 604 743 657 sequi
771 602 928 642 videtur
966 601 1306 642 deminutivorum
1342 597 1586 654 τειχύδριον,

110 670 329 727 ξιφύδριον
357 676 433 712 etc.
464 669 538 712 sed
565 669 830 722 καλαμαδίας,
861 667 972 720 quod
1000 667 1152 708 nullam
1180 667 1489 708 excusationem
1509 666 1588 708 ha-

109 740 200 793 bet,
240 738 425 780 codicum
457 748 535 790 ope
567 737 771 778 sublatum
802 738 887 785 est3
926 744 1003 774 nec
1040 744 1165 786 porro
1204 733 1399 774 sustineri
1437 733 1589 785 poterit

110 805 352 858 κριμματίας
381 799 538 855 (ἄρτος)
567 802 660 842 Atii.
690 801 754 842 ΙΙΙ.
788 799 877 842 112.
909 800 952 840 B.
985 811 1065 852 quo
1096 810 1181 840 non
1209 799 1353 839 melius
1384 803 1447 840 est
1477 798 1588 851 quod

112 869 528 921 Schweighaueserus
565 867 700 908 intulit
737 865 986 918 κριμνατίας.
1044 864 1089 906 Id
1127 865 1233 906 enirn
1271 864 1480 917 κριμνίτης
1522 863 1588 905 di-

111 934 281 977 cendum
313 938 421 985 erat3
453 933 525 974 sed
557 944 608 974 ex
636 932 698 973 his
732 944 837 985 quae
867 930 1115 972 antecedunt
1133 927 1391 983 τετριμμένος
1419 923 1465 970 εὖ
1482 925 1588 970 κατὰ

111 1005 224 1054 χεῖρα
266 999 470 1052 colligitur
507 999 619 1040 illum
655 998 894 1051 τριμματίας
932 997 1178 1049 scripsisse,
1210 995 1320 1048 quod
1349 1006 1434 1036 non
1462 1006 1588 1048 repe-

110 1068 211 1108 ritur
241 1067 434 1118 fortasse,
465 1064 539 1106 sed
576 1066 727 1117 τρίμμα
765 1068 931 1105 constat
972 1073 1102 1115 genus
1142 1062 1260 1114 panis
1300 1061 1401 1113 dici3
1442 1066 1483 1102 et
1523 1064 1588 1102 est

110 1134 212 1175 haec
241 1132 509 1173 usitatissima
536 1136 775 1172 neutrorum
804 1131 846 1170 in
874 1120 931 1183 μῖι
961 1129 1193 1170 exeuntium
1223 1137 1434 1180 paragoge
1453 1141 1589 1179 χωμα-

107 1198 207 1249 τίας,
236 1199 496 1251 τραυματίας,
526 1197 760 1250 χασματίας,
791 1195 1037 1248 σπερματίας
1067 1194 1197 1235 etc.1⁰
1226 1204 1398 1245 quorum
1429 1192 1589 1234 crebri-

110 1270 174 1306 tas
205 1264 336 1305 effecit
374 1267 418 1305 ut
454 1264 505 1304 ab
544 1262 822 1304 indeclinabili
857 1259 998 1302 κόππα
1036 1260 1309 1301 declinaretur
1348 1258 1588 1306 κοππατίας.

109 1331 189 1372 Pro
229 1326 386 1382 ὀξερίας
420 1324 545 1380 τυρὸς
577 1324 736 1380 ἀχρεῖος
772 1328 867 1369 Hes.
906 1327 1007 1368 Poll.
1049 1326 1228 1365 fortasse
1274 1319 1439 1377 ὀξηρίας
1478 1325 1588 1365 sori-

109 1395 285 1438 bendum
315 1395 365 1436 ab
397 1390 553 1447 ὀξηρός.
614 1393 821 1445 Syllabice
849 1392 1056 1433 abundant
1086 1389 1268 1436 σπανίας
1298 1394 1338 1430 et
1367 1389 1588 1440 κριθανίας

109 1458 240 1514 πυρός
281 1461 431 1502 collata
467 1472 558 1502 cum
604 1460 694 1500 aliis
735 1459 923 1500 frumenti
963 1455 1308 1509 appellationibus
1355 1455 1586 1508 στραγγίας,

109 1527 356 1581 προκωνίας,
388 1524 642 1577 δρακοντίας,
673 1535 904 1576 nomenque
932 1523 1253 1563 illustrissimum
1285 1520 1491 1574 Τειρεσίας
1509 1532 1585 1573 pro

117 1592 276 1645 Τειρίας
302 1591 344 1632 id
374 1595 438 1632 est
468 1591 677 1642 signorum
705 1590 1026 1642 (portentorum)
1057 1589 1261 1639 interpres
1293 1598 1316 1626 a
1344 1589 1474 1639 τεῖρος
1502 1587 1528 1627 i.
1548 1597 1587 1639 q.

109 1656 226 1710 τέρας
263 1657 299 1698 si
335 1660 499 1697 veteres
543 1655 781 1696 adhibemus
821 1659 1036 1706 auctores,
1076 1658 1119 1693 ut
1160 1664 1184 1693 a
1221 1652 1376 1704 στῆθος
1415 1654 1589 1706 στηθίας

110 1722 223 1777 ὄρνις
258 1723 354 1764 Hes.
418 1721 614 1762 Defectus
662 1732 761 1761 vero
802 1720 984 1773 speciem
1029 1718 1199 1771 praebet
1230 1712 1432 1770 Ἀμεινίας
1475 1715 1588 1772 παρὰ

109 1787 156 1833 τὸ
186 1787 364 1843 ἀμείνων
389 1783 638 1840 Ἀμεινονίας
666 1787 799 1828 EM.1¹
841 1786 1003 1839 quicum
1031 1783 1264 1825 Boeckhius
1302 1783 1353 1825 ad
1393 1784 1518 1826 Inscr.
1548 1796 1586 1826 n.

110 1856 203 1900 560.
232 1850 456 1907 Μειζιάδης
486 1857 710 1906 comparat,
740 1864 817 1893 nec
847 1852 1055 1903 discrepat
1075 1845 1280 1904 βελτιότης
1298 1861 1334 1890 ν.
1355 1849 1502 1891 Parall.
1521 1850 1586 1892 48.

219 1936 258 1981 §.
296 1931 333 1973 3.
393 1931 568 1972 Nomina
604 1930 756 1971 haecce
793 1930 1061 1970 Buttmannus
1098 1927 1139 1967 in
1178 1926 1350 1968 Gramm.
1385 1931 1423 1974 §.
1454 1925 1519 1979 63,
1548 1925 1587 1968 8.

110 1999 315 2051 adjectiva
342 2001 486 2049 vocat,
527 1997 622 2049 quia
651 2007 779 2049 saepe
809 1994 1078 2036 substantivis
1110 1993 1302 2045 adJuncta
1329 1993 1589 2044 reperiuntur

109 2064 279 2117 τροπίας
313 2058 425 2110 οἶνος
463 2068 538 2104 etc.
610 2062 690 2103 Sed
726 2067 916 2113 quantum
947 2060 1078 2101 differt
1109 2059 1285 2111 optimus
1316 2058 1366 2098 ab
1399 2058 1589 2110 optimas,

110 2127 274 2182 ἄριστος
313 2129 363 2170 ab
406 2124 613 2180 ἀριστεύς,
656 2131 808 2167 tantum
844 2127 1018 2166 interest
1057 2126 1163 2165 inter
1192 2120 1323 2176 ὠχρός
1353 2130 1393 2164 et
1422 2120 1586 2176 ὠχρίας,

110 2193 268 2250 πυῤῥός
299 2200 338 2237 et
367 2193 556 2247 πυῤῥίας,
584 2192 720 2240 πελίας
747 2192 851 2233 asini
871 2191 1082 2244 epitheton
1110 2190 1196 2231 EM.
1221 2190 1314 2244 659,
1332 2189 1397 2232 88.
1431 2191 1588 2244 virique

113 2383 194 2417 διον
225 2382 473 2418 substantivum
507 2384 561 2417 est
593 2379 840 2416 deminutivum
875 2379 916 2414 ab
952 2376 1129 2415 ἅποσπιὶς.
1189 2379 1308 2414 Tutius
1343 2378 1465 2413 fuerit:
1502 2378 1587 2420 νύμ-

112 2450 251 2483 ᾳευσας
275 2437 542 2483 (ἐνύμφευσας)
567 2436 741 2480 λειμῶνος
765 2433 963 2469 ἀποσπάδα
989 2435 1050 2467 καὶ
1073 2453 1118 2460 ·—-
1141 2435 1292 2479 ἤγαγες,
1320 2444 1397 2468 nam
1423 2429 1443 2475 ἦ
1470 2438 1506 2470 et
1528 2425 1598 2466 W

112 2504 219 2539 saepe
244 2498 490 2538 permutantur.
533 2490 793 2535 ὀρθοστάδιος
819 2491 947 2526 certius
973 2494 1025 2525 est
1050 2500 1152 2534 quam
1177 2489 1434 2533 ὂρῧοσταδίας.

203 2550 260 2593 10)
286 2550 315 2583 Α
339 2549 541 2584 masculinis
566 2538 694 2591 in'ffi
718 2547 917 2590 stalagmias
942 2545 1027 2580 Plin.
1056 2549 1091 2582 et
1116 2547 1282 2580 novitium
1309 2543 1543 2587 βδελυγμίας.

202 2604 259 2647 11)
287 2604 385 2646 Quod
412 2604 509 2639 addit
534 2600 551 2645 ἢ
577 2602 677 2647 παρὰ
704 2601 742 2636 τὸ
766 2603 865 2645 μένω
891 2602 1028 2638 ,Πενίας
1053 2601 1116 2634 καὶ
1137 2602 1328 2645 Ἀμεινίας,
1356 2600 1504 2634 sortasse
1528 2598 1588 2632 ni-

114 2659 193 2692 titur
219 2659 450 2703 dittographia
474 2661 625 2696 ‚tlecm'us
648 2657 750 2694 Diod.
778 2656 852 2693 XII.
879 2657 933 2694 72.
963 2656 1026 2693 sed
1062 2657 1121 2693 ille
1155 2657 1200 2693 de
1237 2655 1340 2701 alpha
1370 2654 1588 2699 pleonastico

114 2714 287 2758 cogitasse
310 2715 456 2752 videtur.
