1747 3005
164 151 233 192 DE
254 149 379 192 NOM.
401 148 619 199 QUORUM
642 149 791 191 CHAR.
809 148 909 190 EST
927 147 1202 190 DENTALIS.
1231 148 1273 190 C.
1297 151 1359 191 IV.
1385 156 1423 199 §.
1440 152 1475 193 1.
1512 154 1603 198 369

131 259 304 300 tliiadem
347 259 522 311 puellam
562 260 603 300 in
639 258 850 299 mustelam
888 261 1081 298 mutatam
1120 258 1276 312 serunt,
1319 263 1536 304 manifesto
1578 277 1602 306 a

127 326 230 378 γαλῆ
270 325 515 366 derivarunt.
592 325 733 377 Neque
778 323 1130 375 praetermittenda
1169 325 1273 365 duco
1319 321 1520 376 ὑάκινθος
1564 337 1602 372 et

128 392 384 443 vaccc'm'mn7
433 402 603 442 quorum
647 390 835 441 cognatio
869 391 953 440 jam
991 400 1015 429 a
1047 389 1136 430 Ger.
1167 391 1318 432 Vossio
1357 397 1395 432 et
1429 394 1599 436 Martino

128 455 413 497 animadversa
444 460 519 495 est.
579 455 628 496 Et
659 466 732 507 pro
765 455 894 495 altera
922 454 1055 494 vocali
1085 456 1247 496 afferam
1276 453 1484 509 βόλυνθος
1513 462 1600 503 sive

125 519 356 575 βόλυνθου,
397 521 506 573 quod
545 521 649 561 idem
689 520 795 560 valet
834 525 953 571 atque
989 517 1179 572 βόλβιτον
1217 524 1528 572 ejectamentum
1560 532 1600 568 et

127 588 177 628 ab
210 588 353 629 eodem
381 585 503 640 βόλος
530 587 692 627 ductum
725 590 798 639 est,
835 582 1019 637 κόρυθος
1047 587 1134 626 avis
1163 587 1350 638 galeatae
1380 599 1528 631 nomen
1559 596 1600 632 et

125 650 335 704 κόρυνθος
361 649 604 703 ἀλεκτρυών.
662 652 788 692 Multa
828 663 901 704 pro
939 651 1169 704 desperatis
1208 653 1473 705 relinquenda
1503 662 1598 697 sunt

124 720 336 770 utriusque
366 718 522 758 vocalis
554 717 760 770 exempla,
793 713 1023 769 ἀσάμινθος
1052 730 1132 770 quo
1163 729 1246 758 non
1275 719 1407 760 solum
1440 720 1598 762 labrum

124 784 198 825 sed
229 785 346 824 etiam
380 785 484 823 cista
521 787 561 823 et
598 783 680 821 πᾶν
719 779 764 822 τὸ
803 785 944 822 κοῖλον
979 784 1249 834 significatur,
1288 781 1483 837 βόλινθος
1516 786 1598 827 bo-

125 861 252 890 nasus
287 854 326 889 et
363 847 642 901 λαβύρινθος,
680 859 784 899 quae
822 859 871 888 ne
901 860 1050 899 graeca
1080 849 1239 901 quidem
1279 855 1517 903 censentur,
1557 855 1598 892 et

121 916 294 955 maxime
325 915 491 967 propria
519 911 751 965 Κόρινθος,
788 911 1014 964 Πέρινθος,
1048 902 1263 967 Σύρινθος
1293 916 1458 967 Cretae,
1498 913 1596 956 Πύ-

119 982 266 1031 ρινθος
296 980 440 1020 Cariae
468 980 606 1031 Steph.
650 975 930 1031 Πρεπέσινθος
968 980 1032 1020 vel
1069 977 1116 1020 τὸ
1150 978 1436 1031 Πρεπὲσινθον
1461 981 1596 1022 insula

123 1045 258 1086 Schol.
298 1046 414 1085 Dion.
449 1045 537 1085 132.
585 1041 799 1092 Πάλινθος
836 1045 952 1085 locus
988 1045 1027 1085 in
1068 1046 1157 1086 soro
1187 1047 1427 1096 Argivorum
1460 1047 1593 1088 Strab.

122 1110 220 1150 VIII.
263 1110 354 1151 371.
390 1105 651 1162 Ἀμάρυνθος
691 1112 806 1151 vicus
845 1111 1039 1150 Euboeae
1082 1115 1121 1150 et
1160 1108 1411 1158 Κόσκυνθος
1448 1111 1592 1152 fluvius

124 1181 244 1228 alque
274 1171 531 1229 Ἀράκυνθος
560 1187 677 1216 mons
709 1175 903 1227 ejusdem,
937 1172 1158 1221 Ζάκυνθος
1182 1175 1311 1216 insula
1344 1181 1417 1215 etc.

726 1306 865 1345 (fill).
911 1305 975 1346 lv.

646 1399 688 1440 Ι)
742 1412 765 1439 e
869 1402 885 1439 l
938 1412 965 1439 a
1020 1412 1064 1439 71.

229 1510 267 1554 §.
300 1505 334 1546 1.
396 1505 532 1546 Scliol.
568 1507 692 1547 Arist.
733 1505 832 1546 Aen.
872 1504 962 1545 994.
1001 1501 1122 1556 ὄρχος
1153 1500 1221 1543 καὶ
1249 1499 1420 1555 ὄρχατος
1457 1506 1590 1558 στίχος

118 1566 307 1623 ἀμπέλων
335 1567 362 1622 ἢ
389 1567 538 1621 ἑτέρων
573 1572 719 1623 φυτῶν
745 1567 856 1620 παρὰ
884 1567 930 1610 τὸ
954 1566 1159 1622 ἔρχεσθαι,
1191 1568 1343 1607 rectius
1373 1569 1440 1609 ille
1471 1582 1588 1622 quam

118 1637 202 1677 Eu.
235 1636 326 1689 634,
358 1636 421 1677 34.
445 1642 482 1676 et
514 1637 606 1677 Sch.
641 1637 810 1677 Theocr.
842 1636 866 1675 I.
898 1635 961 1675 48.
992 1632 1112 1685 ὄρχος
1140 1629 1163 1673 ὁ
1192 1629 1350 1684 βόθρος
1379 1632 1435 1680 εἰς
1463 1631 1487 1673 ὃ
1518 1632 1589 1674 εἶν-

117 1703 271 1742 flagrem.
312 1698 358 1741 τὸ
403 1698 538 1754 φυτὸν
576 1700 688 1752 παρὰ
724 1699 770 1741 τὸ
808 1696 993 1751 ὀρύσσω,
1043 1696 1213 1749 ὄρχατος
1248 1694 1291 1736 δὲ
1329 1693 1352 1749 ἡ
1392 1695 1590 1751 ἒπίστιχος

121 1770 266 1820 φυτεία
299 1763 412 1818 παρὰ
441 1763 486 1807 τὸ
525 1764 710 1818 ἔρχεσθαι
742 1768 789 1807 cf.
819 1765 980 1806 Jacobs,
1012 1762 1059 1802 ad
1090 1761 1233 1801 Achill.
1265 1761 1355 1802 756.
1404 1763 1588 1805 Alterum

119 1845 435 1886 paronyniorum
466 1837 528 1873 est
557 1829 723 1882 ἕρκατος
749 1827 934 1883 φραγμός
963 1828 1056 1869 Hes.
1088 1828 1234 1867 Cetera
1264 1839 1287 1866 a
1316 1827 1452 1867 verbis
1484 1839 1587 1879 pro-

118 1900 351 1939 ficiscuntur
389 1903 428 1938 et
464 1897 622 1949 quidem
660 1897 870 1948 primitivis
909 1891 1111 1942 θάνατος,
1160 1889 1351 1944 κάματος,
1393 1889 1586 1947 Κτέατος,

117 1961 342 2015 κτεάτειρα,
384 1963 492 2014 quod
532 1974 555 2001 a
592 1962 814 2002 masculino
854 1957 1012 2012 κτήτωρ
1043 1959 1103 1998 sic
1131 1957 1260 1998 differt
1291 1961 1332 1997 ut
1362 1954 1533 1998 κτέανον
1563 1970 1587 1999 a

117 2030 274 2082 κτῆνος.
333 2029 443 2069 Haec
473 2032 605 2067 autem
643 2026 798 2065 vocalis
837 2029 1046 2065 reservata
1077 2028 1138 2063 est
1168 2022 1380 2073 adjectivis
1412 2028 1454 2063 ut
1484 2026 1587 2076 θνη-

116 2092 204 2144 τός,
243 2091 413 2145 πλητός,
455 2098 492 2132 et
522 2092 789 2131 substantivis
820 2102 923 2142 qnae
955 2101 977 2128 a
1007 2088 1142 2127 verbis
1175 2088 1442 2127 circumflexis
1474 2087 1587 2128 deri-

117 2166 208 2201 vata
239 2164 332 2200 sunt
363 2155 533 2209 άλόητος
560 2160 636 2196 etc.
686 2156 747 2195 Ab
777 2156 925 2206 ignotis
952 2153 1155 2193 radicibus
1182 2152 1457 2204 germinarunt
1479 2150 1586 2193 ἄκα-

115 2240 195 2275 τος,
226 2223 438 2278 κράβατος,
459 2219 645 2269 Ἕκατος,
680 2220 787 2271 quod
818 2225 978 2260 veteres
1010 2218 1060 2259 ad
1090 2215 1183 2265 ἑκάς
1212 2222 1420 2257 revocant.
1452 2218 1586 2258 Femi-

116 2293 300 2331 ninorum
332 2290 483 2340 primae
513 2286 796 2326 declinationis
829 2285 1023 2337 pleraque
1053 2284 1173 2335 alpha
1203 2294 1226 2323 a
1256 2283 1466 2333 primitivis
1497 2284 1583 2324 suis

117 2355 233 2407 quasi
257 2352 534 2401 hereditarium
559 2350 722 2402 habent,
754 2351 923 2402 primum
954 2350 1004 2390 ab
1035 2347 1096 2389 ἅω
1127 2345 1215 2389 άάω
1245 2344 1349 2400 άάτη
1379 2349 1466 2388 sive
1496 2346 1584 2402 ἄτη,

117 2425 197 2460 tum
227 2415 377 2469 περάτη
403 2428 426 2456 a
443 2412 614 2466 περατός
634 2419 788 2455 mutato
809 2420 979 2467 propter
1006 2415 1289 2455 transitionem
1320 2418 1492 2453 accentu
1520 2414 1585 2454 vel

116 2483 250 2535 potius
282 2494 304 2521 a
332 2479 455 2533 πέρας
481 2479 586 2520 unde
616 2476 831 2533 ἀπείρατος
859 2480 1180 2533 impenetrabilis
1210 2478 1321 2519 Pind.
1350 2483 1392 2518 ut
1420 2490 1444 2518 a
1465 2475 1585 2531 γέρας

114 2545 323 2599 ἀγείρατος
353 2551 392 2587 et
423 2557 446 2586 a
470 2543 573 2597 γάλα
596 2543 807 2596 Γαλάτεια,
837 2549 954 2598 cujus
976 2546 1186 2598 epitheton
1207 2545 1323 2596 quasi
1344 2549 1582 2596 perpetuum

115 2617 179 2654 est
208 2609 330 2665 λευκή
361 2617 400 2652 et
431 2611 612 2652 candida
642 2623 676 2653 v.
707 2611 961 2653 Wernsdors.
992 2611 1042 2651 ad
1072 2610 1237 2651 Pentad.
1259 2609 1343 2650 Vll.
1364 2609 1401 2650 4.
1432 2621 1468 2661 p.
1491 2609 1581 2651 277.

117 2679 168 2718 T.-
189 2678 252 2718 lll.
291 2675 409 2729 ἐλάτη
445 2672 557 2727 παρὰ
593 2673 640 2717 τὸ
677 2674 836 2717 ἐλαύνω
863 2677 948 2718 ΕΜ.
980 2676 1050 2716 sed
1089 2676 1167 2716 hoc
1192 2678 1275 2725 jam
1307 2675 1437 2715 minus
1469 2675 1582 2715 affir-

165 2755 303 2785 marat.
332 2754 508 2792 Pushang.
1254 2741 1307 2782 24
