1699 3021
120 155 187 197 DE
217 152 631 195 AFFECTIONIBUS
662 151 842 195 NOMIN.
873 153 926 194 IN
956 143 1005 192 ca
1036 153 1149 194 ETC.
1202 155 1244 196 C.
1273 156 1332 197 VI.
1363 162 1401 206 §.
1422 158 1459 199 3.
1517 159 1591 201 151

115 267 271 318 parent,
302 262 359 302 illi
390 261 535 313 breve3
587 273 666 315 quo
698 261 828 302 differt
859 273 882 302 a
913 263 1039 303 mala.
1099 262 1157 302 De
1199 263 1304 304 talus
1346 269 1385 306 et
1426 267 1590 308 taxillus

112 330 180 382 qui
219 327 451 380 disceptant
489 327 762 379 etymologiae
799 327 949 381 ignari,
991 338 1157 379 operam
1187 327 1339 370 ludunt.
1399 331 1479 371 Sed
1510 343 1590 383 pa—

110 393 232 436 xillus
261 393 508 445 gutturalem
534 405 557 434 a
587 393 713 433 verbo
745 393 864 445 pacio
892 391 1015 444 (pago
1046 389 1246 447 πήγνυμι)
1278 394 1429 436 habere
1460 407 1589 448 prope

109 463 263 501 certum
302 459 484 510 videtur3
533 462 573 499 et
611 457 784 499 indidem
814 458 931 511 palus
964 461 1094 499 ortum
1124 463 1285 499 exemta
1319 461 1514 511 gutturali
1545 465 1587 501 ut

110 538 133 566 a
164 525 279 566 vicus
311 520 456 577 (οἶκος)
489 524 606 577 villa,
649 534 804 576 paucus
836 523 1004 575 paulus,
1044 534 1126 564 non
1157 536 1179 564 a
1211 522 1368 577 φάλλος
1398 525 1507 577 quod
1538 537 1588 566 ne

108 590 244 643 palum
275 590 435 642 quidem
457 589 669 641 significat.
726 589 867 629 Velum
898 593 938 629 et
967 589 1158 630 vexillum
1190 592 1364 632 forsitan
1395 602 1418 631 a
1449 590 1586 631 diver—

108 657 167 697 sis
199 655 380 696 sontibus
410 659 588 707 manant‚
619 665 740 694 unum
771 654 821 694 ab
851 651 904 694 ἕω
936 653 1042 695 unde
1072 649 1183 709 εἷμα,
1225 657 1397 697 alterum
1427 667 1451 696 a
1480 656 1584 697 veho

107 725 152 761 ut
181 733 316 772 vexo;
363 721 427 761 sin
458 721 597 773 aliter,
629 722 740 760 certe
771 720 942 772 propior
973 724 1036 761 est
1067 722 1251 762 concisio
1282 734 1401 774 quam
1430 733 1583 774 paren-

104 786 248 839 thesis,
281 788 397 838 cujus
428 786 559 827 adhuc
588 786 772 826 locorum
802 785 954 825 nullum
986 790 1139 826 certum
1158 787 1331 828 vidimus
1356 787 1581 829 documen-

104 855 200 904 tum,
230 863 363 903 neque
394 852 540 892 Cicero
572 862 700 891 nosse
729 850 888 891 videtur
914 861 1034 902 quum
1057 850 1105 892 de
1124 852 1232 904 fuya
1251 854 1457 894 vastioris
1479 854 1579 894 lile-

103 928 180 958 rae
217 917 409 968 loquitur.
481 917 684 969 Duorum,
722 927 826 967 quae
866 916 1051 968 Scaliger
1093 917 1296 971 adjungit,
1338 929 1460 959 unum
1498 930 1578 959 uno

102 985 267 1023 constat
286 981 396 1022 Festi
417 981 653 1022 testimonio
683 981 848 1021 auarllla
872 981 957 1021 olla
982 993 1134 1034 parva,
1168 983 1277 1035 quod
1306 984 1367 1024 sic
1389 987 1577 1025 excusari

100 1050 261 1101 potest,
301 1046 350 1087 ab
392 1057 490 1087 orca
529 1042 651 1099 (ὕρχη
681 1049 821 1095 urcus)
863 1047 1011 1087 extrito
1043 1047 1116 1088 rho
1150 1049 1298 1089 factum
1330 1061 1425 1090 esse
1457 1051 1576 1090 ocilla

98 1114 187 1154 sive
219 1112 382 1165 auxula,
414 1116 457 1152 ut
488 1123 511 1151 a
541 1122 696 1164 paucus
736 1111 962 1162 pauxillus;
1014 1112 1184 1153 alterum
1217 1115 1408 1156 testatius
1442 1121 1503 1156 est
1537 1121 1576 1156 et

97 1178 299 1220 difficilius
340 1177 538 1229 quasillus
579 1178 666 1218 sive
706 1176 933 1228 quasillum.
1003 1177 1085 1217 Viri
1127 1177 1239 1219 docti
1276 1190 1359 1219 rem
1397 1179 1574 1220 breviter

97 1243 288 1285 decidunt
318 1243 471 1296 qualus
504 1253 525 1282 e
556 1242 776 1294 quaslllus.
818 1241 900 1283 Sed
929 1242 965 1282 si
996 1243 1086 1295 quis
1113 1244 1223 1285 Festi
1252 1246 1437 1297 glossam
1469 1257 1573 1287 con—

96 1309 338 1350 sideraverit
374 1307 580 1360 Ccmeffera
618 1308 770 1349 muller
811 1319 921 1360 quae
959 1308 1047 1360 fert
1077 1321 1261 1351 canuam
1292 1311 1336 1351 ill
1365 1315 1430 1353 est
1460 1324 1571 1365 qua-

96 1376 183 1416 lum
213 1374 326 1427 qaod
356 1376 421 1415 est
451 1375 586 1414 cislae
623 1384 778 1426 oenus,
822 1385 846 1414 a
877 1373 1045 1415 Graecis
1074 1372 1205 1415 κάνον
1236 1375 1407 1430 dictum,
1447 1376 1571 1418 latine

93 1441 317 1482 canistrum
357 1443 397 1480 et
427 1439 574 1492 canipa
603 1450 627 1479 a
659 1449 790 1479 canna
820 1440 909 1480 sine
940 1439 1087 1491 dubi0;
1133 1444 1173 1480 et
1202 1440 1252 1482 ad
1281 1441 1384 1483 haec
1414 1442 1450 1483 si
1478 1454 1570 1484 me-

91 1506 254 1548 minerit
282 1505 492 1557 Virgiliani
521 1506 660 1557 spisso
692 1507 845 1547 vinciae
876 1507 1028 1559 qualos
1059 1506 1250 1559 colaque,
1282 1519 1362 1559 quo
1394 1511 1570 1560 utroque

90 1573 254 1614 nomine
291 1571 570 1624 significantur
607 1582 710 1611 vasa
752 1572 894 1612 cannis
929 1571 1118 1623 juncisve
1150 1576 1364 1627 contexta,
1405 1574 1567 1616 corbes,

91 1638 253 1690 calathi,
282 1641 452 1689 sportae
483 1637 687 1677 faecariae
707 1648 941 1690 nassaeque
964 1636 1183 1689 (κυρτίδες)
1203 1638 1265 1678 his
1284 1639 1406 1690 igitur
1432 1641 1565 1679 omni-

88 1703 167 1745 bus
205 1702 423 1754 perpensis
454 1701 532 1742 sibi
563 1713 806 1753 persuasum
836 1702 1023 1755 habebit,
1064 1703 1209 1754 qualus
1241 1708 1280 1744 et
1312 1704 1446 1744 colum
1477 1706 1566 1756 pri—

87 1769 227 1810 mitiva
266 1778 381 1820 esse,
420 1765 638 1818 quasillum
683 1767 771 1808 sive
810 1771 854 1807 ut
884 1778 947 1819 ap.
988 1767 1241 1808 Priscianum
1272 1769 1465 1810 scribitur
1494 1770 1559 1811 ΙΙΙ.

88 1834 153 1887 44,
186 1832 276 1875 138.
315 1831 536 1885 quaxillum
576 1842 742 1884 quoquo
782 1831 904 1873 modo
945 1832 1241 1885 amplificatum.
1299 1834 1482 1876 Alterum
1511 1835 1561 1877 ab

88 1899 276 1941 omnibus
317 1898 385 1950 qui
423 1897 530 1937 hunc
568 1897 703 1938 locum
735 1901 960 1940 tractarunt
998 1899 1262 1950 praeteritum
1300 1899 1405 1941 idem
1446 1901 1561 1942 affert

82 1966 230 2007 Festus
263 1964 379 2004 Toles
412 1965 553 2003 tumor
582 1963 774 2015 faucium
804 1975 914 2018 quae
938 1975 1017 2015 per
1047 1964 1377 2006 deminutionem
1408 1966 1558 2007 dican-

84 2034 155 2072 tar
193 2030 392 2071 tonsillae
432 2033 471 2068 et
504 2028 647 2069 Isidor.
680 2029 744 2071 XI.
777 2029 812 2083 1,
843 2030 906 2071 57.
948 2029 1056 2070 tales
1086 2030 1232 2081 linqua
1260 2031 1418 2082 oalllca
1449 2043 1556 2084 qaas

82 2097 206 2149 vulqo
241 2107 320 2148 per
359 2095 689 2137 detizlnullonem
720 2095 905 2137 tosillas.
961 2094 1062 2136 Nam
1093 2094 1213 2147 liujus
1244 2107 1408 2149 quoque
1440 2099 1553 2149 origo

82 2174 232 2215 graeca
252 2161 411 2202 videtur
440 2158 542 2214 πύλη
574 2166 715 2202 tumor.
