1747 3005
144 180 211 220 DE
243 179 476 220 VlClSSIT.
510 177 790 219 ἸΕΒΜΙΝΑΤ.
821 191 882 227 ας,
909 192 956 227 ις,
986 191 1062 226 ιας,
1087 176 1463 226 agw‚1agw.§.l3.
1510 174 1592 216 471

115 286 310 340 Εὐμενίς)
352 287 521 328 duxisse
550 287 670 340 idque
708 287 771 328 vel
801 298 876 340 pro
910 287 1103 338 syntheto
1134 286 1329 326 habuisse
1360 284 1519 325 videtur
1550 289 1593 325 ut

111 350 354 406 Ἀλκαμένης
385 353 448 394 vel
482 363 555 404 pro
588 363 798 404 paragogo
828 356 871 393 ut
900 345 1024 405 εὐρύς
1052 346 1286 404 εὖρυμευής,
1318 354 1385 391 aut
1418 350 1591 402 denique

114 419 371 472 participium
401 414 675 469 ἀλαλκόμενος
704 418 816 458 finxit
846 423 885 459 et
916 419 966 460 ab
997 419 1076 459 hoo
1100 415 1382 470 Ἀλαλκομενίς
1408 421 1449 457 ut
1476 429 1499 457 a
1525 418 1589 456 Τι-

113 481 290 538 σάμενος
319 484 492 525 derivari
523 484 657 536 potuit
693 483 918 536 Τισαμενίς.

224 555 263 599 §.
296 550 358 592 13.
400 550 472 590 His
503 549 705 590 femininis
736 550 833 590 nihil
863 549 1122 602 conjunctius
1153 553 1217 590 est
1247 560 1367 601 quam
1389 547 1589 600 adjectiva

112 617 317 669 trigenera
354 616 554 668 ποταμηίς
593 612 843 668 ποταμήιος,
882 615 1071 668 κεραμηίς
1097 612 1334 668 κεραμήιος,
1369 611 1589 666 ἹΙρακληίς

104 678 364 734 Ἡρακλήιος,
394 683 435 722 Γ
431 681 538 734 αιηίς
557 678 732 733 -ήιος,
764 682 978 734 Μεγαρηίς
1007 678 1177 734 -ήι-ος,
1210 681 1393 734 Μινυηίς
1421 676 1586 730 -ήιος,

112 752 152 789 et
181 759 230 787 ex
254 758 380 798 supra
404 747 536 787 allatis
558 744 788 799 σιμβλήιος,
819 744 1052 800 μεροπήιος,
1082 743 1328 800 τριποδήιος,
1361 741 1585 797 Καδμήιος.

110 813 290 865 Eamque
328 812 629 853 similitudinem
666 812 861 853 doctores
901 814 1055 866 antiqui
1092 825 1176 854 nou
1217 812 1588 853 animadverterunt

112 878 263 920 solum:
309 875 419 931 παρὰ
448 874 524 930 τὴν
556 874 737 930 Κέκροπι
766 875 934 932 δοτικὴν
966 879 1169 932 Κεκροπίς
1198 876 1267 919 καὶ
1296 876 1490 923 Almonis
1519 872 1588 915 καὶ

115 944 309 991 Πελοπίς·
337 941 383 984 τὸ
412 941 456 984 δὲ
489 945 692 997 Πελοπηίς
719 942 991 985 πεπλεόνακεν
1017 941 1074 992 ὡς
1101 941 1147 985 τὸ
1176 941 1401 997 ποιμνήιον
1426 939 1495 982 καὶ
1519 955 1586 980 τα-

110 1007 238 1064 φήιον
266 1009 419 1051 Anecd.
450 1011 580 1050 Cram.
613 1011 639 1051 Ι.
669 1010 764 1051 374.
802 1010 887 1050 ΕΜ.
921 1011 1013 1064 748,
1044 1012 1107 1051 37.
1146 1010 1219 1051 sed
1250 1011 1367 1051 etiam
1399 1007 1447 1048 ad
1479 1017 1586 1047 com-

110 1087 251 1116 munes
295 1087 444 1116 causas
483 1079 751 1116 revocarunt:
801 1073 994 1129 Νυσήιον
1030 1072 1282 1129 ἀμφίβολον·
1327 1074 1360 1115 εἰ
1397 1070 1470 1126 μὲν
1507 1067 1586 1124 γὰρ

113 1139 303 1195 Νυσήιον
340 1142 437 1193 (scr.
468 1141 502 1181 εἰ
529 1138 607 1194 γὰρ
635 1136 748 1193 παρὰ
776 1137 822 1182 τὸ
853 1139 1037 1196 Νύσιον)
1076 1139 1332 1194 πλεονασμὸς
1362 1136 1479 1192 (ἐστι)
1509 1138 1585 1177 τοῦ

110 1220 158 1261 η·
188 1207 220 1248 εἰ
249 1205 291 1248 δὲ
319 1203 432 1259 παρὰ
458 1204 505 1247 τὸ
538 1209 681 1257 nom<
713 1204 857 1260 ὤφειλε
884 1205 993 1261 (μὲν)
1024 1204 1127 1249 εἶναι
1155 1206 1338 1248 Νύσειον
1366 1203 1436 1246 καὶ
1466 1198 1584 1255 (ἀλλ’)

109 1271 240 1326 ὥςπερ
268 1269 379 1325 παρὰ
408 1270 454 1313 τὸ
483 1271 622 1323 α’ρειον
642 1269 791 1325 αρήιου
813 1269 980 1326 αὐξήσει
999 1271 1176 1326 γέγονεν,
1209 1271 1342 1320 οὕτως
1372 1266 1585 1322 Νυσήιον·

108 1337 206 1387 ὥςτε
242 1337 417 1383 δύναται
447 1338 638 1390 διαίρεσις
674 1353 733 1378 sm
736 1353 777 1378 αι
806 1337 875 1378 καὶ
904 1335 1109 1386 ἐπέκτασις
1137 1335 1218 1378 ἀλλ’
1252 1334 1303 1379 οὐ
1332 1332 1587 1387 πλεονασμός

109 1406 238 1448 Cram.
268 1405 360 1447 298.
408 1404 588 1445 Eandem
612 1404 857 1445 sententiam
887 1415 969 1445 non
1002 1404 1146 1444 iisdem
1177 1408 1312 1444 tamen
1341 1402 1478 1443 verbis
1509 1412 1585 1441 ex-

109 1473 233 1525 plicat
265 1471 554 1522 'lheognostus
585 1470 631 1511 ΙΙ.
664 1470 730 1511 57.
763 1472 880 1522 cujus
910 1470 1045 1511 locum
1076 1470 1290 1521 subjiciam
1313 1479 1397 1509 non
1416 1467 1467 1508 ad
1488 1467 1585 1507 lite-

108 1550 193 1579 ram
225 1537 297 1578 sed
328 1541 529 1589 quatenus
559 1536 609 1577 ad
640 1539 825 1576 nostram
856 1547 1022 1577 causam
1049 1536 1244 1588 pertinet:
1283 1531 1334 1575 τὰ
1361 1529 1465 1574 κατὰ
1493 1528 1587 1573 διά-

107 1606 226 1645 λυσιν
254 1599 336 1643 ἀπὸ
368 1604 452 1642 τῶν
480 1598 549 1642 διὰ
576 1602 652 1642 τοῦ
682 1615 763 1649 ειος
800 1599 869 1642 καὶ
897 1599 1060 1642 ε’κτασιν
1088 1602 1163 1641 τοῦ
1192 1614 1209 1641 ε
1245 1601 1300 1648 εἰς
1328 1597 1375 1640 τὸ
1405 1603 1433 1652 ἢ
1460 1594 1584 1651 γενό-

107 1684 209 1723 μενοι
245 1664 314 1708 διὰ
348 1668 425 1708 τοῦ
459 1662 479 1707 ἶ
516 1665 662 1720 γράφει
690 1663 766 1720 τὴν
793 1665 1117 1720 παραλήγουσαν
1145 1666 1216 1706 καὶ
1244 1664 1321 1719 τὴν
1347 1665 1487 1719 τρίτην
1516 1659 1584 1703 διὰ

107 1736 184 1776 τοῦ
215 1737 251 1787 ἦ.
282 1730 461 1786 Ὁμοίως
488 1730 531 1772 δὲ
560 1730 629 1773 καὶ
657 1729 736 1773 ὅσα
765 1729 841 1785 ε’χει
867 1729 915 1773 τὸ
944 1731 972 1786 ἧ
1001 1728 1092 1774 οἷον
1120 1729 1236 1785 ὁήιος
1265 1727 1347 1772 ἀπὸ
1375 1731 1452 1772 τοῦ
1483 1730 1582 1782 διος,

109 1802 241 1855 Κίηος
271 1799 366 1853 (sic)
395 1796 439 1839 ἐκ
466 1799 542 1839 τοῦ
562 1799 678 1849 Κίος,
712 1795 839 1852 νήιος,
875 1796 1010 1852 Τήιος,
1041 1795 1263 1852 βασιλήιος,
1290 1793 1462 1851 Ἰλιήιος,
1493 1797 1584 1849 χαλ-

108 1865 225 1921 κήιος
256 1870 332 1907 etc.
369 1865 607 1916 Scripturae
636 1865 783 1905 menda
812 1865 969 1906 leviora
1001 1865 1124 1905 tacite
1164 1863 1312 1905 sustuli
1350 1864 1474 1905 veluti
1505 1863 1584 1903 sti—

108 1934 250 1987 pulas;
290 1931 339 1972 de
369 1931 627 1982 gravioribus
657 1931 790 1982 palam
821 1931 1031 1983 agendum.
1088 1930 1261 1971 Primum
1291 1926 1405 1982 δήιος
1427 1940 1477 1969 ex
1499 1927 1585 1974 δῖος

109 1999 392 2053 amplificatum
425 2007 519 2036 esse
549 1995 667 2036 valde
696 1996 910 2047 abhorret,
941 2008 1074 2049 neque-
1103 1997 1160 2037 ita
1191 1995 1378 2036 traditum
1407 1994 1585 2047 reperio,

110 2078 161 2107 ne
200 2065 249 2105 ab
290 2064 339 2103 iis
371 2062 530 2114 quidem
562 2062 629 2113 qui
659 2061 727 2102 ὁῖα
758 2060 966 2115 Χάρυβδις
996 2067 1035 2103 et
1065 2062 1132 2102 δῖα
1160 2058 1350 2102 θάλασσα
1376 2061 1585 2111 interpre-

110 2135 244 2172 tantur
265 2124 469 2182 φοβεράν,
500 2127 579 2167 hoe
611 2128 821 2179 epitheton
852 2140 942 2169 cum
971 2128 1057 2179 δίω,
1088 2125 1230 2180 διερός,
1262 2131 1479 2179 cognatum
1505 2137 1585 2177 pu-

113 2199 247 2238 tantes
279 2194 416 2236 Schol.
451 2193 524 2235 Od.
546 2194 628 2235 ΧΠ.
653 2194 742 2236 104.
776 2194 818 2235 ll.
848 2194 928 2236 XV.
961 2194 1049 2236 161.
1082 2206 1129 2235 ac
1160 2195 1196 2236 si
1226 2194 1318 2246 quis
1347 2193 1440 2232 hine
1469 2188 1585 2244 δήιος

110 2267 248 2304 natum
290 2259 479 2313 eredidit,
526 2271 610 2300 non
654 2260 786 2301 solum
826 2260 1057 2313 pleonasmi
1095 2259 1164 2302 sed
1209 2260 1329 2301 etiam
1369 2258 1585 2310 hyperbati
1628 2248 1630 2250 ¹

110 2331 325 2382 praetextu
355 2326 411 2366 uti
442 2326 600 2377 debuit,
641 2329 757 2378 cujus
797 2327 862 2367 hie
900 2327 1011 2368 nulla
1047 2325 1089 2367 fit
1117 2325 1280 2366 mentio.
1337 2323 1423 2364 Nec
1451 2323 1584 2364 minus

110 2398 257 2448 peccat
296 2391 518 2434 secundum
548 2393 700 2445 Κίηος,
741 2394 805 2434 cui
843 2394 877 2434 si
909 2393 1000 2445 quis
1032 2387 1180 2444 Κιήιος
1209 2389 1449 2442 substituet,
1487 2388 1585 2429 nihil

110 2460 281 2514 juverit3
336 2469 427 2499 nam
459 2462 499 2498 et
528 2459 607 2500 hoc
635 2458 858 2499 inauditum
889 2463 952 2499 est
986 2462 1024 2498 et
1055 2470 1078 2497 a
1108 2456 1307 2497 similibus
1326 2453 1428 2506 Ἴος,
1476 2455 1584 2505 Τίος,

113 2527 227 2576 Χίος,
259 2527 378 2574 Δῖον,
409 2524 560 2565 nullum
592 2525 723 2566 simile
752 2525 1094 2565 inclinamentum.
1131 2522 1273 2574 Itaque
1301 2522 1343 2562 in
1374 2522 1480 2562 hanc
1510 2520 1585 2562 de-

114 2591 267 2635 scendo
309 2591 576 2643 sententiam,
615 2590 922 2642 Theognostum
954 2590 1014 2630 sie
1053 2588 1295 2641 scripsisse:
1349 2583 1501 2639 ὁμοίως
1543 2581 1587 2626 δὲ

114 2656 183 2715 καὶ
220 2654 298 2698 ὅσα
333 2653 410 2709 ἔχει
448 2652 496 2695 τὸ
523 2661 550 2709 ῆ
583 2653 628 2696 ἐκ
656 2652 888 2709 διαιρέσεως
918 2653 986 2695 καὶ
1014 2651 1211 2702 ἐκτάσεως
1241 2648 1332 2694 οἷον
1360 2649 1476 2706 δήιος
1505 2647 1586 2692 ἀπο

115 2725 190 2766 τοῦ
219 2720 328 2772 δέῖος
356 2747 409 2753 -
441 2722 502 2765 Sic
532 2723 635 2764 enim
667 2721 788 2764 docet
817 2723 901 2763 ΕΜ.
931 2720 1025 2774 263,
1054 2720 1117 2763 31.
1148 2715 1259 2773 παρὰ
1287 2715 1333 2760 τὸ
1362 2715 1452 2768 δέος
1482 2714 1588 2766 δέιος
