1731 3021
104 138 196 181 326
569 133 1007 176 DISSERTATIO
1048 133 1129 176 VII.

106 243 210 299 ὑπὲρ
250 242 329 286 ὁύο
358 239 562 297 συλλαβὰς
601 240 818 297 βαρύνεται
851 240 983 296 ἓλίκη,
1015 241 1149 296 ἐρίκη,
1179 242 1352 297 μυρίκη,
1397 241 1588 296 Φοινίκη.

116 310 175 354 Τὸ
203 308 341 365 μέντοι
379 306 476 362 ἀϊκή
516 305 751 362 ὀξυτονήθη
788 308 889 356 ἴσως
925 306 987 349 ὅτι
1025 305 1254 362 ῥηματικὸν
1288 304 1443 362 ὑπῆρχε
1479 303 1592 360 παρὰ

110 375 157 418 τὸ
188 374 318 418 ἀίσσω
349 372 404 422 ὡς
430 372 630 426 φυλάσσω
660 371 848 429 φυλακή,
887 370 1054 415 ὑλάσσω
1085 370 1217 427 ὑλακή
1250 374 1387 416 Schol.
1417 374 1460 414 Il.
1490 373 1590 414 XIV.

113 443 204 485 700.
234 439 284 482 τὰ
313 441 368 489 εἰς
395 432 448 495 {v}
481 438 799 494 παραληγόμενα
835 441 893 497 τῷ
917 433 943 480 ἶ
976 436 1284 496 συνεσταλμένῳ
1321 435 1594 490 παροξύνεται

106 506 266 562 Ἑλίκη,
305 509 478 561 μυρίκη,
512 507 682 559 Βαιτίκη
711 503 843 560 χώρα,
873 505 1034 558 μηδίκη.
1100 502 1161 545 Τὰ
1190 503 1333 558 ἔχοντα
1360 501 1407 544 τὸ
1438 502 1460 543 ἶ
1492 501 1596 544 ἐκτε-

113 572 291 628 ταμένον
329 571 550 627 βαρύνεται
593 574 788 626 Φοινίκη,
826 570 937 625 ἐρίκη
976 573 1070 612 Arc.
1105 571 1194 612 107.
1253 570 1407 610 Horum
1444 569 1596 610 nullum

116 642 443 682 terminationem
473 640 765 692 paragogicam
796 639 918 679 habet
949 638 1028 678 msi
1070 638 1174 677 sorte
1213 635 1364 689 μυρίκη
1403 647 1426 676 a
1462 634 1598 686 bisyl-

114 707 210 747 labo
242 703 377 758 μύρου
405 705 471 745 vel
499 701 639 756 μύῤῥα
682 705 734 744 ob
774 703 1076 744 similitudinem
1115 703 1258 742 nescio
1301 712 1422 753 quam
1464 699 1597 741 deno-

115 773 268 812 minata
298 775 362 811 est
391 783 427 811 v,
458 770 538 810 Fee
569 770 792 810 Comment.
825 779 894 808 sur
925 768 964 807 la
993 768 1132 807 botan.
1164 767 1213 807 de
1243 767 1344 807 Plin.
1373 766 1415 807 T.
1444 766 1473 807 I.
1505 765 1596 807 126.

117 841 157 877 et
186 836 338 889 πηνίκη
367 840 411 875 ut
451 834 634 885 Scaliger
674 839 817 874 censet
856 832 905 873 ad
946 833 1058 872 Varr.
1098 843 1135 883 p.
1174 832 1238 872 72.
1277 843 1301 872 a
1338 832 1492 884 πῆνος,
1533 832 1598 871 cui

117 903 237 942 etiam
269 901 457 954 panicum
489 904 707 951 cognatum
748 904 876 951 putat.
933 898 1064 948 Hujus
1102 898 1188 937 iota
1217 897 1343 938 breve
1372 901 1459 951 est,
1488 897 1598 938 illius

118 978 286 1020 anceps,
318 968 359 1006 in
389 966 538 1006 ceteris
571 966 701 1006 simile
732 965 947 1018 primitivis
977 961 1069 1012 ἕλιξ,
1102 964 1263 1014 Βαῖτις,
1300 962 1466 1014 Φοίνιξ,
1506 963 1601 1015 qui-

119 1044 208 1073 cum
249 1032 437 1083 congruit
469 1030 617 1083 χοίνιξ,
658 1031 816 1084 χοινίκη
856 1043 893 1070 v,
926 1029 1073 1070 Parall.
1107 1029 1196 1070 141.
1227 1034 1266 1069 et
1300 1028 1389 1070 145.
1432 1028 1601 1081 Βαιτίκη

120 1104 256 1139 tamen
287 1097 393 1150 apud
424 1097 567 1148 Polyb.
597 1097 770 1137 XXXIV.
802 1096 837 1138 9.
880 1096 1015 1137 Strab.
1058 1094 1123 1135 III.
1157 1094 1247 1136 100.
1281 1098 1321 1135 et
1350 1093 1440 1135 162.
1482 1093 1601 1134 Dion.

121 1165 238 1205 Cass.
278 1164 374 1205 XLI.
405 1162 469 1203 23.
504 1168 542 1203 et
572 1163 662 1202 aliis
704 1162 808 1202 locis
851 1166 1062 1213 oxytonon
1109 1165 1173 1201 est
1203 1165 1395 1212 tanquam
1427 1158 1604 1210 adjecti-

121 1242 213 1270 vum
245 1235 288 1269 ut
319 1229 489 1269 baetica
520 1229 624 1269 lana
654 1229 886 1267 nominatur
918 1232 957 1267 et
986 1226 1148 1267 incolae
1177 1227 1257 1278 ipsi
1279 1226 1456 1277 Baetici,
1487 1224 1604 1264 simi-

123 1296 297 1346 literque
328 1290 485 1345 Λαζική
525 1294 672 1333 dicitur
712 1305 735 1333 a
771 1294 891 1333 Lazis
927 1292 1075 1332 incolis
1120 1297 1159 1332 et
1199 1287 1439 1343 Μεντορική
1476 1290 1603 1330 Arist.

122 1361 210 1401 Mir.
240 1362 364 1399 Auso.
404 1370 436 1399 c.
472 1359 560 1399 104.
603 1370 639 1410 p.
669 1357 762 1399 830.
805 1369 839 1398 a.
880 1353 1069 1409 Μαιδική
1111 1357 1213 1399 Plut.
1253 1357 1299 1397 V.
1340 1356 1453 1397 Paul.
1489 1357 1603 1396 Aem.

124 1425 208 1466 XII.
243 1425 341 1466 Sull.
371 1424 508 1465 XXIV.
532 1420 672 1476 Ὗλική
704 1423 821 1475 palus
854 1423 987 1463 Strab.
1028 1423 1091 1464 IX.
1121 1423 1214 1463 407.
1244 1419 1421 1475 Σινδική
1452 1420 1602 1462 Herod.

125 1491 188 1531 IV.
221 1490 285 1531 80.
320 1493 359 1529 et
390 1490 469 1529 alia
500 1490 684 1541 plurima,
715 1499 791 1527 nec
823 1487 955 1527 solum
987 1500 1055 1540 ea,
1087 1499 1192 1539 quae
1222 1499 1246 1528 a
1274 1488 1465 1539 gentibus
1494 1487 1604 1528 notis

127 1557 389 1598 denominata
419 1560 513 1595 sunt
545 1554 617 1594 sed
648 1554 728 1593 alia
758 1564 923 1604 quoque
962 1553 1120 1592 urbium
1151 1554 1444 1604 regionumque
1474 1563 1606 1592 voca—

126 1622 234 1674 bula,
265 1632 435 1672 quorum
467 1620 671 1670 primitiva
700 1629 782 1657 non
814 1622 1066 1671 comparent,
1098 1615 1306 1671 Γαλλαϊκή
1336 1617 1485 1658 Herod.
1524 1617 1606 1658 VII.

129 1686 218 1728 108.
258 1682 447 1738 Σαρδική
487 1684 654 1725 Serdice
692 1684 820 1723 Prisc.
858 1682 980 1723 Excc.
1023 1694 1055 1723 c.
1086 1683 1130 1724 V.
1171 1695 1208 1735 p.
1242 1683 1307 1724 37.
1346 1683 1388 1723 C.
1427 1682 1605 1722 Hierocl.

129 1751 302 1802 Synecd.
334 1762 366 1792 c.
409 1751 469 1791 14.
516 1746 684 1801 Φωτική
726 1759 758 1789 c.
803 1748 866 1790 12.
908 1745 1050 1800 Αἰζική
1098 1745 1263 1804 Θρᾴκης
1301 1744 1424 1801 μέρος
1467 1748 1606 1799 Steph.

131 1812 348 1869 Πλειστική
380 1815 496 1856 Diod.
527 1815 628 1855 XIX.
662 1814 726 1855 72.
787 1814 846 1853 De
876 1813 1040 1865 plantae
1071 1815 1234 1854 nomine
1274 1813 1481 1854 consentit
1509 1813 1609 1853 Phi-

128 1883 307 1934 loponus
337 1882 452 1921 Eust.
486 1881 603 1928 1967,
635 1880 698 1921 28.
729 1878 877 1931 μηδίκη
907 1875 981 1931 μὲν
1009 1876 1175 1931 χόρτος,
1204 1875 1354 1932 μηδικὴ
1385 1876 1427 1919 δὲ
1455 1874 1481 1931 ἡ
1509 1892 1609 1931 περ-

129 1945 245 1999 σική,
290 1946 431 1987 sedin
461 1946 576 1985 libris
616 1944 930 1997 Aristophanis,
973 1945 1266 1998 Theophrasti,
1308 1944 1526 1985 Strabonis
1569 1948 1609 1985 et

128 2013 309 2054 Pollucis
342 2015 583 2052 constanter
623 2011 781 2050 acuitur
820 2021 1109 2061 nonnunquam
1152 2011 1313 2062 adjecto
1345 2009 1606 2050 substantivo

128 2076 213 2119 πόα
243 2078 307 2118 vel
337 2074 502 2130 βοτάνη.
564 2076 830 2117 Substantiva
871 2077 1056 2115 neutrius
1095 2077 1258 2127 generis
1289 2079 1501 2115 accentum
1532 2074 1609 2115 ad-

124 2146 372 2196 jectivorum
404 2146 570 2183 servant
599 2141 705 2181 unde
739 2146 829 2181 orta
857 2145 963 2193 sunt,
995 2138 1237 2193 Μεγαρικόν
1266 2140 1363 2181 urbs
1394 2141 1610 2191 Bithyniae

132 2211 270 2262 Steph.
303 2204 493 2261 Σαμικόν
524 2207 737 2246 castellum
769 2206 1001 2257 Triphyliae
1041 2207 1104 2245 cui
1144 2207 1256 2258 prius
1285 2216 1434 2246 nomen
1466 2203 1609 2258 Σάμος

131 2277 205 2316 fuit
246 2275 380 2316 Strab.
423 2269 667 2312 Πεντελικόυ
715 2282 832 2311 mons
877 2271 997 2311 Paus.
1036 2271 1064 2311 Ι.
1103 2272 1167 2312 32.
1204 2267 1467 2324 Ἀμαζονικόν
1509 2271 1608 2311 urbs

133 2341 272 2391 Steph.
304 2335 472 2388 ἰνὸικόν,
504 2333 723 2389 ἀγαρικόν,
752 2332 989 2388 ἀρσενικόν,
1026 2334 1249 2387 ποντικόν,
1288 2333 1493 2389 φαρικόν,
1534 2335 1609 2378 sed

133 2410 281 2445 contra
312 2401 559 2444 σαντόνικον
588 2398 668 2442 ἀπὸ
698 2402 951 2448 Σαντονείας
979 2398 1113 2453 χώρας
1143 2402 1280 2443 Galen.
1323 2402 1461 2454 Simpl.
1502 2401 1606 2442 Med.

131 2471 193 2510 VI.
228 2470 261 2511 1.
292 2470 384 2511 804.
425 2469 466 2510 T.
496 2469 560 2509 XI.
593 2472 765 2508 accentu
795 2467 921 2507 latino
953 2472 995 2506 ut
1020 2464 1229 2519 Σάτρικον
1258 2467 1374 2509 Diod.
1394 2467 1493 2508 XIV.
1516 2467 1605 2509 102.

132 2535 331 2585 aquibus
374 2535 614 2585 longissime
657 2533 782 2574 distat
820 2528 1017 2584 ὑπερικόν
1055 2534 1206 2584 quippe
1254 2534 1527 2585 compositum
1565 2538 1609 2574 ut

130 2594 340 2650 ὑπέρεικος
380 2600 487 2651 apud
517 2599 785 2651 Nicandrum,
818 2598 891 2639 sed
924 2603 1069 2651 tamen,
1102 2598 1237 2650 quoad
1267 2599 1450 2639 invenIre
1480 2600 1607 2651 potui,

132 2663 279 2715 ubique
312 2669 524 2715 oxytonon
555 2670 595 2705 et
624 2665 710 2705 iota
742 2664 928 2716 simplici.
978 2664 1188 2716 Hujusque
1208 2664 1512 2705 inconstantiae
1532 2675 1607 2705 ve-
