1699 3021
146 154 213 196 DE
248 153 367 196 ΝΟΜ.
398 149 617 202 QUORUM
646 146 902 191 ciiAnAcr.
933 147 1033 189 Es'r
1063 149 1150 190 Mo.
1192 151 1232 193 c,
1253 152 1278 192 1.
1305 158 1341 200 ς.
1360 155 1397 196 1.
1458 156 1531 201 161

68 259 386 315 811111τρώξιμα
424 261 614 302 acetaria.
635 259 669 285 ¹1
737 259 915 311 Κίκιμον
950 258 1023 310 τῆς
1058 256 1246 314 κορώνης
1283 277 1331 303 το
1364 263 1536 320 κάπριον

65 330 163 372 Hes
209 326 480 369 adserendum
529 326 585 366 illi
623 330 887 367 stercorosae
936 324 1112 365 familiie
1146 323 1299 381 κάκκη,
1341 331 1479 382 κίκκος
1507 329 1534 389 ἡ

65 391 326 447 διαχώρησις,
366 393 485 444 κίκκη
522 407 549 444 η
590 387 672 432 ἀπὸ
709 393 793 432 τῶν
830 390 1001 431 αἰδοίων
1042 390 1260 445 δυςοσμία,
1290 398 1536 450 κικκίλονδις

63 456 210 508 παιδὸς
248 455 473 512 ἆφόδευμοε.
546 457 627 499 Sed
668 469 742 510 pro
779 456 918 509 αἰσίμη
957 452 982 510 ἡ
1020 458 1203 509 μαιντεία
1244 460 1533 514 Theognostus

65 528 153 569 sine
191 526 313 566 dubio
355 523 509 576 αἰσιμίη
540 524 707 575 scripsit.
736 527 779 563 ut
808 523 1125 576 Lexicographi‚
1168 535 1218 565 ex
1248 528 1394 578 quibus
1424 531 1534 574 illam

62 593 269 634 nominum
299 602 322 631 a
353 590 603 642 diphthongo
630 579 672 629 οἷ
690 589 967 640 incipientium
991 589 1135 630 silvam
1158 595 1402 644 composuit.
1443 597 1534 638 Dis-

61 658 206 699 ficilius
237 661 301 699 est
329 655 532 707 adjectiva
560 656 601 694 in
630 665 838 695 numerum
856 652 1066 709 TedigerQ
1097 667 1202 708 quae
1231 663 1331 710 quot
1361 662 1536 705 emicent

63 723 266 765 scatebris
307 725 515 773 exponunt
551 721 638 761 EM.
669 720 763 774 487,
793 719 857 761 26.
896 720 1166 784 Philemo—
1106 723 1148 762 in
1180 722 1366 768 Onomat.
1399 732 1438 776 ς,
1468 728 1532 772 92

60 789 236 841 Epimer.
267 788 398 828 Cram.
428 787 455 827 Ι.
488 786 579 828 208.
611 790 650 827 et
679 786 770 827 225.
808 781 835 840 ἡ
866 782 935 826 διὰ
961 787 1038 827 τοῦ
1067 802 1157 839 ιμος
1182 790 1408 846 παραγωγὴ
1436 808 1534 836 not-

60 851 210 907 κίλην’
198 850 273 905 ε’χει
290 848 366 905 τὴν
384 848 554 904 γένεσιν,
585 848 667 893 ἀπὸ
684 848 902 906 ἀρσενικοῦ
929 849 1113 930 νόμιμος,
1145 849 1226 895 ἀπὸ
1249 859 1441 910 θηλυκοῦ
1458 858 1534 902 ἄλ-

59 933 189 972 κιμος,
221 914 302 958 ἀπὸ
323 913 542 969 οὐδετέρου
560 918 591 942 ¹²
612 915 805 971 πρώιμος.
854 916 937 958 Καὶ
956 914 1038 959 ἀπὸ
1060 916 1292 963 ἐνεστώτων
1312 923 1533 978 προςδόκι-

58 999 145 1039 μσς,
176 979 258 1024 ἀπὸ
272 979 509 1060 μελλόντων
531 993 783 1036 φοιτησιμος.
838 979 936 1024 Ἀπὸ
964 982 1206 1035 προθέσεων
1230 984 1436 1031 ουδέποτε
1455 1002 1532 1046 ση-

57 1050 222 1104 μειῶδες
241 1047 289 1089 τὸ
310 1045 488 1100 Πέριμος
509 1048 661 1100 (1111.
685 1049 776 1091 695.
782 1050 798 1102 )
819 1049 852 1089 εἰ
870 1046 925 1103 μὴ
947 1045 1029 1090 ἀπὸ
1049 1048 1266 1101 ἐνεστῶτος
1285 1051 1340 1102 ὡς
1358 1051 1439 1097 ἀπὸ
1456 1059 1533 1100 τοῦ

58 1113 203 1170 ωφελῶ
235 1111 448 1168 ὠφέλιμος.
506 1114 617 1154 Haec
649 1114 904 1156 collectanea
935 1117 1121 1169 exempla
1147 1119 1323 1161 Thomas
1355 1133 1387 1163 s.
1410 1117 1534 1176 Ὼφέ-

56 1185 172 1235 λιμος
198 1181 539 1233 significationum
557 1181 773 1221 momentis
795 1180 1035 1233 dispensare
1058 1183 1364 1227 11151111111;τῶν
1386 1188 1442 1237 εἰς
1458 1205 1535 1242 μος
1555 1219 1557 1221 .

59 1250 184 1302 (ιμος)
213 1243 264 1287 τὰ
290 1243 364 1299 μέν
393 1246 493 1287 εἰσιν
522 1243 758 1299 ἐνεργητικὰ
794 1241 886 1287 οἷον
912 1243 1131 1301 ὠφέλιμος,
1170 1246 1221 1290 τὰ
1250 1249 1293 1291 δὲ
1321 1254 1534 1306 παθητικὰ

57 1311 149 1356 οἷον
177 1310 386 1365 τρόφιμος.
444 1310 529 1352 Καὶ
557 1309 680 1352 πάλιν
709 1307 759 1351 τὰ
786 1308 860 1364 μὲν
880 1310 1051 1366 δυνάμει
1072 1312 1245 1368 ἐάσιμος,
1281 1314 1332 1358 τὰ
1356 1317 1433 1359 δὲ’
1417 1335 1532 1375 avgg>-

57 1381 144 1436 γείᾳ
179 1375 384 1431 ἀοίδιμος,
426 1389 657 1430 quanquam
699 1382 738 1418 et
768 1377 870 1418 haec
900 1390 1042 1431 parum
1072 1381 1151 1421 fixa
1192 1388 1286 1424 sunt
1325 1390 1364 1426 et
1400 1398 1531 1439 genus

56 1448 290 1488 universum
328 1449 499 1496 vagatur
528 1444 684 1495 laxius3
735 1444 826 1496 quis
857 1445 962 1485 enim
990 1446 1264 1499 Aeschyleum
1293 1451 1390 1493 illud
1418 1451 1533 1506 βάξις

57 1509 260 1564 ἁλώσιμος
288 1510 353 1551 vel
391 1509 500 1562 quod
539 1510 772 1562 Sophocles
803 1509 924 1563 dixit,
967 1509 1200 1566 θανάσιμος
1228 1527 1303 1568 pro
1332 1523 1531 1575 mortuus,

60 1591 110 1620 ex
137 1579 218 1619 ista
248 1576 421 1617 formula
445 1575 631 1628 judicare
661 1576 830 1627 possit?
901 1576 982 1617 Sed
1009 1578 1049 1618 id
1078 1590 1160 1619 non
1191 1583 1422 1632 quaerimus
1452 1586 1533 1628 hoc

58 1645 164 1684 loco.
230 1638 441 1695 Τρόφιμος
468 1641 567 1681 illud
597 1641 758 1693 aliaque
788 1653 812 1681 a
841 1642 1111 1684 substantivis
1140 1646 1376 1689 verbalibus
1409 1649 1531 1693 ducta

57 1707 249 1763 νόμιμος,
291 1703 480 1759 γόνιμος,
524 1702 743 1758 σπόριμος,
783 1703 955 1759 πλόϊμος
984 1709 1071 1749 sive
1101 1707 1304 1763 πλώιμος,
1343 1712 1529 1769 πόριμος,

57 1779 220 1817 tuentur
270 1772 486 1813 atticorum
525 1772 771 1823 scriptorum
807 1772 1065 1826 politissimi3
1113 1773 1302 1829 δόκιμος,
1349 1777 1529 1834 λόγιμος,

55 1839 237 1893 πότιμος,
269 1835 435 1891 ὅλκιμος
452 1837 687 1878 Herodotus
719 1842 759 1878 et
781 1839 1056 1890 Hippocrates
1087 1842 1332 1898 asciverunt,
1356 1843 1529 1900 λόπιμος

58 1912 98 1948 et
133 1902 330 1957 πλόκιμος
370 1904 701 1955 Theophrastus3
758 1904 830 1945 sed
872 1916 922 1945 ex
963 1905 1106 1947 eodem
1144 1918 1295 1959 genere
1333 1914 1528 1955 nonnulla

56 1973 193 2026 poetis
225 1971 480 2021 emancipata
509 1974 604 2010 sunt
632 1967 860 2023 πόμπιμος,
891 1968 1102 2024 νόστιμος,
1133 1971 1330 2027 wolffg,
1371 1976 1529 2033 φθόρι-

55 2053 142 2092 μος,
173 2037 321 2089 quibus
353 2036 540 2076 omnibus
571 2037 740 2077 inferius
772 2043 835 2078 est
865 2035 1073 2090 σκόπιμος.
1133 2039 1218 2079 Nec
1249 2044 1392 2092 procul
1422 2057 1529 2097 poe—

56 2106 148 2146 ticis
172 2103 254 2156 illa,
285 2113 389 2155 quac
418 2102 625 2142 verbalem
656 2103 993 2154 significationem
1024 2115 1107 2144 non
1136 2104 1298 2157 habent,
1329 2110 1527 2164 καίριμος,

53 2168 274 2223 κάρπιμος,
310 2164 512 2220 νόστιμος.
578 2169 615 2208 A
643 2169 875 2210 nominibus
906 2170 1060 2221 primae
1100 2169 1385 2215 declinationis
1423 2188 1527 2228 quae

57 2237 241 2279 derivata
270 2238 366 2277 sunt
394 2238 559 2286 praeter
587 2231 799 2288 τρόφιμος,
830 2232 1024 2289 μάχιμος,
1060 2234 1251 2290 μόνιμος,
1283 2245 1529 2295 praeterque

146 2419 203 2463 11)
236 2419 289 2454 Ad
324 2419 617 2463 interpretandum
649 2421 836 2464 ploximum
869 2421 1059 2456 Salmasius
1096 2421 1137 2455 ad
1171 2421 1210 2455 11.
1246 2423 1286 2457 Α.
1325 2424 1359 2458 Τ.
1388 2426 1414 2460 1.
1449 2427 1525 2464 280.

56 2475 228 2518 πλίξιμον
253 2474 371 2518 fingit,
401 2485 468 2519 quo
494 2476 617 2511 Graeci
645 2486 735 2510 nunc
760 2481 898 2511 utuntur
921 2478 984 2512 sed
1011 2478 1078 2511 alio
1104 2478 1205 2512 modo
1226 2489 1286 2523 pro
1306 2480 1423 2519 πλέξις
1440 2482 1526 2525 (tri-

59 2531 198 2574 colage)
225 2534 262 2565 111
291 2529 479 2574 κρύψιμον
504 2531 621 2566 dicunt
639 2542 699 2576 pro
719 2532 863 2577 κρύψις,
888 2532 1098 2576 στιὶλσιμον,
1124 2533 1299 2578 λούσιμον
1318 2539 1385 2571 etc.
1437 2537 1526 2573 Pas-

58 2588 131 2621 sive
158 2586 228 2619 dici
252 2586 388 2621 videtur
412 2586 452 2619 τὸ
476 2588 661 2630 κίρσιμον.

148 2641 205 2683 12)
236 2641 299 2675 Hic
325 2643 453 2677 omissa
477 2647 555 2678 sunt
581 2643 688 2679 Verba
706 2643 868 2686 κύδιμος·
895 2643 965 2677 ἀπὸ
979 2643 1236 2687 ἕπιρῥημάῑων
1261 2646 1408 2689 ὄψιμυς,
1434 2649 1526 2692 πρώ-

59 2709 162 2739 ιιιιος,
190 2698 249 2729 καὶ
277 2696 346 2729 ἀπὸ
376 2697 437 2729 τοῦ
459 2700 520 2740 βρί
542 2699 702 2742 ‘'kiccum‘-

107 2763 245 2793 thcrk.
272 2765 451 2804 l'ttlholog.
1205 2755 1250 2798 11
