1731 3021
131 187 229 231 1170
619 190 1046 236 DISSERTATIO
1096 193 1142 236 X.

147 308 226 350 que
258 297 444 341 differunt
482 298 605 354 ἵερηίς
637 305 677 342 et
707 299 825 354 ἱερίς,
865 301 946 343 11151
976 302 1085 354 quod
1115 303 1217 344 haec
1250 308 1314 345 est
1343 303 1508 357 public-a
1535 313 1632 344 mo·—

148 363 274 405 tionis
314 367 479 417 species
517 371 561 408 ut
590 367 782 420 βαλανίς,
821 367 983 421 κουρίς,
1022 368 1094 409 illa
1124 370 1344 422 secretior3
1395 373 1633 421 certumque

147 427 269 480 hujus
301 429 500 485 defectus,
531 433 566 473 si
597 434 657 474 sic
688 433 897 486 appellare
928 434 1083 486 placet,
1116 434 1344 487 exemplum
1370 438 1434 475 est
1462 435 1634 487 Epime-

151 494 254 548 this‚
294 496 403 548 quod
435 497 603 539 Ovidius
640 499 681 538 in
717 510 840 540 versu
880 500 999 541 aliter
1029 499 1166 540 dicere
1202 511 1286 541 non
1316 501 1471 553 potuit,
1512 503 1552 540 et
1583 499 1634 540 ab

148 559 218 600 illa
248 561 341 613 ipsa
372 564 502 616 stirpe
531 564 694 618 Nerine,
724 566 914 619 1161111115,
946 566 1094 618 quibus
1125 565 1256 606 simile
1286 566 1429 606 Atrine
1460 565 1636 606 Cassio-

152 624 278 667 dorus
310 628 424 669 affert
455 630 513 671 De
541 630 652 673 Orat.
680 631 788 673 Part.
819 642 852 672 c.
882 632 910 672 Ι.
932 632 1075 673 54959
1112 632 1185 672 His
1216 635 1350 671 autem
1382 635 1442 673 tot
1474 634 1636 683 tamque

152 689 326 734 diversis
366 698 676 738 consiliatorum
714 701 951 738 nostrorum
982 698 1199 749 responsis
1234 695 1528 749 propemodum
1559 706 1638 736 eo—

154 755 244 798 dem
281 760 500 812 redigimur
530 775 610 815 quo
642 764 709 804 ille
739 761 845 815 apud
873 762 1043 802 Plinium
1073 767 1289 815 aegrotus,
1332 763 1400 814 qui
1428 763 1469 802 in
1500 762 1637 813 epita-

153 822 249 874 phio
282 836 358 865 suo
393 833 646 880 conquestus
687 832 751 868 est
789 839 835 868 se
876 827 1131 868 multitudine
1168 827 1417 868 medicorum
1447 828 1636 879 periisse.

151 887 254 929 Nam
285 901 407 942 quum
444 893 555 934 nulla
594 895 762 935 istarum
800 893 1004 933 rationum
1036 893 1224 933 omnibus
1256 893 1495 943 conveniat,
1539 892 1638 933 nihil

152 954 299 1007 reliqui
336 957 378 998 fit
417 970 535 1010 quam
575 964 618 1000 ut
656 970 831 1012 graecos
863 963 1033 1012 poetas,
1082 959 1327 1011 praesertim
1366 960 1637 1013 posterioreS‚

153 1031 177 1059 a
209 1021 356 1072 quibus
396 1023 498 1065 haec
538 1026 659 1078 copia
689 1025 800 1065 fluxit
841 1025 925 1064 sere
966 1028 1074 1076 tota,
1116 1025 1336 1077 aliquoties
1378 1028 1566 1077 putemus
1596 1025 1639 1065 in

153 1088 354 1129 tramitem
393 1089 626 1132 declinasse
665 1091 839 1132 alienum
875 1091 1120 1143 nominaque
1160 1090 1386 1142 protulisse
1425 1090 1637 1143 principiis

153 1152 240 1192 suis
278 1153 544 1197 dissentanea
575 1156 648 1198 sed
676 1158 855 1198 numeris
887 1157 1063 1210 poeticis
1092 1156 1305 1196 habiliora.
1357 1155 1532 1197 Proinde
1563 1167 1639 1197 su-

153 1228 453 1269 pervacaneum
486 1224 605 1264 fuerit
634 1234 832 1276 quaerere
862 1228 991 1263 utrum
1009 1222 1201 1263 Manetho
1222 1219 1438 1276 ἡγεμονηίς
1458 1222 1508 1263 ab
1538 1218 1639 1275 ἡγε-

153 1282 304 1334 μονεύς
341 1286 587 1328 derivaverit
618 1300 669 1328 an
700 1288 749 1328 ab
780 1285 944 1340 ἡγεμών
975 1292 1014 1329 et
1046 1284 1234 1342 ἡγεμονίς
1264 1292 1304 1329 et
1336 1299 1416 1341 quo
1449 1287 1636 1341 exemplo

159 1348 210 1388 ab
243 1351 387 1392 eodem
419 1352 653 1406 omoztaqa'gffl’
689 1354 822 1395 fictum
864 1354 918 1395 sit
957 1354 1022 1394 vel
1051 1355 1242 1407 Λελεγηίς
1271 1354 1410 1407 Steph.
1442 1353 1556 1396 Ovid.
1584 1376 1640 1384 --

158 1413 395 1466 Chryseidis
426 1424 544 1471 pater
573 1430 656 1459 non
686 1416 895 1470 Χρυσεύς,
927 1419 1036 1471 quod
1067 1420 1204 1461 Schol.
1235 1420 1354 1460 Dion.
1386 1419 1410 1460 l.
1443 1430 1476 1459 c.
1509 1419 1639 1472 ponit,

156 1487 327 1523 vocatur
366 1485 440 1525 sed
470 1482 641 1539 Χρύσης
671 1491 709 1526 et
750 1485 798 1526 de
829 1485 1003 1538 Κισσηίς
1039 1485 1254 1536 ambigitur
1286 1489 1419 1525 utrum
1450 1484 1506 1525 ad·
1529 1485 1640 1524 Κισ-

155 1543 252 1593 σεύς
280 1551 482 1599 pertineat
511 1563 561 1592 an
593 1552 642 1592 ad
673 1552 832 1603 Κισσῆς
862 1551 1000 1592 Schol.
1029 1551 1140 1602 Lips.
1170 1550 1299 1591 Ι1.Χ[.
1331 1550 1422 1591 222.
1450 1549 1639 1603 idemque

155 1622 305 1653 nomen
343 1620 407 1656 est
440 1614 623 1669 Περσεύς
654 1621 692 1657 et
726 1614 890 1670 Πέρσης
926 1629 961 1658 v.
995 1615 1087 1657 Sch.
1122 1615 1219 1666 Lyc.
1251 1615 1368 1657 1175.
1401 1615 1638 1656 Schneider.

157 1675 288 1718 Grani.
331 1681 376 1721 ΙΙ.
409 1683 444 1734 1,
475 1682 567 1724 317.
610 1682 716 1723 unde
754 1683 910 1723 Hecate
946 1681 1124 1722 Perseis.
1181 1680 1292 1721 Haec
1334 1685 1490 1734 autem,
1535 1692 1641 1733 quae

155 1747 487 1801 percensuimus,
526 1760 753 1801 paronyma
784 1751 879 1789 sunt
909 1746 960 1787 ad
990 1758 1112 1786 unum
1143 1747 1278 1787 omnia
1306 1758 1382 1787 nec
1413 1746 1640 1798 probabilis

157 1814 222 1850 est
251 1810 467 1865 Porphyrii
497 1816 703 1855 sententia
732 1814 782 1855 ad
802 1813 845 1854 Il.
868 1813 911 1854 V.
934 1812 1026 1854 422.
1047 1813 1254 1853 Minervae
1272 1813 1483 1864 epitheton
1499 1809 1639 1854 Ἀλαλ-

156 1877 347 1929 κομενηίς
383 1890 467 1919 11011
504 1880 554 1921 ab
585 1881 686 1922 urbe
715 1879 995 1921 Alalcomenis
1033 1889 1109 1919 nec
1146 1878 1196 1918 ab
1226 1878 1509 1920 Alalcomenio
1541 1891 1642 1932 quo-

158 1940 248 1982 dam
280 1942 442 1985 ductum
475 1956 569 1987 esse
601 1946 675 1988 sed
705 1957 728 1986 a
757 1945 908 1996 verbo;
940 1955 1170 1996 quanquam
1199 1944 1304 1985 idem
1330 1945 1529 1986 statuisse
1551 1945 1642 1985 Ari-

159 2009 366 2050 starchum
403 2022 426 2050 a
457 2011 666 2063 Stephano
708 2010 1000 2062 comperimus:
1037 2004 1349 2063 Ἀλαλκομένιον
1387 2007 1468 2050 ἀπὸ
1501 2006 1643 2050 Ἀλαλ-

160 2071 373 2126 κομενέως,
405 2072 452 2123 ὃς
480 2074 551 2117 καὶ
574 2073 760 2130 Ἀθηνᾶν
788 2076 954 2129 ἵδρυσεν
978 2070 1330 2128 Ἀλαλκομενηίδα·
1361 2071 1413 2116 οὐ
1432 2072 1510 2128 γὰρ
1529 2072 1641 2129 παρὰ

158 2135 207 2180 τὸ
245 2135 436 2182 ἀλαλκεῖν
476 2139 532 2190 ὡς
564 2139 844 2197 Ἀρίσταρχος·
893 2134 947 2194 ἦν
974 2137 1053 2194 γὰρ
1078 2137 1296 2194 Ἀλαλκηίς.
1347 2141 1437 2182 Hoc
1467 2153 1640 2195 prorsus

161 2217 328 2249 enorme
359 2209 478 2262 foret,
509 2220 586 2250 nec
616 2210 716 2251 satis
749 2208 955 2261 explicata
983 2207 1213 2249 Aristarchi
1251 2207 1354 2248 ratio
1396 2208 1463 2259 qui
1493 2217 1643 2249 nomen

159 2272 259 2315 illud
290 2273 340 2315 ab
365 2270 665 2330 Ἀλαλκομενίς,
705 2274 786 2317 hoc
816 2279 948 2318 autem
978 2274 1029 2316 ab
1058 2269 1336 2327 ἀλαλκομενής
1365 2273 1428 2325 (ut
1456 2268 1642 2327 εὐμενής,

248 2461 308 2504 59)
342 2461 538 2505 Stephanus
564 2459 735 2494 Ῥοίτειον
768 2481 809 2487 »-
835 2459 1022 2497 ‘potastis
1059 2460 1119 2492 καὶ
1150 2457 1322 2496 'Penatis-
1354 2459 1416 2492 καὶ
1434 2456 1560 2496 ‘Pontis‘
1581 2457 1643 2491 διὰ

159 2516 222 2549 τοῦ
248 2521 281 2555 ἵ,
309 2518 383 2551 sine
413 2517 517 2551 dubio
543 2516 765 2553 scribendum
791 2519 843 2551 est
864 2514 1027 2557 Ῥοιτηίς,
1053 2525 1131 2550 nam
1152 2513 1304 2551 Ῥοιτεύς
1324 2514 1381 2550 vel
1404 2513 1545 2547 Ῥοῖτον
1575 2522 1644 2548 non

162 2576 266 2607 extat.
315 2572 386 2608 Sed
419 2571 589 2613 Οἱλιάδης
613 2582 675 2618 pro
703 2570 895 2612 οἰληιάδης
922 2572 1115 2614 successit,
1141 2570 1209 2605 hoc
1234 2580 1296 2614 pro
1328 2569 1489 2611 Οἰλείὸης
1511 2573 1549 2605 ut
1572 2572 1643 2610 Πη-

160 2627 318 2668 ληιάδης.

249 2694 309 2736 60)
347 2694 541 2738 Hesychius
571 2693 820 2735 Ἐπιποληίδες
856 2691 1030 2738 περόναι,
1076 2693 1223 2729 sortasse
1257 2702 1318 2738 pro
1355 2690 1577 2736 ἕπιβοληίὸες
1608 2693 1644 2724 ut

162 2749 276 2794 paullo
306 2753 383 2785 ante
407 2750 571 2794 'sinistam‘
592 2749 754 2794 περόναι.
