1699 3021
289 158 355 200 ΒΕ
386 157 506 199 MUT.
538 157 744 200 TERMlN.
775 157 973 200 musis,
1023 158 1111 205 oi.
1149 164 1186 208 §-
1205 160 1240 201 4.
1444 129 1525 216 Ῑῇξ

30 267 128 307 tium
158 277 192 307 v.
224 267 442 308 Maetzner.
472 265 521 307 ad
549 266 718 317 Lycurg.
748 277 784 318 p.
813 265 903 307 295.
961 266 1104 318 Poppo
1134 267 1184 308 ad
1206 267 1327 309 Tliuc.
1349 268 1411 310 III.
1431 268 1496 311 68.

27 341 111 372 non
138 331 247 372 valet
277 331 326 372 de
347 332 537 383 Homero,
568 331 635 382 qui
659 331 787 371 altero
821 331 976 371 culmen
1009 332 1221 385 significat,
1251 333 1380 373 altero
1408 335 1498 375 cul-

26 407 132 438 mum
174 408 210 437 v,
259 397 460 448 Spitzner.
504 395 600 436 Exc.
638 395 866 436 XXXVI.²¹
940 395 991 435 Et
1042 407 1092 436 ne
1138 396 1300 448 longius
1341 399 1497 452 faciam,

26 472 147 514 quum
177 464 488 513 conjugatorum
518 462 721 501 nominum
752 472 847 512 pars
878 462 1050 501 maxima
1080 463 1304 502 communis
1328 465 1496 515 originis

25 526 200 577 vestigia
230 531 365 567 servet.
396 525 468 567 sed
498 526 554 565 ita
585 529 717 565 tamen
748 530 790 565 ut
821 537 936 565 suum
967 526 1142 578 quidque
1183 529 1299 578 quasi
1330 528 1494 581 vultum,

26 601 143 632 suum
174 602 318 631 sonum
350 596 388 631 et.
419 591 598 631 colorem
631 591 821 631 ostendat
853 592 937 631 sere
967 596 1007 631 ut
1033 591 1277 645 hominibus,
1307 594 1373 644 qui
1395 605 1496 634 eos-

26 654 115 695 dem
153 661 345 707 parentes
376 655 545 707 liabent,
591 655 729 707 socies
768 668 851 696 non
883 656 1074 697 omnibus
1106 669 1192 698 una
1222 669 1297 698 nec
1327 659 1497 699 (linersa

27 721 190 771 tamen,
232 721 323 772 quis
356 720 513 760 tandem
545 721 650 761 scire
683 724 821 771 potest
860 733 1058 773 quaenam
1090 734 1228 763 eorum
1267 735 1496 775 synonyma

26 783 104 825 dici
126 787 348 837 oporteat?
388 797 479 825 num
510 796 614 837 quae
646 796 786 826 omncs
818 788 1138 838 significationes
1169 789 1273 829 inter
1303 801 1349 830 se
1379 801 1496 829 com-

24 860 168 891 munes
198 850 349 890 liabent
380 861 430 889 an
461 862 564 902 quae
595 851 814 904 plerasque
845 864 895 892 an
933 864 1037 904 quae
1068 854 1258 905 aliquas?
1328 855 1497 895 Aristo-

27 915 130 956 teles
161 914 296 956 Probl.
326 915 463 957 XXIII.
491 917 528 957 5.
559 918 796 968 vertiginem
828 929 1021 969 aquarum
1052 919 1172 959 modo
1203 919 1321 959 δῖνον
1349 920 1497 971 appel-

25 979 102 1033 lat,
140 979 261 1020 modo
301 979 439 1034 δίνην,
487 981 560 1022 sed
600 986 743 1023 tornus
783 988 822 1023 et
861 985 1050 1035 poculum
1089 985 1312 1025 masculine
1351 984 1497 1026 dicitur

25 1044 168 1086 solum.
226 1044 335 1085 Inter
373 1042 496 1097 δορός
535 1050 574 1086 et
613 1044 737 1098 δορά,
784 1044 880 1099 χόος
909 1054 947 1089 et
977 1045 1050 1101 χοή
1082 1050 1251 1090 Interest
1283 1050 1495 1101 plurimum

25 1110 98 1152 sed
136 1107 235 1162 ῥόος
270 1111 376 1151 inter
416 1118 538 1163 atque
578 1109 654 1164 Q‘oij
696 1113 933 1165 plerumque
972 1115 1068 1154 nihil
1098 1115 1175 1155 nisi
1207 1114 1314 1166 quod
1345 1120 1495 1166 poetae

25 1177 130 1230 epici
169 1177 435 1218 masculinum
475 1177 693 1228 singularis
733 1180 967 1230 praeferunt
997 1183 1039 1220 ut
1069 1181 1257 1221 versibus
1288 1181 1436 1234 apulis,
1458 1182 1497 1206 22

25 1242 99 1285 sed
129 1254 202 1296 pro
234 1236 335 1296 ῥοῦς
362 1246 591 1295 γυναικεῖος
620 1244 855 1284 inusitatum
887 1250 950 1285 est
979 1242 1079 1297 ροή,
1119 1256 1251 1297 neque
1281 1245 1360 1285 hoc
1390 1245 1495 1286 (1ίοί-

26 1312 90 1351 ῑιιι·
129 1309 178 1350 de
217 1314 335 1350 aestu
379 1308 453 1349 sed
500 1309 639 1359 potius
686 1305 790 1349 κατὰ
825 1308 930 1360 ῥοῦν
966 1307 1199 1363 φέρεσθαι..
1247 1307 1417 1361 Φθόρος
1455 1316 1496 1352 et

25 1371 170 1429 φθορά
200 1375 342 1415 eodem
373 1378 468 1415 sunt
508 1373 613 1425 apud
647 1385 787 1414 omnes
826 1375 919 1415 loco
952 1381 1233 1428 praeterquam
1262 1377 1497 1428 imprecan-

26 1445 89 1482 tes
129 1438 169 1488 ἐς
209 1437 385 1492 φθόρον.
445 1437 600 1491 Χύτροι
638 1440 837 1489 significat
886 1452 1084 1481 cavernas
1132 1441 1302 1482 ollarum
1340 1443 1495 1484 similes

25 1505 174 1548 Herod.
204 1506 284 1546 VII.
317 1505 406 1546 176.
447 1505 648 1557 Theophr.
679 1505 780 1546 Hist.
812 1505 872 1546 IV.
906 1506 968 1559 11,
995 1506 1032 1547 8.
1079 1506 1196 1547 l'aus.
1227 1507 1289 1547 IV.
1319 1506 1383 1548 35.
1423 1507 1497 1549 sed

27 1571 148 1613 ollam
179 1572 310 1624 ipsam
341 1570 526 1622 Diphilus
564 1568 716 1623 χύτρον
745 1572 908 1611 vocavit
947 1571 1045 1611 Poll.
1085 1571 1131 1612 X.
1153 1570 1217 1612 99.
1248 1573 1496 1624 saepiusque

26 1636 229 1678 NIcander
276 1641 315 1676 et
355 1637 422 1676 alii
471 1637 511 1676 in
549 1636 669 1676 Anth.
709 1637 770 1676 VI.
812 1647 849 1676 n.
888 1635 979 1677 305.
1021 1640 1060 1676 et
1096 1636 1246 1678 306.23
1284 1642 1498 1688 poetarum

21 1704 114 1755 jure
144 1702 207 1742 usi
238 1702 305 1753 qui
334 1701 560 1741 masculina
598 1706 750 1752 ponunt
792 1713 865 1752 pro
899 1701 1100 1741 femininis
1131 1698 1268 1751 ζάλος,
1305 1699 1498 1755 καλάμιν-

24 1769 117 1818 θος,
147 1766 298 1818 ἰἀκχος,
328 1763 512 1818 μόμφος,
545 1770 580 1806 et
606 1778 678 1818 pro
704 1767 859 1806 neutris
891 1761 914 1805 ὁ
935 1763 1107 1818 θάμβος,
1138 1763 1160 1806 ὁ
1190 1764 1323 1818 ξύρος,
1356 1763 1378 1807 ὁ
1405 1765 1497 1822 δόρ-

24 1846 122 1883 πος,
161 1827 184 1872 ὁ
214 1834 409 1885 σφαῑρος,
455 1831 564 1884 quod
592 1831 773 1872 Achilles
806 1831 945 1871 Tatius
977 1842 1066 1872 cum
1096 1832 1303 1873 homerico
1333 1830 1499 1887 ἕσπερος

113 1980 173 2024 21)
193 1978 228 2013 ‘0
261 1978 324 2020 τὴν
355 1978 498 2023 ὀροφὴν
530 1976 673 2022 ἀνέχων
703 1980 790 2010 κίων
820 1979 906 2012 Plut.
934 1978 972 2013 V.
999 1978 1094 2013 Rom.
1123 1979 1271 2014 XXVIII.
1303 1978 1321 2013 ὃ
1346 1982 1434 2013 κίων
1459 1980 1497 2018 ὃς

25 2034 88 2069 τὸν
112 2035 254 2081 ὄροφον
277 2034 401 2078 ἀνεῖχε
426 2034 527 2069 Paus.
551 2034 625 2068 vll.
652 2034 683 2076 9,
709 2033 740 2068 3.
769 2043 835 2076 quo
861 2042 990 2076 genere
1015 2034 1140 2069 Sextus
1170 2046 1199 2069 (τ.
1225 2035 1326 2079 Phys.
1353 2035 1396 2070 11.
1419 2036 1495 2073 650.

26 2090 134 2127 semel
167 2091 288 2133 utitur,
324 2091 440 2126 sexies
477 2089 643 2133 deinceps
670 2089 844 2124 feminino.
893 2088 1140 2134 Moschopulus
1165 2090 1253 2124 Dict.
1280 2090 1348 2125 Att.
1377 2089 1497 2135 ὀροφή

26 2143 230 2192 κρεῖσσονῆ
260 2145 406 2189 ὄροφος.

113 2205 173 2248 22)
197 2215 228 2239 v.
255 2205 425 2250 Spitzner.
454 2204 497 2240 de
532 2213 620 2239 vers.
648 2202 721 2238 her.
751 2213 784 2247 p.
813 2203 867 2239 76.
895 2203 958 2238 sed
984 2203 1047 2247 ῥοὴ
1075 2204 1235 2247 &luniaco
1263 2205 1343 2239 Eur.
1370 2205 1496 2240 Bacch.

25 2259 101 2297 281.
141 2260 294 2303 αἵματος
327 2259 464 2294 Maxim.
499 2260 575 2295 214.
607 2257 743 2301 (Ερμοῦ
770 2257 869 2291 Allth.
896 2257 950 2292 ῙΧ.
977 2258 1052 2293 645.
1084 2259 1252 2303 Ἰσμηνοῦ
1274 2260 1371 2294 Pind.
1398 2260 1496 2296 Nem.

25 2314 80 2350 xl.
107 2315 163 2351 46.
189 2314 254 2347 σῦν
280 2314 450 2358 ἀπαύστῳ
476 2315 544 2364 ῥοῇ
568 2314 732 2349 Themist.
755 2314 811 2347 Or.
835 2312 965 2347 XXXII.
990 2313 1066 2349 363.
1092 2314 1130 2348 B.
1174 2313 1360 2360 Utrumque
1388 2325 1498 2359 genus

27 2370 170 2406 alternat
192 2370 287 2406 Aret.
315 2370 410 2413 Sign.
443 2370 603 2405 Diut.11.
633 2369 685 2404 11.
733 2368 896 2412 Hippocr.
931 2368 974 2403 de
1011 2367 1115 2403 Locc.
1152 2370 1185 2403 in
1220 2369 1317 2404 Hom.
1355 2381 1389 2415 p.
1421 2370 1496 2407 113.

26 2433 77 2469 sq.
104 2423 140 2459 T.
167 2424 211 2459 11.

112 2484 174 2527 23]
201 2483 338 2529 Χύτρος
369 2484 437 2518 1οοί
471 2493 596 2519 nomen
631 2487 683 2520 est
718 2483 858 2518 Aristot.
893 2483 965 2519 Pol.
992 2484 1029 2518 V.
1056 2485 1087 2520 3.
1116 2495 1148 2528 p.
1179 2485 1274 2528 1303,
1299 2485 1331 2521 9.
1370 2484 1499 2530 χύτροι

29 2538 101 2574 diei
135 2538 214 2574 sesti
245 2538 349 2573 Arist.
386 2539 493 2573 Rann.
526 2539 603 2575 218.
649 2539 707 2573 ubi
742 2540 845 2582 pauci
881 2539 982 2573 codd.
1025 2539 1156 2583 χύιραι
1196 2543 1232 2574 ut
1264 2539 1498 2575 Schneiderus

28 2593 139 2629 edidit
160 2595 195 2627 in
220 2593 295 2627 Nic.
326 2593 381 2629 Fr.
408 2593 462 2628 IV.
510 2595 646 2638 Χυτροί
673 2593 773 2631 πόλις
805 2593 876 2627 ἀπὸ
901 2593 1042 2638 Χύτρου
1076 2594 1194 2638 Stepli.
1230 2595 1397 2631 mendoso
1423 2595 1498 2630 sor-

27 2651 121 2684 tasse
154 2652 299 2684 accentu
330 2652 368 2683 ut
403 2649 648 2693 appellativum
680 2647 812 2694 χυιρός
846 2650 879 2682 in
912 2649 989 2683 cod.
1023 2649 1093 2683 Pal.
1131 2649 1231 2684 Anth.
1267 2648 1321 2683 IX.
1358 2659 1389 2683 n.
1419 2650 1496 2685 305.

30 2706 146 2738 contra
170 2704 324 2746 regulam
347 2703 426 2738 Arc.
451 2706 506 2741 74.

78 2768 218 2801 Lobeck.
242 2770 420 2809 l'aelmlog.
1195 2761 1220 2801 2
