1731 3021
182 173 212 215 4
671 173 1101 217 DISSERTATIO
1150 174 1177 216 I.

187 294 266 334 que
295 279 440 334 κόχλος
459 279 654 335 -κάλχη
686 282 823 323 Schol.
853 283 902 323 ad
927 284 1052 336 Soph.
1075 285 1168 326 Ant.
1191 284 1285 325 20.¹
1313 281 1666 338 μόρος-μοῖρα,
1727 317 1730 322 ,

187 345 318 400 κρήνη
337 372 390 376 -
412 345 613 400 κρουνός,
652 345 832 400 δραγμός
850 372 904 376 —-
924 347 1103 402 δραχμή,
1142 353 1279 403 τοῖχος
1297 374 1352 379 —-
1370 353 1521 403 τεῖχος,
1567 348 1667 404 θρό-

186 428 259 461 νος
272 438 324 441 —>
335 415 512 466 θρῆνος,
544 414 609 454 vel
634 414 754 453 etiarn
774 414 1036 456 incrementis
1058 417 1244 457 finalibus
1265 413 1443 469 γλαυκός
1460 439 1515 444 -
1534 418 1668 457 Γλαυ-

188 481 278 527 κίας
300 505 352 508 --«
376 480 593 521 Γλαυκίωυ
617 504 670 507 -
694 477 927 533 Γλαυκέτης
948 504 1002 509 ——
1020 483 1287 533 γλαυκίσκος,
1324 480 1472 536 ἕρημος
1499 505 1551 510 -
1580 479 1669 537 ἐρη-

188 550 329 599 μαῑος,
367 544 523 600 τυφλός
544 571 597 575 —
619 548 836 599 τυφλῖυος,
867 545 995 597 ῥίπτω
1024 572 1078 576 ——
1108 545 1285 599 ῥιπτάζω
1316 552 1413 600 616.,
1455 551 1667 600 postremo

191 613 401 665 prosthesi
444 617 483 653 et
524 613 752 664 apliaeresi.
835 612 951 660 Quod
1000 614 1035 653 51
1082 615 1314 665 quaerimus
1354 625 1443 666 quo
1491 614 1667 654 consilio

193 678 335 719 Graeci
365 683 424 718 tot
446 683 608 730 tamque
631 679 766 718 varias
791 679 1085 719 vocabulorum
1115 681 1278 731 species
1310 680 1549 733 invexerint,
1578 691 1669 720 ma-

190 745 383 784 nifestum
424 748 487 784 est
527 744 628 784 alias
668 745 932 784 necessitatis
963 755 1090 784 causa
1118 745 1376 785 introductas
1407 756 1523 799 esse,
1565 738 1670 786 alias

193 809 495 850 commoditatis
527 814 566 850 et
602 810 840 860 elegantiae.
885 810 987 850 Nam
1018 820 1140 860 quum
1169 810 1345 850 inventis
1375 821 1510 851 rerum
1538 822 1670 852 voca-

192 875 298 916 bulis
335 876 632 926 principalibus
670 885 847 915 necesse
886 878 1000 914 esset
1039 885 1179 915 earum
1216 886 1350 915 rerum
1384 877 1670 930 cognationes,

193 940 500 993 similitudines,
537 941 786 981 differentias
824 941 1004 992 propriis
1047 939 1241 991 distingui
1276 941 1406 994 notis,
1446 941 1487 983 id
1516 953 1672 983 001156-

192 1006 305 1058 quuti
344 1009 439 1046 sunt
477 1008 602 1047 variis
634 1007 713 1047 illis
745 1008 860 1046 vocis
892 1007 1121 1058 primitivae
1151 1006 1345 1057 flexibus,
1394 1011 1433 1048 et
1464 1007 1531 1047 ubi
1559 1007 1673 1049 nulla

192 1072 457 1112 distinctione
497 1084 602 1124 opus
640 1076 750 1125 erat,
794 1077 927 1112 tamen
968 1072 1167 1112 orationis
1206 1072 1430 1113 comandae
1465 1084 1594 1114 causa
1630 1077 1672 1115 et

191 1149 244 1178 ne
283 1138 419 1178 omnia
457 1138 508 1177 ad
548 1150 668 1179 unam
700 1140 870 1179 sormam
900 1138 1104 1190 dicerent,
1146 1149 1273 1189 saepe
1302 1138 1462 1179 inflexis
1494 1140 1553 1179 uti
1580 1150 1672 1181 ma-

192 1203 353 1243 luerunt
383 1215 503 1255 quain
534 1206 670 1246 rectis.
728 1205 815 1245 Neo
844 1215 979 1244 rarum
1011 1205 1095 1256 fuit,
1129 1204 1289 1256 opinor,
1318 1208 1362 1244 ut
1391 1205 1432 1244 in
1460 1205 1563 1256 ipsis
1592 1205 1672 1245 fin-

191 1269 312 1321 gendi
343 1270 547 1311 sermonis
582 1271 814 1322 primordiis
844 1282 924 1310 uno
957 1270 1183 1322 eodemque
1222 1270 1315 1310 nisu
1344 1270 1464 1311 binae
1495 1270 1672 1311 ederen-

192 1339 257 1374 tur
295 1336 449 1375 sormae
489 1337 608 1387 quasi
648 1348 771 1389 poma
806 1336 982 1387 gemella
1020 1336 1177 1389 solent,
1218 1347 1387 1387 quarum
1425 1341 1573 1378 neutra
1601 1341 1672 1378 aut

193 1402 397 1452 primitiva
427 1400 505 1441 dici
536 1406 676 1453 potest
707 1406 775 1442 aut
805 1402 1041 1442 derivativa.
1100 1401 1181 1442 Sed
1212 1414 1317 1453 quae
1345 1403 1425 1442 sint
1447 1404 1526 1444 hoc
1547 1402 1670 1444 modo

192 1471 290 1507 nata
319 1467 536 1522 vocabula,
566 1469 673 1509 scire
703 1480 787 1508 non
815 1468 932 1520 licet,
980 1479 1105 1520 (piare
1146 1467 1195 1508 de
1234 1467 1428 1510 derivatis
1459 1470 1673 1523 loquemur

194 1537 386 1585 tanquam
418 1533 532 1575 solis,
590 1534 743 1574 Horum
771 1538 919 1587 autem,
950 1538 992 1574 ut
1020 1533 1142 1574 modo
1169 1533 1263 1588 dixi,
1293 1536 1458 1586 species
1487 1546 1568 1575 una
1595 1537 1673 1589 est,

194 1611 274 1651 qua
303 1599 537 1640 intellectus
564 1604 753 1652 mutatur,
785 1599 835 1639 ad
863 1610 980 1639 usum
1010 1601 1270 1652 necessaria3
1310 1601 1451 1655 altera,
1481 1612 1562 1653 qua
1587 1611 1673 1641 non

193 1669 382 1718 mutatur,
414 1665 464 1705 ad
496 1669 681 1705 ornatum
713 1667 903 1719 pertinet,
933 1666 1043 1706 velut
1072 1666 1174 1707 haec
1203 1669 1334 1719 niqer,
1366 1668 1560 1718 niqellus,
1600 1668 1672 1708 ηἰ-

193 1743 281 1783 yro,
314 1733 473 1782 myreO,
506 1732 679 1781 myriw,
712 1733 916 1782 01916300,
949 1734 1106 1783 mmor,
1139 1733 1325 1784 πέρι-6110,
1349 1732 1579 1783 niyritudo,
1600 1733 1672 1772 1ιὶ-

193 1799 346 1847 mina,
388 1807 561 1848 quorum
591 1797 721 1847 prima
751 1807 870 1848 quam
900 1797 1115 1848 plurimum
1143 1798 1250 1838 inter
1280 1809 1325 1838 se
1353 1797 1551 1851 differunt,
1581 1809 1672 1838 me-

195 1863 261 1903 dia
299 1874 382 1903 non
420 1862 539 1914 nihil,
580 1866 763 1902 extrema
801 1863 868 1902 vix
907 1862 1017 1914 quod
1048 1863 1191 1909 sentiri
1221 1864 1370 1915 possit.
1424 1863 1511 1904 Nec
1540 1864 1673 1904 minor

196 1929 445 1969 Graecorum
476 1928 643 1968 ubertas
676 1932 757 1966 tum
788 1928 829 1967 in
859 1928 1131 1969 substantivis
1161 1926 1293 1982 λήσμη
1326 1927 1574 1983 (ἐπιλήσμη),
1605 1931 1672 1983 λη-

193 1991 351 2044 θεὸών,
389 1991 627 2047 ληθοσύνη,
667 1990 907 2046 λησμοσύνη
937 2018 991 2022 —-
1017 1990 1144 2046 χαρά,
1192 1991 1349 2046 χάρις,2
1385 1992 1538 2049 χάρμη,
1576 2010 1672 2049 χαρ-
1730 2008 1731 2042 3

193 2058 325 2114 μονή,
354 2057 606 2113 χαρμοσύυη,
636 2056 855 2113 χαιρηὸών,
887 2063 967 2100 111111
997 2060 1037 2099 111
1067 2058 1280 2111 adjectivis
1308 2058 1461 2114 νύχιος,
1490 2059 1670 2114 νύκτιος,

192 2124 400 2179 νύκτερος,
431 2122 652 2177 νυκτέριος,
682 2122 930 2177 νυκτερινός,
960 2123 1225 2178 νυκτερήσιος
1246 2151 1299 2155 -
1316 2122 1494 2181 ὑδαρὸς,
1522 2125 1672 2182 ὑδατη-

193 2191 278 2247 ρός,
310 2189 512 2242 ὗὸάτιυος,
543 2188 749 2241 ὑδατικός,
778 2188 1002 2244 ὑδατώδης,
1033 2187 1216 2242 ὑδαλέος,
1245 2189 1448 2245 beandas,
1478 2196 1599 2236 tertio
1628 2195 1672 2236 in

192 2259 330 2300 verbis
363 2255 542 2311 ἀλέομαι,
572 2255 750 2310 ἀλύσκω,
782 2256 1008 2309 ἀλυσκάζω,
1038 2254 1201 2299 ἀλεείνω
1229 2263 1304 2300 616.
1360 2260 1447 2301 Jarn
1477 2265 1521 2302 ut
1549 2271 1669 2302 nemo

282 2402 318 2444 1)
346 2401 470 2445 Κάχλη
493 2400 713 2446 ἧπορᾳύρα,
740 2398 757 2433 ὃ
778 2399 909 2444 κόχλος
932 2399 1048 2433 SchOI.
1073 2399 1115 2433 ad
1135 2399 1278 2434 DOSiad.
1299 2400 1334 2433 in
1355 2400 1457 2435 Anth.
1482 2401 1518 2435 P.
1535 2410 1569 2444 p.
1589 2400 1667 2437 825.

192 2455 273 2491 Utra
299 2457 407 2492 forma
434 2459 615 2502 antiquior,
640 2459 890 2499 incompertum
914 2455 978 2490 sed
1004 2457 1037 2488 in
1064 2459 1134 2489 arte
1159 2457 1382 2499 praeponitur
1406 2456 1606 2490 masculina.

279 2512 318 2556 2)
350 2513 614 2558 Καλλίστρατος
640 2511 747 2558 χάρις
771 2511 851 2544 ἀντὶ
876 2511 938 2544 τοῦ
961 2510 1060 2556 χαρά
1092 2511 1209 2544 Schol.
1238 2510 1302 2544 Od.
1333 2511 1388 2545 VI.
1415 2512 1470 2547 29.
1500 2509 1671 2547 πολλάκις

192 2566 227 2598 οἶ
249 2569 393 2607 ποιηταὶ
422 2569 483 2609 τὴν
505 2567 617 2613 χάριν
639 2566 762 2612 χαράν
785 2567 957 2600 καλοῦσιν
980 2567 1131 2601 Erotium.
1161 2565 1367 2609 Apollonius
1392 2566 1499 2601 Lex.:
1541 2565 1669 2610 ἀχαρί-
1728 2571 1731 2574 “

191 2632 319 2666 στερον
350 2622 655 2668 ἄχαρισιόῑερον,
691 2621 708 2655 ὅ
744 2622 782 2655 δὲ
801 2623 939 2655 Ἀπίων
962 2620 1226 2667 λυπηρότερον,
1262 2631 1330 2665 quo
1357 2620 1487 2657 Coraes
1513 2622 1556 2656 ad
1580 2621 1667 2656 Plut.

190 2676 227 2711 Τ.
256 2677 312 2712 Vl.
338 2678 415 2714 326.
450 2678 673 2721 Polybianum
698 2678 792 2721 μετὰ
820 2677 949 2719 πολλῆς
975 2678 1095 2722 χαρᾶς
1121 2676 1223 2712 XXII.
1253 2679 1305 2714 17.
1343 2682 1469 2713 11161111.
1503 2678 1547 2713 cs.
1575 2678 1669 2714 Her-

192 2742 304 2767 mann.
330 2733 372 2766 ad
400 2732 512 2767 01651.
543 2735 616 2769 155.
