1699 3021
157 164 225 206 DE
256 163 382 206 NOM.
415 163 634 214 QUORUM
664 163 920 207 CHARACT.
949 163 1051 207 EST
1079 165 1172 209 Μῦ.
1205 167 1247 209 C.
1272 168 1316 211 11.
1338 174 1376 218 ὃ.
1399 169 1435 211 2.
1488 171 1573 216 169

101 279 142 315 et
179 273 354 315 Glossae
401 278 546 315 auctor
582 274 932 325 interpretamenti
981 273 1076 314 loco
1121 272 1272 323 κλάδος
1309 278 1570 333 subscripsit.

98 340 177 381 Pro
215 337 402 392 Τήλαμος
430 340 632 392 Lycophr.
668 339 784 380 1333.
805 339 845 379 in
865 338 981 379 codd.
1005 339 1161 391 aliquot
1189 339 1404 394 Τήλαμνος
1433 347 1571 398 scrip-

98 410 182 446 tum
211 410 275 446 est
305 407 393 446 siue
425 406 505 445 ullo
537 406 652 446 metri
693 405 988 455 emolument03
1028 405 1101 445 sed
1142 400 1383 459 ἀπάλαμνος
1419 416 1570 462 poetae

98 471 357 523 protulerunt
387 472 598 512 brevitatis
632 470 859 511 fulciendae
899 481 1026 511 causa
1066 475 1108 511 ut
1136 469 1354 525 νώνυμνος
1392 481 1432 516 et
1463 478 1573 529 quod

97 536 352 577 Hermannus
384 536 558 577 Pindaro
591 540 761 589 perapte
790 535 976 576 retribuit
1014 534 1220 589 δίδυμνος.
1292 543 1570 594 Παλαμναῐος,

97 602 206 654 quod
244 603 483 643 Eustathius
523 603 616 655 556,
648 602 681 643 1.
726 613 815 642 cum
845 602 924 643 hoc
954 603 1184 656 componit,
1223 604 1344 656 vulgo
1387 608 1572 651 obtinuit.

94 664 334 720 Ατέραμνος
363 679 460 708 vero
491 668 674 719 compari
708 672 820 708 caret
852 673 890 708 et
920 664 1192 720 σφὲνδαμνος,
1224 672 1340 721 cujus
1370 683 1422 712 ne
1454 674 1569 725 origo

99 733 260 785 quidem
309 735 412 775 satis
449 733 619 774 claret.⁷
675 734 942 775 Substantivo
973 731 1167 786 βέλεμνον
1196 736 1454 779 Herodianus
1483 740 1570 782 EM.

101 798 190 852 194,
221 800 258 840 3.
290 801 513 851 praestruit
543 800 731 840 ficticium
769 796 931 852 βέλεμος
960 797 1016 848 ὡς
1045 798 1120 854 ἔχω
1142 799 1329 855 Ἔχεμος,
1362 805 1569 856 quomodo

99 876 123 904 a
151 861 288 916 πλήμη
317 863 479 917 πλήμνη
510 869 551 905 et
579 861 814 917 πλὲμνιος,δ
844 878 867 906 a
896 864 974 906 ὁέω
1005 867 1114 920 ὄῆμα
1142 865 1372 921 κρήδεμνον
1414 874 1454 910 et
1491 870 1573 912 alia

98 933 190 969 orta
219 934 424 983 putantur,
455 931 529 971 sed
559 942 761 983 persaepe
794 933 1023 973 terminatio
1053 947 1170 985 μν-
1209 946 1259 975 ex
1299 945 1344 975 se
1374 937 1571 991 nascitur,

96 1004 122 1034 a
149 997 219 1046 κρῖ
243 998 429 1048 κρῖμνον,
463 1008 487 1036 a
515 994 621 1048 μέλω
654 997 741 1037 Sive
771 994 888 1047 μέλος
925 996 1097 1051 μέριμνα
1125 1019 1179 1032 z
1206 998 1410 1053 μερμήρα,
1448 1004 1571 1043 πολυ-

95 1055 287 1112 μὲριμνος
315 1081 369 1094 =
397 1058 712 1115 πολυμὲρμερος,
745 1074 768 1103 a
799 1063 1016 1103 thernatico
1047 1061 1154 1116 μέόω
1186 1067 1339 1106 metior
1375 1063 1571 1120 μέδιμνος

97 1126 157 1176 (et
185 1124 328 1179 μόδιος
356 1140 392 1168 v,
426 1128 654 1169 Hemsterh.
685 1127 735 1168 ad
764 1128 866 1169 Plut.
896 1141 932 1169 v.
963 1128 1108 1183 954.ss
1168 1131 1362 1171 Similiter
1392 1133 1514 1184 Igitur
1544 1147 1568 1176 a

95 1189 211 1245 βέλος
241 1191 456 1245 βέλεμνον,
495 1207 519 1235 a
555 1191 682 1234 κέλλω
719 1190 1022 1247 ἀμφικέλεμνον
1059 1191 1366 1248 ἀμφωτὲρωθεν
1406 1195 1571 1242 ὅκελλον

95 1258 192 1300 Hes.
227 1259 332 1300 unde
362 1260 599 1302 adverbium
628 1256 914 1313 ἀμφικελεμνίς
941 1261 1095 1302 Anecd.
1118 1262 1243 1303 Bekk.
1274 1266 1355 1303 tum
1383 1261 1571 1318 τέρεμυος

95 1321 262 1377 ἰσχυρὸς
289 1323 358 1365 καὶ
387 1323 616 1378 στερέμνιος
638 1327 733 1367 Hes.
763 1338 851 1367 cum
882 1332 1027 1367 neutro
1058 1324 1274 1380 τέρεμνον,
1315 1330 1424 1381 quod
1466 1333 1570 1374 sub-

96 1393 264 1432 stantivi
292 1392 386 1433 loco
417 1392 602 1433 habetur.
662 1391 809 1432 Suidas
839 1389 1005 1446 Αἰσύμη
1034 1391 1151 1441 πόλις
1169 1391 1239 1433 καὶ
1264 1391 1467 1449 Αἰσύμνη,
1502 1398 1569 1439 111-

95 1468 174 1510 que
207 1458 248 1499 Il.
280 1459 378 1499 VIII.
412 1458 504 1500 304.
536 1462 720 1499 veterum
751 1458 995 1500 Criticorum
1026 1460 1094 1500 alii
1124 1456 1367 1513 Αἰσύμηθεν
1384 1463 1571 1516 scripse-

95 1528 200 1577 runt,
238 1524 307 1565 alii
340 1522 611 1578 Αἰσύμνηθεν
650 1528 718 1565 aut
758 1528 929 1576 propter
967 1526 1043 1566 viri
1082 1536 1231 1566 nomen
1260 1526 1472 1580 Αἴσυμνος
1501 1534 1570 1571 aut

94 1591 213 1631 metri
247 1602 385 1632 causa.
450 1591 553 1631 Nam
592 1592 627 1631 si
665 1587 830 1644 Αἰσύμη
871 1595 911 1632 et
949 1591 1060 1643 quod
1101 1592 1335 1643 Stephanus
1385 1594 1569 1645 ejusdem

95 1656 208 1697 urbis
239 1667 387 1696 nomen
416 1660 531 1709 putat
559 1653 720 1709 Οἰσύμη
751 1669 801 1698 ex
830 1657 1067 1698 masculinis
1098 1657 1218 1708 hujus
1262 1658 1417 1699 formae
1442 1656 1569 1701 Ἕλυ-

95 1735 190 1774 μος,
221 1719 412 1773 Σόλυμος
451 1727 527 1762 etc.
566 1723 827 1774 aestimatur,
863 1722 1030 1774 ypsilon
1067 1722 1193 1762 breve
1233 1722 1356 1763 habet
1391 1724 1569 1778 ideoque

95 1787 166 1828 1110
197 1787 291 1827 1000
323 1787 452 1828 fulcro
483 1787 636 1838 indiget
664 1798 744 1839 quo
785 1791 1040 1828 sustentatur
1068 1783 1297 1839 νώνυμνος.
1357 1790 1439 1831 Sed
1465 1792 1567 1833 affe—

96 1858 240 1894 runtur
278 1853 511 1904 complures
553 1854 799 1894 sententiae:
847 1850 1116 1906 Αἰσύμνηθεν
1160 1853 1262 1902 ἴσως
1296 1855 1368 1908 τῆς
1406 1853 1569 1909 Νιρέως

97 1915 264 1971 Σύμης·
303 1918 342 1959 οἱ
379 1916 423 1958 δὲ
461 1915 542 1959 ἀπὸ
580 1919 795 1971 βασιλικοῦ
823 1915 980 1972 γένους,
1020 1922 1064 1959 ut
1098 1918 1305 1976 αἰσυμνᾷν
1344 1920 1490 1963 dicitur
1528 1929 1568 1965 et

95 1981 306 2037 αἰσυητήρ.
364 1985 453 2026 Hoc
485 1996 626 2036 parurn
658 1985 872 2037 probabile
901 1985 1084 2037 videtur,
1123 1984 1197 2026 sed
1227 1986 1324 2027 urbs
1357 1987 1566 2044 Thraciae,

96 2062 216 2104 quain
251 2049 507 2102 Thucydides
539 2055 578 2091 et
609 2051 735 2091 ceteri
770 2049 958 2104 Οἰσύμην
987 2055 1150 2104 vocant,
1184 2052 1225 2091 in
1259 2051 1430 2094 Diodori
1458 2065 1567 2106 quo-

97 2117 186 2158 dam
217 2117 310 2157 loco
342 2114 466 2169 Σύμη
497 2116 653 2156 dicitur.
715 2116 832 2164 Quod
863 2117 898 2157 si
928 2116 1185 2157 librariorum
1222 2117 1404 2158 incuriae
1435 2119 1568 2159 tribu-

94 2184 198 2223 imus
228 2194 347 2234 quam
375 2182 673 2233 Wesselingius
706 2181 855 2234 culpat,
886 2186 1019 2222 tamen
1050 2183 1116 2234 qui
1146 2182 1216 2222 illa
1245 2183 1569 2226 consideraverit

21 2300 23 2302 q
92 2245 205 2299 Ἀξός
234 2252 274 2289 ct
293 2245 446 2296 ’Όαξος
476 2248 564 2289 sive
597 2246 759 2296 Οἴαξος,
794 2247 967 2295 Οἴτυλος
997 2252 1037 2289 et
1072 2244 1218 2297 Τύλος,
1249 2244 1336 2301 γύψ
1365 2246 1564 2302 αἰγυπιὸς,

186 2459 224 2499 7]
260 2457 416 2493 Forsitan
448 2468 468 2494 a
503 2458 622 2503 σᾳήν,
657 2462 772 2503 σφῑζω
797 2461 820 2493 i.
848 2469 881 2503 q.
908 2460 1015 2503 σχίζω
1052 2457 1166 2497 findo,
1203 2466 1351 2500 namque
1383 2468 1466 2502 prae
1492 2459 1568 2494 aliis

98 2515 210 2548 aceris
235 2524 334 2546 cuneo
358 2513 462 2554 fissile
484 2514 588 2548 robur
611 2515 654 2551 ob
680 2515 850 2551 duritiem.
903 2515 978 2549 Nou
1002 2514 1122 2558 procul
1149 2512 1230 2547 hinc
1250 2512 1352 2548 distat
1371 2514 1567 2559 Σᾳενδαλή

99 2567 189 2603 demi
215 2569 308 2602 attici
333 2578 468 2606 nornen.

159 2642 163 2645 “
187 2633 224 2676 8)
250 2633 397 2678 Hesych.
423 2635 602 2679 Πλέμνιον
628 2636 788 2682 ἀρχαῖον
811 2637 950 2682 πλῆρες,
978 2635 1045 2670 hoc
1068 2638 1103 2670 ut
1128 2634 1318 2679 πλήσμιον.

190 2704 227 2747 9)
253 2703 428 2746 Ignotiora
453 2712 530 2742 sunt
555 2707 730 2752 (Ξθέλιμος
756 2714 789 2746 et
815 2709 1010 2751 ἀθέλιμνος
1035 2706 1143 2744 κακός
1169 2706 1248 2742 Hes-
