1731 3021
130 154 221 198 334
593 153 1027 197 DISSERTATIO
1074 155 1154 196 VII.

130 260 248 311 ποιός
276 263 372 303 Hes.
407 262 630 315 eademque
659 264 725 304 via
756 276 779 304 a
807 261 1003 304 παλάσσω
1032 261 1206 317 παλαχή,
1227 264 1241 290 ¹
1267 262 1460 316 ταράσσω
1490 262 1610 318 τάρα-

128 328 200 384 χή,
233 342 256 370 a
284 325 500 378 κανάσσω,
532 329 641 380 quod
671 330 836 382 proprie
867 330 1036 370 ebullire
1067 331 1324 382 significasse
1353 330 1513 371 videtur
1543 332 1609 371 vel

131 401 173 437 ut
202 396 288 437 EM.
319 395 411 448 310,
437 395 473 435 4.
503 391 550 434 τὸ
577 391 708 447 ἐγχέαι
737 393 804 434 καὶ
834 392 962 447 ἐκχέαι
992 393 1090 447 μετὰ
1118 393 1276 448 ψόφου,
1309 395 1609 436 substantivum

131 458 288 514 καναχή
320 465 359 501 ct
381 460 584 512 adjectiva
606 458 782 513 καναχός
805 465 841 501 et
868 458 1059 514 καναχής.
1092 461 1154 501 Ab
1178 461 1240 502 llis
1267 461 1433 513 Μίαχος
1454 458 1610 513 μιάσμα

129 529 225 570 Hes.
264 528 369 567 hanc
400 526 767 566 dissimilitudinem
796 527 918 567 habet
958 527 1066 578 quod
1099 527 1220 578 alpha
1251 538 1275 567 a
1303 527 1430 567 verbo
1461 525 1610 578 μιαίνω

130 594 395 645 anticipatum
429 596 504 631 est.
563 591 644 632 Sed
675 603 976 643 paragogorum
1007 603 1215 632 numerum
1246 603 1418 644 prorsus
1451 590 1612 632 excedit

130 669 319 700 ranarum
349 668 498 697 nomen
529 657 638 708 quod
671 658 710 696 in
737 659 875 709 graeci
897 658 1100 698 sermonis
1132 657 1317 698 dialectis
1350 668 1479 697 sonos
1509 657 1610 698 mire

128 726 259 765 variat
289 720 498 775 βρόταχος,
527 718 737 774 βόρταχος,
768 720 995 775 βὺρθακος,
1026 720 1208 776 βάρακος
1238 727 1314 763 etc.
1340 724 1510 774 stirpem
1533 734 1611 763 au-

131 796 210 830 tem
241 789 393 828 habere
422 787 582 827 videtur
612 788 652 826 in
684 788 810 827 verbo
841 789 1007 840 βραχεῖν
1036 784 1209 841 ἠχῆσαι,
1250 786 1471 840 βαῤῥαχεῐν
1499 783 1612 840 ἠχεῖν

128 856 222 896 Hes.
263 854 331 894 ubi
364 855 449 904 jani
491 852 584 891 olim
616 852 790 892 Vossius
823 853 873 893 ad
903 851 1106 906 βάτραχος
1136 854 1319 904 respexit
1350 864 1434 893 non
1461 853 1610 894 inscite

130 921 197 961 ille
229 921 265 961 si
295 918 455 971 quidem
487 917 689 957 dentalcin
720 919 946 959 asciticiam
977 930 1071 959 esse
1103 919 1333 971 statuimus,
1365 930 1469 970 quae
1501 922 1540 958 et
1569 919 1611 959 in

127 986 288 1038 graecis
328 982 467 1023 sedem
504 983 737 1023 instabilem
775 984 898 1024 habet
944 989 982 1024 et
1022 995 1104 1024 non
1134 989 1307 1036 apparet
1336 985 1377 1024 in
1408 984 1608 1035 anglosa-

127 1052 287 1093 xonicis
320 1050 471 1101 frocca,
503 1049 593 1087 srox
625 1048 811 1102 (Frosch,
843 1050 950 1102 frog)
983 1051 1088 1090 etin
1116 1051 1280 1090 nominc
1308 1050 1478 1090 rubetae
1506 1050 1608 1090 hru-

132 1129 228 1158 scus
270 1120 309 1156 et
338 1112 522 1166 πράσκα,
563 1125 734 1165 quorum
765 1114 863 1155 illud
893 1119 956 1155 est
984 1115 1198 1155 latinitatis
1229 1115 1348 1156 medii
1380 1115 1490 1168 aevi,
1531 1115 1612 1155 hoc

131 1183 379 1224 Graecorum
409 1184 578 1220 nostrae
611 1181 771 1221 aetatis
828 1181 940 1220 Haec
972 1182 1105 1220 omnia
1136 1181 1265 1221 tribus
1297 1184 1492 1221 contexta
1517 1184 1612 1222 sunt

130 1247 340 1299 consonis,
372 1258 392 1286 e
423 1246 569 1297 quibus
598 1246 762 1297 βραχεῑν
782 1250 959 1299 constat,
990 1246 1140 1299 labiali‚
1169 1246 1321 1298 liquida
1342 1250 1381 1286 et
1405 1246 1612 1302 gutturali,

131 1314 354 1364 eademque
392 1313 529 1362 graeci
568 1312 744 1351 nominis
786 1312 984 1352 elementa
1014 1313 1255 1363 primigenia
1286 1324 1380 1352 esse
1412 1312 1610 1353 videntur,

130 1379 233 1428 Quin
264 1377 366 1417 adeo
400 1378 434 1417 si
464 1377 696 1429 βρυχᾶσθαι
729 1382 768 1417 et
795 1377 944 1430 rugire,
975 1372 1131 1429 ἀράχνῃ
1158 1382 1196 1417 et
1225 1388 1387 1431 aranea,
1417 1374 1545 1430 λάχνη
1571 1382 1611 1417 et

128 1446 252 1498 λῆυος
282 1443 376 1482 lana
406 1443 727 1495 consideramus,
759 1453 841 1481 non
871 1442 988 1482 nimis
1020 1443 1261 1494 prodigiosa
1281 1444 1507 1494 reperietur
1533 1455 1611 1484 eo-

127 1521 214 1550 rum
247 1509 384 1560 opinio
418 1508 485 1559 qui
524 1519 573 1548 ex
605 1509 734 1548 tribus
764 1507 844 1547 illis
874 1504 976 1559 βράχ
1006 1520 1126 1548 unam
1164 1509 1205 1548 in
1234 1508 1361 1549 latino
1394 1521 1506 1551 rana
1535 1521 1611 1551 su-

130 1585 301 1627 peresse
332 1573 513 1613 credunt.
551 1574 613 1613 Ex
644 1572 922 1624 compluribus
954 1584 1058 1624 quae
1080 1574 1311 1624 Hesychius
1336 1575 1462 1614 refert
1489 1586 1611 1616 unum

131 1649 337 1680 assumam
356 1635 532 1689 Ἔραχος
562 1634 608 1677 τὸ
638 1634 802 1689 δράγμα
832 1639 1009 1678 Βοιωτοί
1039 1638 1147 1689 quod
1188 1638 1237 1678 ab
1269 1636 1372 1691 ἔργω
1403 1640 1610 1687 contineo,

131 1705 370 1754 constringo
403 1702 627 1743 derivatum
660 1714 754 1743 esse
781 1715 830 1743 ex
850 1703 926 1742 alia
948 1699 1314 1756 glossa’Eoocfflwct
1333 1703 1373 1744 οἱ
1396 1702 1611 1757 δεσμεύον-

129 1785 191 1818 τες
221 1770 358 1821 colligi
389 1773 550 1820 potest3
580 1765 763 1820 πύσαχος
793 1780 918 1821 supra
947 1770 1160 1821 proposui.
1218 1770 1481 1822 Propriorum
1514 1782 1611 1822 pars

129 1836 303 1877 maxima
332 1836 390 1874 ita
422 1839 661 1886 comparata
692 1839 755 1874 est
776 1839 818 1874 ut
843 1839 978 1885 etyma
1009 1834 1282 1875 demonstrari
1312 1846 1394 1875 non
1425 1836 1611 1888 possint;

129 1913 212 1942 non
242 1900 363 1941 modo
396 1901 703 1951 peregrinorum
734 1904 775 1939 ut
807 1900 975 1940 Serachi
1006 1902 1183 1952 populns
1213 1901 1339 1941 Asiae
1369 1901 1460 1942 Mel.
1486 1900 1514 1941 I.
1547 1901 1608 1943 19.

131 1964 346 2019 Σάτραχος
385 1966 472 2006 sive
512 1962 719 2017 Σέτραχος
758 1965 881 2016 Cypri
911 1965 1056 2005 fluvius
1087 1977 1122 2006 v,
1151 1966 1280 2017 Engel
1310 1965 1475 2018 Kypros
1510 1967 1550 2007 T.
1580 1967 1608 2008 Ι.

133 2034 221 2075 158.
253 2029 473 2083 Δύρραχος
498 2031 742 2082 Dyrrhachii
770 2031 959 2071 conditor
983 2031 1157 2082 Appian.
1187 2031 1269 2071 Civ.
1290 2031 1335 2072 ΙΙ.
1359 2030 1423 2071 39.
1446 2032 1607 2083 (omiss.

129 2099 170 2138 in
204 2097 291 2149 Th.)
324 2094 507 2150 Μαράχη
537 2094 653 2144 πόλις
678 2093 828 2149 Ἰνδική
860 2096 1000 2149 Steph.
1025 2100 1100 2136 etc.
1131 2096 1204 2137 sed
1228 2097 1347 2136 etiam
1367 2106 1610 2147 graecorum

118 2162 293 2215 Ἴναχος,
322 2158 549 2215 Ἀῤῥαχίων
576 2163 697 2203 Paus.
729 2162 826 2203 VIII.
857 2161 922 2214 40,
947 2161 980 2202 1.
1014 2161 1123 2213 quod
1144 2162 1209 2201 hic
1227 2162 1267 2201 in
1289 2160 1405 2202 codd.
1423 2156 1606 2213 Ἀρχίων,

119 2227 301 2282 Ἄρχων,
328 2226 574 2281 Ἆῤῥυχίων,
607 2227 713 2279 apud
743 2227 1035 2268 Philostratum
1067 2230 1106 2267 et
1135 2227 1357 2269 Eusebium
1393 2222 1609 2280 Ἀῤῥιχίων

220 2426 255 2468 1)
291 2425 351 2459 Sic
383 2425 463 2458 Nic.
491 2424 550 2457 Th.
580 2424 657 2459 448.
684 2423 734 2467 τῷ
768 2421 805 2454 δὲ
840 2421 1016 2465 (draconi)
1051 2424 1186 2455 κοτέων
1217 2421 1337 2460 αἰετὸς
1371 2421 1410 2455 ἐκ
1441 2422 1608 2467 παλαχῆς

130 2480 315 2518 ἕπαέξεται
342 2480 377 2513 id
404 2483 457 2514 est
482 2479 562 2513 huic
587 2479 750 2513 increscit
776 2478 891 2520 aquila
922 2478 1031 2511 hostis
1067 2478 1178 2512 l'atalis
1213 2481 1286 2513 sive
1321 2479 1476 2521 nativus,
1513 2476 1556 2510 ὃν
1588 2474 1605 2518 ἧ

127 2539 241 2578 μοῖρα
266 2533 565 2579 προσεκλήρωσεν
593 2534 704 2576 αὐτῷ.
747 2532 885 2566 Polel'at
908 2532 1076 2576 ‘'coxdssw
1099 2543 1229 2576 ponere
1249 2533 1304 2568 vel
1322 2533 1501 2576 γενεῆθεν
1518 2536 1555 2566 ut
1573 2536 1608 2567 et

129 2590 322 2632 Hesychius
347 2588 493 2632 παλαχιὶ
519 2590 761 2632 interpretatur
784 2586 891 2630 ἀρχή,
920 2586 1042 2631 γενεά,
1069 2587 1132 2622 sed
1158 2590 1297 2631 propria
1320 2587 1528 2629 significatio
1554 2590 1607 2622 est

127 2644 233 2683 λῆξις,
262 2645 341 2678 dein
366 2648 481 2687 μοῖρα
507 2647 544 2677 ut
567 2644 662 2677 latini
693 2652 778 2676 sors.
817 2641 966 2675 Zeunius
984 2652 1044 2685 pro
1066 2641 1254 2680 ἕπαέξεται
1273 2645 1367 2686 optat
1386 2641 1606 2684 ἐπαΐσσεται,

128 2698 361 2733 Schneiderus
387 2697 634 2742 ἀμπάλλεται,
661 2698 834 2734 deteriora
858 2698 1011 2740 vulgato,
