1747 3005
308 166 374 208 DE
400 165 526 208 NOM.
552 165 770 216 QUORUM
793 164 943 207 CHAR.
971 164 1071 206 EST
1099 165 1271 207 SIGMA.
1304 167 1346 209 C.
1372 168 1434 210 111.
1526 171 1618 214 1133

136 276 271 317 Liberi
301 276 435 332 Patris
467 276 688 317 commilito
716 275 931 328 inducitur,
962 274 1167 326 dactylum
1199 276 1348 330 explet,
1381 278 1613 321 femininum

137 340 320 393 Κρεμίση
350 341 389 381 in
421 343 603 396 oraculo,
633 342 741 394 quod
771 343 812 382 in
845 341 963 381 Thes.
996 340 1172 394 affertur,
1193 348 1472 394 anapaestum.
1531 346 1614 386 Pa-

134 407 332 457 ropamisi
361 418 533 461 nomen,
574 408 683 460 quod
724 407 845 459 vulgo
886 407 947 447 sic
977 406 1295 457 pronunciamus
1328 413 1370 448 ut
1399 409 1610 459 Pamisus,

133 471 365 523 ubicunque
396 474 503 525 apud
534 478 681 526 poetas
711 473 880 525 legitur,
919 471 1011 511 libri
1049 471 1171 512 modo
1211 472 1484 525 Παρπαυισός
1525 478 1612 518 sive

138 533 412 589 Παρπάμισος
443 540 616 580 offerunt
647 542 840 590 correpta
871 537 1105 590 penultima,
1135 537 1258 580 modo
1294 538 1544 594 Παρνησσός
1572 554 1610 583 v.

132 602 370 654 Bernhardy
401 604 450 644 ad
480 605 599 645 Dion.
632 605 723 646 737.
753 605 928 645 Emesae
958 612 1107 643 nomen
1139 614 1259 654 quam
1288 606 1401 646 varie
1430 606 1611 648 habitum

133 669 274 722 fuerit,
317 671 401 720 jam
442 669 596 710 dixisse
639 681 702 710 me
741 669 913 710 memini.
984 663 1215 721 Καμβύσης
1253 675 1379 721 poeta
1416 672 1610 723 ignobilis

131 734 252 774 Anth.
283 746 358 786 pro
392 735 666 786 amphimacro
692 735 843 775 hahuit.
896 730 1105 787 ’Iiykvocog
1127 733 1317 776 exhibent
1336 740 1500 778 veteres
1520 739 1610 779 Ho-

132 800 231 839 meri
273 799 381 841 editt.
421 800 622 852 producto
662 811 735 851 per
775 801 905 852 sigma
944 798 1092 852 duplex
1133 799 1269 851 ypsilo
1316 802 1425 853 quod
1463 808 1610 845 natura

130 864 255 904 breve
287 876 382 905 esse
411 865 593 915 Heynius
615 867 858 917 comprobat
879 865 1040 906 Pindari
1062 865 1319 917 testimoni03
1349 878 1482 920 neque
1503 870 1608 910 enim

130 929 241 970 credi
280 934 421 982 potest
457 941 607 970 nomen
647 930 897 984 conditoris,
936 931 985 971 de
1030 943 1111 983 quo
1154 931 1219 972 hic
1250 932 1451 986 loquitur,
1491 934 1609 975 aliter

130 996 440 1047 pronunciatum
482 1006 578 1036 esse
615 1007 734 1047 quam
771 997 906 1049 urbis,
948 1008 996 1036 ac
1025 1008 1075 1037 ne
1107 1002 1320 1038 accentum
1352 998 1512 1050 quidem
1543 999 1609 1040 di-

128 1072 292 1101 versum
321 1061 517 1102 habuisse
548 1061 776 1112 colligimus
809 1073 857 1102 ex
878 1062 981 1115 aliis,
1012 1074 1114 1114 quae
1144 1064 1184 1103 in
1213 1064 1290 1103 hac
1318 1063 1609 1105 dissertatione

128 1126 283 1166 intexta
314 1130 422 1179 sunt,
452 1127 661 1179 exemplis.
718 1127 838 1179 Apud
869 1128 1119 1180 Stephanum
1142 1130 1203 1169 sic
1228 1128 1388 1181 quidem
1411 1131 1607 1181 scriptum

128 1195 192 1232 est
223 1189 447 1244 Κρυασσός
473 1190 588 1239 πόλις
618 1193 779 1244 Καρίας
808 1187 889 1232 ἀπὸ
911 1190 1357 1245 Κρυάσσου,“Τδισσός
1380 1190 1608 1236 einb‘sr‘ote-

126 1266 216 1307 σου,
241 1253 414 1310 Ὗηττός
444 1253 524 1298 ἀπὸ
549 1254 749 1311 Ὑήττου,
781 1258 855 1298 sed
885 1259 962 1299 hae
993 1260 1327 1300 accentiunculae
1358 1271 1500 1311 parum
1530 1273 1608 1302 au-

127 1323 330 1363 ctoritatis
358 1323 509 1363 habent
540 1326 579 1363 et.
609 1322 719 1374 quod
752 1323 800 1363 ad
831 1327 1084 1374 postremum
1116 1326 1285 1377 attinet,
1315 1325 1355 1364 in
1388 1326 1508 1367 Paus.
1542 1328 1605 1373 IX,

125 1386 189 1440 24,
221 1387 258 1429 3.
291 1393 328 1428 et
358 1389 436 1429 vici
468 1392 504 1428 et
534 1388 608 1427 viri
638 1399 787 1428 nomen
818 1394 1189 1441 proparoxytonon
1213 1394 1288 1432 est.
1337 1389 1454 1438 Quod
1473 1396 1605 1433 autem

126 1451 361 1506 Γαργηττός
399 1466 461 1507 ap.
494 1454 634 1505 Steph.
669 1465 701 1494 s.
727 1449 917 1507 Ἀλήσιον
957 1458 995 1494 et
1025 1455 1065 1494 in
1095 1456 1303 1508 plerisque
1335 1455 1453 1496 codd.
1484 1457 1605 1498 Paus-

124 1519 205 1559 VII.
239 1520 304 1572 22,
334 1522 370 1561 7.
404 1520 609 1560 diversum
640 1531 663 1559 a
694 1519 810 1559 demo
843 1524 1052 1560 accentum
1084 1520 1208 1561 habet
1237 1525 1279 1561 ut
1304 1520 1501 1575 Σφηττός
1521 1519 1605 1565 ἀπὸ

124 1581 327 1637 Σφήττου
344 1585 483 1637 Steph.
503 1585 543 1625 id
573 1585 753 1637 positum
772 1589 835 1625 est
855 1586 895 1625 in
920 1587 1140 1635 oxytonesi
1159 1586 1366 1628 demorum
1387 1590 1435 1629 cs.
1457 1589 1600 1632 Lehrs.

123 1650 248 1690 Arist.
278 1650 371 1692 288.
429 1651 515 1690 ,lam
547 1662 667 1702 quum
698 1652 864 1691 nomina
892 1652 933 1691 in
971 1641 1072 1700 τῖος
1102 1657 1282 1704 oxytona
1311 1654 1421 1694 nulla
1452 1660 1601 1708 extent,

119 1711 301 1762 Ἰάλυσος
339 1727 502 1768 quoque
541 1718 694 1757 rectius
734 1718 894 1767 gravari
934 1728 1053 1769 quam
1091 1718 1181 1757 acui
1219 1717 1390 1760 videtur.
1448 1720 1601 1763 Poetas

122 1786 256 1822 autem
287 1782 417 1833 sigma
442 1781 732 1834 producendae
770 1782 1018 1834 penultimae
1048 1783 1303 1837 geminasse,
1343 1796 1425 1825 non
1465 1787 1600 1828 solum

121 1844 342 1899 ταμάσσιος
374 1847 570 1901 ostendit,
610 1847 658 1888 de
691 1859 770 1899 quo
804 1848 846 1889 C.
878 1849 906 1889 I.
940 1853 977 1896 §.
1011 1848 1044 1890 1.
1075 1848 1225 1889 dictum
1270 1853 1334 1890 est
1373 1851 1447 1892 sed
1479 1854 1599 1895 etiam

120 1914 219 1954 urbs
250 1913 402 1964 Lydiae
444 1925 561 1965 quam
603 1914 817 1955 Hierocles
856 1914 897 1954 in
928 1914 1103 1965 Synecd.
1135 1925 1168 1955 c.
1199 1914 1263 1956 23.
1295 1913 1490 1970 Κεράσην
1518 1930 1599 1959 vo-

121 1983 198 2032 cat,
228 1979 400 2019 Nonnus
430 1990 529 2019 vero
561 1978 716 2019 XXXII.
747 1979 839 2020 234.
873 1980 1084 2032 pluraliter
1114 1976 1343 2032 Κεράσσας.
1391 1979 1529 2031 Ἴασος
1558 1985 1599 2024 iu

120 2044 367 2084 carminibus
398 2045 465 2085 ubi
496 2044 655 2097 legitur,
686 2045 864 2086 tribreve
901 2050 977 2095 est,
1009 2045 1083 2086 sed
1108 2041 1255 2094 Ἰοεσσίς
1284 2050 1498 2100 usurpavit
1529 2050 1603 2091 Si-

119 2110 213 2151 lent.
253 2111 400 2162 Ecphr.
440 2110 484 2151 II.
526 2109 615 2151 179.
689 2108 898 2159 Τιθασσός
936 2112 1079 2152 mirum
1119 2115 1184 2152 est
1223 2112 1329 2164 apud
1368 2115 1596 2166 scriptores

118 2177 298 2216 numeris
339 2177 502 2217 solutos
543 2188 746 2230 persaepe
784 2177 864 2228 legi
895 2189 969 2229 pro
1001 2174 1193 2228 τιθασός,
1234 2178 1343 2230 quod
1381 2184 1595 2231 poetarum

118 2243 334 2282 atticorum
374 2247 412 2282 et
451 2246 681 2282 exterorum
727 2244 973 2284 testimoniis
1022 2244 1205 2295 plurimis
1253 2244 1414 2297 fultum,
1466 2256 1596 2297 nuper

118 2307 239 2347 ctiam
278 2307 357 2347 illis
400 2308 558 2348 restitui
598 2312 788 2360 coeptum
828 2313 892 2349 est
932 2321 967 2350 v,
1007 2309 1243 2350 Schneider.
1289 2308 1339 2349 ad
1378 2309 1476 2349 Plat.
1511 2311 1593 2351 Cir.

120 2372 162 2412 T.
192 2372 257 2412 III.
292 2384 328 2424 p.
362 2372 451 2413 177.
486 2373 596 2413 -Nec
630 2374 763 2415 minus
803 2375 885 2416 late
923 2375 1035 2415 fluxit
1075 2386 1205 2426 aeque
1235 2374 1428 2414 vitiosum
1448 2371 1594 2427 ’Ἐρεσ-

117 2445 199 2484 σος.
259 2437 451 2487 Systolae
482 2438 708 2491 exemplum
741 2445 802 2481 est
830 2441 1033 2481 Leucosia
1061 2443 1253 2492 correpta
1274 2439 1455 2480 secunda
1477 2439 1591 2481 Ovid.

118 2504 212 2543 Met.
242 2502 323 2543 XV.
355 2502 446 2544 708.
481 2504 550 2544 Sil.
580 2505 666 2546 Ital.
696 2506 796 2547 VIII.
826 2505 919 2547 578.
948 2505 1017 2545 ubi
1046 2505 1231 2545 nonnulli
1258 2506 1460 2546 Leucasia
1490 2507 1595 2547 sub-

117 2569 299 2608 stituunt.
369 2568 451 2609 Sed
496 2570 670 2610 maxima
714 2572 923 2612 contentio
960 2571 1152 2612 consistit
1195 2571 1304 2611 circa
1351 2571 1516 2612 nomina
1552 2573 1594 2613 in

116 2624 228 2681 Uos,
258 2644 378 2687 ησος,
410 2645 497 2682 ισος
527 2636 726 2677 exeuntia.
785 2637 886 2677 Nam
917 2635 1024 2689 quod
1057 2636 1311 2677 Schubartus
1342 2640 1382 2677 et
1410 2637 1593 2679 Walzius

119 2698 371 2751 scripserunt
410 2701 451 2741 in
488 2701 617 2741 Praei.
657 2701 886 2743 Pausaniae
926 2715 962 2753 p.
1002 2701 1096 2743 XLl.
1144 2704 1306 2743 nostris
1356 2700 1502 2743 diebus
1549 2705 1591 2743 in

166 2776 307 2807 Labeck.
331 2777 511 2817 Putlmlog.
1262 2766 1316 2809 28
