1699 3021
310 164 377 205 DF.
409 163 530 204 MUT.
562 160 769 203 TERMIN.
801 159 1001 203 CAUSIS.
1050 160 1092 203 C.
1113 161 1176 202 III.
1208 165 1246 209 ὃ.
1264 160 1301 202 3.
1486 160 1535 202 61

67 275 237 316 Gramm.
278 285 316 326 p.
354 273 447 315 867.
485 284 559 325 pro
600 271 886 322 homonymiae
924 269 1111 321 exemplo
1151 269 1266 309 affert
1302 265 1419 309 κύων
1458 265 1540 310 ἐπι·-

61 354 169 394 γειος
206 337 276 379 καὶ
310 336 537 386 θαλάσσιος
573 335 642 378 καὶ
671 332 888 387 οὐράνιος,
928 347 1008 388 quo
1039 336 1099 376 J0.
1129 334 1383 386 Philoponus
1412 336 1538 375 utitur

62 405 113 446 ad
150 405 311 456 Analyt.
350 405 462 445 Post.
502 416 538 456 p.
569 403 633 445 30.
664 403 701 444 1).
745 407 782 443 et
820 401 1006 442 Eustath.
1036 400 1101 453 39,
1132 400 1196 441 20.
1264 399 1536 448 Quintilianus

62 471 160 512 VIII.
190 471 227 524 2,
262 470 322 511 13.
363 473 516 510 taurus
555 469 718 509 animal
757 470 797 508 ec
826 469 993 518 siquam
1032 468 1076 506 in
1114 466 1230 506 coelo
1271 470 1347 506 etc.
1387 465 1535 517 quibus

60 537 176 589 paria
214 536 329 587 ponit
367 535 563 576 Priscian.
603 534 652 575 de
690 534 772 575 XII.
808 534 946 573 Verss.
978 532 1039 573 VI.
1070 532 1149 572 315
1183 530 1327 583 (1245)
1368 542 1416 571 ac
1449 533 1535 582 jam

59 602 289 653 Xenophon
321 602 457 653 Symp.
485 601 547 641 IV.
564 600 600 641 2.
631 599 797 640 verbum
826 599 960 651 φιλεῖν
990 598 1041 638 ob
1074 597 1274 649 duplicem
1305 596 1464 637 amandi
1495 600 1536 637 et

61 666 277 708 osculandi
317 667 654 717 significationem
694 661 917 716 ὁμώνυμον
954 665 1128 704 vocavit.
1187 663 1335 716 Aptius
1365 673 1463 702 vero
1495 662 1535 703 id

60 733 169 786 quod
200 733 370 784 primum
412 736 475 772 est
512 732 618 772 inter
658 731 775 783 plura
806 728 989 780 ejusdem
1019 729 1194 768 nominis
1227 733 1266 768 et
1296 738 1427 779 paene
1456 738 1536 767 na-

59 803 140 839 tum
172 809 262 838 cum
300 809 345 837 re
386 797 478 848 ipsa
510 798 732 848 proprium
764 795 930 847 dicitur,
970 805 1074 846 quae
1112 794 1205 834 hinc
1236 794 1536 834 transferuntur

61 864 282 904 tralaticia
312 865 360 902 ut
390 874 417 902 a
441 862 549 913 pede
577 865 725 902 nostro
752 873 830 913 pes
861 861 958 901 lecti
978 871 1028 900 ac
1051 859 1174 899 betae
1193 859 1389 900 Va1·r.VI.
1411 870 1448 910 p.
1469 858 1533 900 (56.

57 925 113 976 ὡς
141 924 220 980 γὰρ
257 925 301 967 ἐν
326 927 384 982 τῷ
421 923 632 981 ἀνθρώπῳ
662 924 782 979 μέρος
810 927 886 966 τοῦ
916 922 1104 977 σώματος
1131 919 1311 976 ἀνέχεται
1339 919 1422 964 ὑπὸ
1449 924 1535 964 τῶν

56 993 220 1041 ποδῶν,
260 990 367 1032 οὕτω
397 989 466 1031 καὶ
496 987 520 1044 ἡ
551 992 667 1044 κλίνη
706 992 767 1033 J0.
799 992 956 1043 Philop.
988 991 1011 1031 l.
1043 1001 1075 1031 c.
1106 1002 1144 1042 p.
1171 989 1235 1031 95.
1300 989 1361 1029 Illi
1392 1000 1532 1042 porro,

57 1060 92 1101 si
121 1070 243 1099 unum
272 1069 294 1098 e
324 1057 484 1098 dnobus
515 1057 580 1097 vel
610 1057 794 1108 pluribus
827 1055 1007 1096 ostendit
1034 1066 1185 1108 genus,
1229 1055 1400 1095 alterum
1431 1066 1533 1107 spe-

56 1126 180 1177 ciem,
221 1123 364 1164 eodem
404 1122 591 1162 trahunt:
632 1119 807 1174 ποιμένα
845 1117 1077 1174 ὁμωνύμως
1113 1120 1171 1175 τῷ
1208 1116 1314 1171 γένει
1349 1117 1397 1161 τὸ
1427 1117 1533 1169 εἶδος

55 1186 139 1231 εἷπε
177 1185 267 1229 ἀντὶ
301 1189 377 1229 τοῦ
404 1183 531 1240 νομέα
562 1187 699 1229 Schol.
731 1186 802 1229 Od.
833 1186 879 1227 X.
909 1185 1025 1228 82.¹l
1056 1197 1179 1226 arma
1210 1198 1336 1238 qaum
1365 1189 1424 1228 sit
1452 1187 1534 1227 1ιο-

55 1266 281 1306 ηιοιιῃιηοη
321 1256 362 1295 et
398 1255 546 1294 *varias
585 1264 656 1294 res
694 1251 923 1303 siqterificet,
970 1251 1167 1302 sinyeclae
1199 1262 1347 1292 earum
1376 1252 1533 1293 habent

55 1332 139 1362 sua
169 1320 342 1360 nomina
370 1319 498 1360 Prisc.
529 1318 552 1360 l.
584 1329 616 1359 c.
647 1319 693 1359 II.
721 1318 813 1359 279.
852 1318 940 1358 Nos
970 1329 1082 1371 vero,
1112 1328 1163 1357 ne
1194 1328 1261 1357 res
1293 1316 1534 1358 diversissi-

54 1397 144 1427 mae
173 1386 213 1425 in
242 1386 361 1424 unius
393 1384 684 1436 appellationis
716 1384 929 1435 angustias
961 1383 1294 1436 compingantur,
1327 1383 1532 1435 homony-

53 1463 119 1492 ma
147 1451 189 1490 in
216 1450 362 1491 iisdem
393 1451 649 1490 continemus
680 1449 839 1503 finibus,
871 1461 976 1501 quos
1009 1449 1303 1490 Grammaticus
1335 1450 1375 1489 in
1401 1449 1531 1490 Cram.

54 1515 206 1557 Anecd.
237 1516 264 1557 I.
295 1515 386 1557 424.
426 1516 661 1569 constituit,
709 1515 782 1556 sed
822 1520 917 1556 octo
958 1515 1051 1555 illas
1090 1515 1443 1566 praescriptiones
1481 1514 1532 1555 ad

54 1583 253 1635 pauciora
290 1580 509 1633 redigimus
547 1581 694 1633 capita.
761 1581 936 1621 Primum
976 1576 998 1620 ὁ
1036 1577 1178 1633 ἐλάτης
1208 1584 1247 1620 et
1276 1581 1348 1633 τῆς
1377 1577 1532 1633 ἐλάτης,

53 1645 151 1701 ἔχεις
179 1647 347 1688 verbum
387 1651 426 1687 et
465 1643 563 1698 ἔχεις
592 1647 894 1687 substantIvum
932 1646 1179 1696 homonyma
1215 1656 1299 1685 non
1329 1657 1423 1686 esse
1454 1645 1532 1686 ad-

53 1714 222 1755 monitio
255 1722 565 1764 supervacanea
596 1715 671 1765 est,
702 1723 822 1763 quum
852 1722 970 1751 nemo
1002 1712 1165 1761 ignoret
1193 1710 1272 1750 hoc
1301 1721 1450 1751 nomen
1480 1709 1531 1751 ad

52 1780 204 1831 primas
242 1778 446 1830 pertinere
486 1777 740 1829 positiones,
787 1787 870 1815 non
909 1775 960 1816 ad
999 1776 1190 1816 fortuitas
1235 1772 1531 1827 συνεμπτώσεις

52 1840 135 1884 ἀπὸ
166 1839 382 1896 διαφόρων
413 1839 606 1894 θεμάτων
637 1841 773 1883 Schol.
806 1841 877 1883 Od.
910 1842 954 1883 V.
986 1841 1077 1883 281.
1109 1852 1242 1893 neque
1273 1842 1459 1892 cuiquam
1489 1841 1530 1881 in

51 1914 227 1951 mentem
256 1909 391 1949 veniet
421 1908 499 1948 huc
530 1907 683 1947 referre
714 1910 825 1947 meto
858 1911 896 1948 et
926 1907 1040 1947 Meto
1073 1918 1123 1947 ex
1153 1907 1323 1947 Varron.
1352 1906 1415 1947 IX.
1439 1906 1528 1948 150.

52 1988 101 2017 ac
138 1986 189 2015 ne
228 1974 327 2014 illud
362 1973 522 2026 quidem
562 1973 611 2013 ab
642 1973 858 2013 Eustathio
898 1973 1070 2013 relatum
1109 1984 1146 2024 p.
1178 1971 1295 2025 1558,
1324 1972 1361 2013 5.
1399 1973 1530 2019 Κοῖος

51 2037 274 2094 ὁμώνυμον
311 2040 368 2095 τῷ
404 2034 516 2091 παρὰ
556 2035 767 2078 Μακεδόσι
818 2038 918 2094 κοίῳ
956 2034 1164 2078 τουτέστιν
1202 2033 1389 2093 ἀριθμῷ,
1435 2049 1528 2078 nam

52 2110 249 2149 sexcenta
278 2110 372 2146 sunt
402 2116 508 2158 quae
536 2105 577 2144 in
608 2103 781 2144 diversis
812 2104 959 2156 linguis
989 2104 1095 2145 idem
1126 2108 1293 2158 sonent,
1324 2115 1401 2145 nec
1436 2105 1529 2144 ani-

49 2172 336 2214 madversione
367 2170 508 2224 digna,
537 2167 683 2223 ’Ἀρτος
712 2174 751 2210 et
782 2167 923 2222 ἄρτος,
958 2170 1085 2211 Cinna
1116 2174 1154 2211 et
1184 2170 1325 2220 κίννα,
1364 2167 1530 2217 Ψύλλος

50 2239 183 2291 gentis
224 2247 373 2278 nomen
412 2239 451 2276 et
488 2232 664 2286 ψύλλος,
702 2230 837 2289 Ῥώμη
869 2239 908 2276 ct
937 2232 1074 2289 ῥώμη,
1123 2235 1188 2275 hic
1226 2235 1382 2288 Vacca,
1426 2235 1529 2276 haec

49 2304 206 2357 Vacca,
244 2303 310 2343 hic
338 2303 447 2343 Arsa
475 2301 577 2342 haec
605 2302 713 2342 Arsa
752 2305 828 2343 etc.
866 2313 970 2354 qnae
1002 2302 1139 2354 potius
1170 2301 1433 2352 homophona
1463 2301 1529 2341 di-

51 2368 180 2410 cenda
219 2371 314 2409 sunt
342 2367 408 2408 vel
438 2371 549 2408 certe
583 2362 783 2419 ὁμώνυμα
813 2362 894 2407 ἀπὸ
924 2364 1047 2420 τύχης
1074 2368 1245 2408 Aristot.
1274 2367 1432 2408 Nicom.
1463 2368 1526 2409 IV.

51 2447 87 2488 p.
120 2432 235 2476 1096.
266 2433 303 2474 b.
334 2432 398 2474 27.
428 2432 624 2485 Porphyr.
652 2432 776 2483 Exeg.
807 2433 848 2472 in
879 2432 1016 2485 Categ.
1048 2445 1085 2485 p.
1110 2433 1147 2474 8.
1169 2432 1206 2473 b.
1274 2433 1457 2486 Denique
1487 2434 1528 2474 in

47 2500 315 2540 univocorum
336 2509 545 2539 numerum
571 2498 682 2539 nulla
708 2497 955 2540 admittimus
983 2498 1187 2540 vocabula
1206 2499 1285 2540 nisi
1304 2510 1409 2552 quae
1428 2510 1530 2552 per-

138 2656 196 2699 11)
232 2655 347 2690 Schol.
367 2656 442 2690 Nic.
461 2655 561 2691 Alex.
580 2654 656 2691 526.
683 2654 783 2690 Ther.
805 2655 882 2690 512.
909 2656 1113 2698 polyonyma
1137 2659 1238 2689 vocat
1257 2664 1347 2699 quae
1370 2655 1527 2698 eiusdem

49 2711 261 2747 substantiae
287 2711 498 2748 differentias
525 2712 737 2756 significant,
762 2709 894 2754 μύκης,
923 2709 1109 2752 ἀμανίτης,
1138 2710 1285 2754 βωλίτης
1311 2714 1377 2747 etc.
