1747 3005
857 173 1191 182 ———--——

139 312 174 339 τι
205 293 522 338 ἀνακωκύσασα.
580 295 755 348 Propius
787 295 860 336 suit
890 294 1085 348 scribere,
1115 294 1226 347 quod
1253 295 1493 338 Eumathius
1513 297 1614 340 dixit

137 362 185 405 X.
222 362 316 404 466.
359 363 506 404 Teuch.
545 358 763 414 ὀλολύγιον
802 358 981 402 ἐκώκυσε
1026 359 1091 400 vel
1138 357 1359 413 διωλύγιον
1405 359 1522 404 ἐκωκ.
1567 367 1612 405 ut

138 428 320 470 Achilles
342 428 428 469 Tat.
460 428 488 469 I.
520 427 583 481 13,
617 426 677 469 19.
708 427 772 467 vel
803 427 923 467 etiam
952 422 1134 478 λιγυρόν.
1176 425 1320 478 Neque
1350 427 1458 469 aliud
1486 439 1612 481 repe-

137 494 264 534 rimus
303 494 422 545 hujus
462 503 696 546 paragogae
735 492 962 544 exemplum
1000 496 1165 543 practer
1202 496 1416 544 suspecta:
1455 490 1612 542 Δάσιος

137 554 161 600 ὁ
190 555 320 606 δασύς
350 558 460 600 Suid.
493 562 533 598 et
561 554 744 610 τρήχειος
780 558 822 597 in
859 557 953 597 loco
995 557 1100 598 male
1139 558 1285 598 affecto
1315 557 1436 599 Anth.
1475 559 1540 600 ΙΙΙ.
1569 559 1608 602 9.

137 635 212 678 pro
242 621 521 678 γλυκειότερος
550 623 735 675 Append.
767 634 805 664 n.
839 622 928 664 153.
960 633 1067 663 nunc
1096 620 1354 675 γλυκιότερος
1390 623 1538 676 legitur
1567 628 1612 666 ut

136 687 403 742 καλλιώτερος
433 693 473 730 et
501 686 782 742 βραδιότερος,
821 700 896 741 pro
928 699 1008 741 quo
1038 689 1080 728 in
1107 688 1249 729 Anecd
1277 689 1440 730 Bachm.
1469 690 1516 731 ΙΙ.
1546 690 1611 733 73.

136 752 416 809 βραδειότερος
445 755 631 805 affertur3
663 756 841 806 Βαρεῖον
868 750 914 794 τὸ
934 750 1041 807 βαρύ
1070 753 1166 794 Hes.
1197 754 1496 796 substantivum
1515 767 1611 798 esse

136 820 294 862 videtur
333 824 376 860 ut
413 822 604 860 πλατεῖον
645 824 806 861 tessera
840 821 928 862 sive
965 820 1115 861 tabella
1143 819 1285 871 Polyb.
1325 820 1431 861 unde
1461 821 1612 873 pendet

136 887 304 928 verbum
332 883 589 935 πλατειάζειν.
649 886 730 928 Sed
760 886 822 927 his
853 887 991 927 missis
1021 886 1147 926 totius
1178 884 1465 937 disputationis
1495 899 1612 929 sum-

136 963 240 993 mam
278 951 420 993 dloam.
485 951 828 992 Terminationum
866 951 1051 1005 duarum,
1089 951 1131 991 in
1169 951 1316 1003 quibus
1357 951 1612 996 elaboratum

137 1021 214 1071 est,
244 1018 422 1069 priorem
454 1014 706 1069 (πολεμήιος)
736 1018 1052 1069 interpositione
1090 1017 1239 1067 longae
1267 1018 1425 1059 vocalis
1455 1030 1612 1071 proge-

135 1083 259 1124 nitam
290 1094 385 1123 esse
411 1083 517 1123 inter
547 1086 739 1123 auctores
771 1084 989 1134 convenit3
1020 1082 1188 1122 alterius
1219 1083 1405 1134 exempla
1425 1083 1611 1126 bifariam

137 1148 397 1202 distribuunt,
428 1149 624 1200 pleraque
655 1148 705 1188 ab
736 1138 828 1199 eff,
858 1160 942 1191 non
971 1149 1028 1189 ita
1057 1148 1183 1188 multa
1212 1148 1262 1188 ab
1287 1138 1355 1195 t—og
1388 1160 1612 1190 arcessen-

136 1218 223 1264 tes;
262 1225 395 1265 neque
435 1214 651 1254 diffitentur
690 1214 977 1255 nonnullorum
1019 1214 1200 1265 speciem
1244 1214 1463 1266 ancipitem
1502 1226 1609 1258 esse.

134 1278 368 1330 Eademque
399 1279 590 1319 cautione
619 1289 698 1319 nos
724 1279 789 1320 usi
820 1290 982 1331 sumus,
1020 1290 1153 1330 neque
1192 1279 1233 1319 in
1270 1289 1418 1330 magno
1460 1279 1612 1321 discri-

135 1344 242 1385 mine
279 1354 478 1396 ponemus
518 1344 668 1395 siquis
700 1343 748 1383 de
779 1344 951 1394 singulis
982 1343 1218 1396 dissentiat,
1247 1343 1368 1384 modo
1399 1345 1610 1387 vincamus

136 1409 414 1450 universitate.
471 1409 533 1449 Ac
562 1420 680 1449 nemo
713 1409 775 1450 sas
815 1408 933 1449 ducet
963 1408 1188 1460 propositis
1219 1409 1503 1452 contradicere
1532 1412 1613 1453 nisi

134 1475 337 1515 invenerit
367 1475 514 1527 quibus
547 1474 773 1515 contradici
802 1485 887 1514 non
916 1474 1064 1525 possit.
1121 1474 1239 1515 Nunc
1268 1486 1390 1516 unum
1421 1487 1517 1517 esse
1546 1478 1612 1518 vi-

137 1539 214 1581 deo
245 1551 325 1593 quo
356 1541 540 1581 rationes
572 1540 698 1581 initae
730 1544 768 1581 et
795 1539 1021 1581 subductae
1054 1539 1233 1581 funditus
1265 1541 1393 1581 everti
1423 1541 1612 1597 debeant,

137 1607 173 1647 si
212 1606 303 1657 quis
341 1605 682 1646 demonstraverit
722 1606 1032 1646 terminationes
1070 1605 1163 1646 illas
1203 1617 1287 1646 non
1317 1606 1367 1646 ab
1399 1607 1481 1648 ulla
1510 1609 1613 1650 affe-

138 1671 275 1712 ctione
305 1672 512 1723 prosectas
544 1670 617 1711 sed
646 1671 808 1711 nativas
840 1682 935 1711 esse
958 1671 1170 1722 instarque
1190 1671 1346 1712 illarum
1368 1683 1473 1724 quae
1490 1685 1610 1716 nemo

138 1737 297 1789 quaerit
327 1736 432 1778 unde
464 1741 579 1777 ortae
610 1737 691 1777 sint
719 1726 797 1787 ἦ,
820 1727 902 1786 ἵο-ς,
933 1727 1035 1786 οἶος,
1059 1728 1147 1784 fos
1177 1741 1254 1779 etc.
1321 1738 1468 1780 Verum
1507 1740 1612 1782 enim

137 1813 236 1843 vero
275 1802 403 1843 differt
445 1802 553 1855 quod
592 1814 696 1855 quae
735 1806 830 1843 sunt
868 1803 1076 1843 naturales
1118 1806 1158 1843 et
1197 1805 1315 1855 quasi
1353 1804 1613 1847 authenticae

137 1868 343 1908 nominum
391 1869 625 1921 catalexes,
676 1879 750 1909 eae
793 1869 981 1909 omnibus
1020 1867 1069 1909 ad
1108 1868 1299 1910 utendum
1345 1874 1532 1921 promtae
1570 1876 1612 1913 et

138 1934 379 1985 propositae
411 1939 524 1987 sunt,
553 1935 623 1975 illa
650 1945 748 1974 vero
782 1946 804 1975 a
833 1935 1033 1975 communi
1063 1945 1140 1975 usu
1171 1934 1391 1976 abhorrent
1419 1947 1503 1977 non
1532 1937 1613 1978 mi-

137 2010 215 2039 nus
246 2011 365 2051 quam
394 1997 609 2053 πολιήτης,
647 1996 853 2053 μυθιήτης
892 2004 931 2041 et
971 2000 1129 2041 Similia.
1196 1999 1409 2052 Adjectiva
1445 2002 1486 2043 in
1519 1992 1613 2057 W

138 2066 328 2106 exeuntia
365 2066 619 2106 Hermannus
669 2065 720 2106 ad
760 2065 858 2108 Oed.
901 2067 943 2107 T.
986 2064 1101 2106 1216.
1139 2075 1191 2105 ne
1238 2066 1406 2107 canticis
1449 2069 1610 2120 quidem

140 2130 403 2182 Tragicorum
435 2131 624 2172 concedit
654 2132 731 2171 nisi
763 2143 811 2172 ao
840 2132 981 2183 Epicis
1022 2130 1300 2182 praeformata
1339 2135 1382 2171 ut
1420 2131 1612 2188 φοιβήιος

140 2198 269 2236 etc.⁰⁰
298 2207 321 2236 a
352 2196 544 2237 diverbiis
576 2208 749 2249 prorsus
789 2196 938 2237 absunt
968 2200 1008 2236 et
1043 2196 1167 2236 multo
1208 2196 1336 2247 magis
1367 2208 1391 2237 a
1421 2210 1611 2242 sermone

139 2261 388 2316 quotidiano,
418 2264 458 2303 in
489 2274 569 2314 quo
601 2274 722 2303 unum
752 2262 887 2314 reperi
917 2256 1060 2314 ἀρήιος
1095 2257 1202 2314 ἀνήρ
1231 2262 1410 2314 Aleiphr.
1441 2265 1502 2306 ΙΙΙ.
1532 2258 1609 2319 Ep.

138 2326 202 2368 58.
234 2322 381 2380 ἀρήιον
410 2326 539 2368 ὅπλον
580 2328 743 2377 Quintil.
775 2328 824 2368 de
854 2328 956 2367 Mus.
988 2327 1032 2367 ll.
1064 2338 1100 2378 p.
1132 2328 1195 2369 71.
1224 2328 1428 2380 θρίαμβος
1465 2325 1610 2384 ἀρήιος

138 2392 241 2433 Plut.
274 2394 317 2434 V.
348 2394 617 2435 Marc-XXII.
645 2399 683 2435 et
712 2395 752 2433 in
782 2393 928 2445 plurali
960 2397 1002 2432 ut
1031 2393 1232 2434 Homerus
1269 2394 1450 2436 Amator.
1487 2397 1608 2439 XVII.

138 2457 331 2499 Philostr.
360 2459 510 2511 Imagg.
542 2460 606 2501 Xl.
636 2459 729 2502 882.
759 2459 841 2499 Δία
870 2455 1077 2511 ἑταιρήιον
1115 2458 1357 2499 Parthenius
1402 2471 1434 2501 c.
1472 2460 1609 2505 XVIII.

138 2522 369 2564 Femininae
400 2525 620 2575 positionis
650 2525 836 2578 exempla
867 2525 1075 2577 aliquanto
1107 2524 1224 2577 plura
1253 2525 1446 2567 suntsed
1477 2529 1611 2571 omnia

157 2713 161 2716 ῃ
229 2669 288 2712 66]
324 2668 398 2704 Huc
434 2672 537 2706 etiam
562 2669 685 2715 ἀρήιος
710 2669 838 2706 Aesch.
867 2669 962 2713 Sept.
994 2669 1069 2706 114.
1102 2668 1222 2705 referri
1248 2672 1367 2714 posset
1388 2672 1416 2707 si
1442 2673 1611 2717 scriptura

145 2727 327 2760 constaret.
