1747 3005
203 161 267 203 DE
283 161 409 204 NOM.
434 159 651 210 QUORUM
673 158 822 200 CHAR.
841 157 940 199 EST
958 156 1233 200 DENTALIS.
1265 160 1306 201 C.
1332 162 1393 204 IV.
1419 168 1457 212 §.
1480 164 1518 207 8.
1547 165 1641 208 387

168 286 238 324 της
265 272 322 326 τῷ
351 267 467 325 τύπῳ
497 270 580 309 τῶν
609 268 831 321 Λιβυσσῶν
858 265 1026 308 πόλεων.
1084 266 1145 307 Ex
1175 268 1321 319 quibus
1353 272 1531 314 sortasse
1559 273 1641 314 Αἰ·-

169 333 293 389 γύτης
326 337 591 386 Theoguosto
623 334 782 374 restitui
821 332 941 373 debet
979 343 1053 383 pro
1083 330 1267 387 μεγύτης.
1326 336 1560 390 Compluria
1589 339 1640 380 ab

169 414 217 442 ee
250 401 541 453 praetermissa
571 404 686 450 sunt;
722 394 944 456 Ἀποιρύται
972 398 1103 448 gentis
1135 409 1282 440 nemen
1312 402 1460 443 Herod.
1492 404 1555 444 111.
1575 403 1640 446 91.

163 462 352 519 Ἀσβύται
383 466 550 505 Ptolem.
583 465 690 516 quod
731 465 912 516 plerique
937 455 1164 515 Ἀσβύσται
1188 466 1370 506 scribunt
1408 480 1442 508 v.
1472 469 1641 520 Ruperti

168 531 216 572 ad
261 531 330 572 Sil.
363 531 448 571 Ital.
483 531 527 570 ll.
559 532 623 571 38.
662 526 812 583 ε’(λύτης
848 526 1111 582 ραβδοφόρος
1149 531 1255 583 apud
1294 532 1419 572 Eleos
1456 532 1541 573 EM.
1574 533 1638 586 72,

169 597 230 638 12.
255 599 371 647 euJus
394 596 600 646 impositio
622 606 703 635 nen
736 599 858 647 extat,
879 591 1082 642 παλλύτας
1111 592 1292 647 ὄργανον
1320 595 1639 651 βασανιστήριον

167 662 260 702 Hes.
292 662 395 702 idem
426 660 534 712 quod
574 660 653 699 alio
685 660 779 701 loco
813 660 956 701 dicitur
985 658 1234 715 καταπέλτης
1262 657 1368 710 εἶδος
1396 664 1639 716 βασανιστη-

165 726 258 778 ρίου
277 724 320 766 ἐν
341 719 376 781 ᾦ
405 724 652 777 ἐξαρθροῦσι
674 723 722 766 τὰ
742 723 880 778 ἄρθρα
913 725 952 766 οἱ
981 723 1130 779 δήμιοι,
1162 727 1199 767 id
1232 733 1362 768 aulem
1393 730 1584 769 convenit
1615 741 1638 770 a

165 792 291 833 verbo
321 789 485 831 πάλλειν
516 792 734 832 derivatum
767 803 861 832 esse
893 791 997 833 unde
1028 794 1260 845 composita
1296 791 1471 847 ἐκπαλής
1501 799 1539 834 et
1567 791 1637 834 ἐκ-

163 859 305 897 παλεῐν
344 857 391 897 de
434 858 641 897 luxu-tione
673 858 826 897 ossium
861 862 899 897 et
930 859 1189 900 articulorum
1220 860 1417 901 dicuntur.
1476 861 1521 900 In
1551 860 1636 901 He-

165 922 293 973 sychii
332 922 425 961 loce
474 921 675 961 Πελλυταί
711 921 751 961 οἱ
790 921 929 974 δεσμοὶ
966 922 1006 963 οἱ
1041 922 1130 977 περὶ
1168 921 1218 964 τὰ
1256 921 1396 977 σφυρὰ
1435 923 1502 964 καὶ
1540 921 1639 972 τοὺς

163 983 443 1040 ἀστραγάλους
471 987 525 1033 εἰς
554 983 599 1026 τὸ
628 983 683 1039 μὴ
713 985 1011 1040 ἐκστραφῆιάι,
1051 990 1117 1029 uhi
1148 995 1298 1030 mutato
1332 995 1500 1031 accentu
1530 991 1639 1031 SCri-

163 1055 314 1105 pserim
344 1054 545 1102 πελλῦται,
578 1054 856 1103 significantur
888 1054 1046 1093 vincula
1074 1059 1250 1108 scortea,
1282 1067 1386 1106 quae
1406 1055 1637 1106 Aeschylus

163 1117 339 1168 πέλυτρα
368 1124 489 1159 vocat
521 1132 544 1158 a
572 1116 688 1165 πέλος
721 1119 807 1158 sive
838 1114 983 1164 ἅπελος
1018 1119 1150 1172 pellis,
1182 1120 1229 1159 de
1260 1132 1339 1171 quo
1372 1120 1468 1160 alibi
1499 1120 1638 1161 disse-

163 1187 234 1225 rui.
294 1185 507 1225 Postremo
539 1185 681 1223 nescio
715 1195 765 1223 an
795 1183 895 1223 haee
928 1185 1155 1224 terminatio
1179 1184 1384 1226 reddenda
1406 1187 1455 1226 sit
1477 1185 1636 1226 duobus

164 1250 374 1290 vocabulis
413 1250 462 1289 ab
501 1249 705 1299 Ilesychie
739 1248 911 1288 traditis:
959 1245 1134 1300 Ἶερόλας
1172 1245 1299 1300 ἱερεύς
1338 1250 1445 1300 (cod.
1484 1250 1635 1302 ἴσισυς)

161 1315 384 1367 Σοφοκλῆς
413 1309 469 1360 ὡς
496 1312 565 1353 καὶ
593 1310 667 1352 τὸν
704 1310 877 1365 γέροντα
913 1315 1100 1365 γεροίταν
1131 1311 1158 1367 ἢ
1186 1315 1399 1365 γεροντίαν
1430 1315 1537 1367 (cod.
1567 1329 1636 1367 γε-

159 1376 303 1432 ροιδάν
338 1377 364 1432 ἢ
394 1379 630 1431 γεροῦντος)
660 1376 772 1430 λέγει.
837 1378 996 1419 Etenim
1035 1379 1138 1419 idem
1176 1377 1346 1431 γερύτας
1384 1391 1458 1432 pro
1503 1377 1636 1432 γέρων

159 1446 307 1486 alicubi
339 1445 487 1485 dietum
517 1456 611 1484 esse
650 1444 814 1484 invenit.
888 1443 1231 1491 Quemadmodum
1270 1456 1367 1484 vero
1403 1441 1633 1498 Ἀνεμοίτης

160 1515 200 1551 et
234 1506 471 1562 Ἀνεμύτης,
512 1505 744 1561 Ἀυδροίτης
785 1514 824 1549 et
860 1504 1101 1562 Ἆνὸρύτης,
1143 1511 1354 1563 Ζειποίτης
1382 1515 1421 1551 et
1455 1509 1633 1565 Ζιβύτης

161 1576 214 1626 (v.
250 1575 451 1615 Drakenb.
484 1574 532 1614 ad
562 1575 645 1615 Liv.
676 1574 884 1614 XXXVIII.
920 1575 998 1625 16.)
1031 1576 1252 1616 indisereta
1283 1581 1389 1629 sunt,
1421 1577 1481 1616 sie
1513 1578 1633 1618 etiam

158 1642 340 1692 γεροίτας
371 1645 409 1679 et
439 1637 607 1692 γερύτης
637 1640 874 1691 intelligitur
905 1642 1044 1691 specle
1075 1640 1195 1680 medo
1230 1641 1409 1693 differre,
1437 1652 1480 1680 re
1511 1652 1633 1682 unum

159 1717 329 1756 souare3
377 1701 547 1756 γερύτας
578 1710 710 1745 autem
754 1717 776 1745 a
821 1701 940 1757 γέρυς
967 1705 1191 1745 derivatum
1223 1710 1306 1758 est,
1355 1705 1464 1757 quod
1494 1706 1632 1757 Hesy-

159 1772 273 1812 chius
304 1767 435 1823 γέρων
463 1771 764 1821 iuterpretatur.
822 1770 924 1809 Huic
964 1771 1094 1810 simile
1125 1782 1272 1810 nomen
1308 1771 1517 1822 proprium
1552 1767 1632 1812 Ἷε-

158 1839 316 1887 postas,
349 1835 456 1888 quod
489 1847 576 1875 cum
607 1836 732 1875 latino
764 1835 974 1875 Sacerdos
1005 1836 1181 1874 conferri
1214 1840 1374 1887 potest,
1415 1835 1561 1887 legitur
1591 1838 1633 1878 in

159 1902 495 1953 lllityleuacerum
525 1912 685 1940 nummo
718 1900 914 1952 quodam3
946 1901 1234 1952 appellativum
1264 1900 1357 1940 hine
1387 1900 1632 1943 declinatum

157 1967 385 2017 Hesychius
418 1967 584 2019 promit:
622 1962 796 2017 Ἵερεῐτιν
825 1966 1045 2016 καθαρμοῦ
1077 1962 1274 2017 δεομένην
1303 1962 1444 2005 ἱκέτιν·
1481 1965 1632 2020 Αἰσχύ-

157 2035 226 2078 λος
253 2028 410 2081 Ἰξίονι,
441 2032 508 2071 ubi
539 2033 578 2071 in
617 2030 705 2071 cod.
737 2030 904 2083 ἱερείτην
934 2032 1129 2082 scriptum
1160 2035 1235 2071 est.
1296 2031 1338 2071 In
1369 2031 1495 2084 Adag.
1525 2034 1630 2085 App.

161 2098 245 2136 Vat.
278 2109 314 2148 p.
345 2097 436 2137 303.
469 2094 661 2147 ὅβολον
690 2087 806 2147 εὗρε
840 2094 1149 2147 Παρνύτης]
1181 2097 1485 2148 Καλλίστρατος
1510 2093 1631 2151 Ἀθή-

156 2172 250 2215 νῃσι
287 2159 625 2213 πολιτευσάμενος
653 2158 969 2212 ἐπικαλούμενος
1002 2158 1223 2213 Παρνύτης
1253 2162 1408 2213 μίσθον
1435 2160 1544 2212 ἔταξε
1573 2163 1630 2204 δι-

157 2230 343 2276 κασταῖς,
389 2227 455 2267 uhi
507 2226 702 2267 Sehottus
742 2226 953 2266 Erasmum
994 2237 1015 2265 e
1060 2226 1222 2266 schedis
1271 2228 1357 2267 suis
1399 2228 1631 2281 Παρνοίτης

159 2292 336 2333 edidisse
366 2293 501 2332 refert.
553 2289 774 2343 Παρνύτης
804 2291 991 2331 Valesius
1023 2293 1200 2332 restituit
1230 2292 1434 2342 Hesychio
1459 2305 1493 2334 s.
1518 2295 1630 2346 Παρ-

158 2353 264 2409 νόπη
285 2357 598 2407 Καλλίστρατος,
631 2356 704 2396 sed
735 2356 908 2396 dubitari
940 2361 1078 2407 potest
1109 2368 1159 2397 an
1190 2368 1286 2397 vera
1317 2358 1490 2398 nominis
1522 2360 1629 2399 scri-

158 2428 276 2475 ptura
307 2423 425 2462 suerit
459 2419 704 2474 ΙΙαρνόπης,
737 2423 770 2461 si
802 2423 1039 2473 praesertim
1072 2422 1169 2462 illud
1199 2423 1494 2463 hemistichium
1525 2424 1628 2464 iam-

160 2489 289 2528 bicum
333 2492 419 2537 est;
469 2499 616 2527 nomen
655 2488 786 2538 ipsum
830 2500 851 2527 a
887 2483 1031 2536 παρνώ
1069 2484 1183 2537 ἀκρίς
1218 2487 1312 2527 Hes.
1347 2489 1433 2529 sive
1462 2486 1629 2542 πάρνοψ

161 2554 383 2594 derivatum
414 2552 540 2592 videri
572 2557 723 2604 potest.
743 2553 774 2576 ¹2
805 2552 913 2592 Inter
942 2552 1111 2592 Rutulos
1145 2552 1265 2591 Turni
1288 2553 1395 2604 Virg.
1426 2552 1506 2594 XII.
1537 2555 1627 2597 514.

164 2694 166 2697 Ι
251 2652 306 2693 12)
332 2651 527 2687 Meinekius
553 2652 734 2694 Παριόῑιίς
768 2649 885 2682 maluit
915 2649 985 2683 Vol.
1019 2649 1076 2683 IV.
1108 2649 1183 2684 700.
1220 2647 1374 2692 Πάρνων
1406 2651 1487 2692 ὄρος
1525 2651 1625 2686 Pane,

160 2707 202 2741 11.
232 2707 284 2742 38.
315 2706 456 2749 Πιὶρινος
481 2705 701 2741 Atheniensis
726 2704 934 2747 Diogenian.
960 2704 1050 2738 Vlll.
1076 2705 1130 2738 27.
1262 2746 1351 2789 25*
