1699 3021
293 163 360 206 DE
392 163 514 206 MUT.
546 160 754 204 TERMIN.
785 160 984 205 CAUSIS.
1029 162 1072 205 C.
1092 162 1137 205 II.
1169 167 1207 212 §.
1224 162 1262 205 3.
1456 163 1516 206 25

46 273 303 327 transfertur,
333 284 465 326 neque
495 282 671 324 unquam
702 281 791 312 cum
821 282 924 313 sexu
953 269 1158 323 depugnat
1188 272 1396 314 articulus.
1434 271 1516 313 Sed

46 339 112 381 hic
151 349 277 391 saepe
318 342 608 390 compensatur
647 337 810 377 nomine
852 347 978 377 sexus
1006 359 1062 365 —-
1089 333 1157 376 διὰ
1191 336 1265 389 τῆς
1295 332 1517 389 ὀνομασίας

46 404 131 445 τῶν
158 404 290 456 γενῶν
318 408 362 443 ut
391 402 634 454 Apollonius
665 402 844 453 loquitur
873 401 924 442 de
955 402 1068 452 Synt.
1099 400 1126 442 Ι.
1156 401 1193 442 5.
1228 412 1264 453 p.
1292 401 1356 442 30.
1388 401 1512 442 allato

43 469 253 511 'homerico
294 469 388 510 loco
428 464 525 520 μήτε
556 481 617 514 τις
656 458 735 506 οὖν
770 463 917 519 θήλεια
953 467 1066 507 θεῶν
1099 463 1196 519 μήτε
1221 480 1280 514 τις
1305 463 1436 519 ἅρσην
1471 466 1513 507 11.

45 534 143 575 VIII.
175 535 210 576 7.
242 533 292 574 de
330 544 411 585 quo
452 532 588 574 Schol.
627 532 683 571 ita
721 531 907 573 disserit:
955 529 1003 573 τὸ
1040 528 1139 579 θεὸς
1176 532 1272 583 (hoc
1303 532 1408 572 enim
1438 542 1514 583 pro

44 600 310 642 Aristarcheo
337 599 450 640 θεῶν
482 597 656 649 oblinet)
685 593 855 638 κοινόν·
889 589 924 653 ᾦ
963 593 1054 638 ἀντὶ
1089 598 1166 638 τοῦ
1195 594 1360 651 ἄρθρου
1387 611 1516 650 παρα-

45 661 261 706 πέπλεκται
293 661 341 705 τὸ
368 661 524 717 θήλεια.
594 663 662 704 Sic
692 664 812 703 eliam
841 662 909 703 ille
939 660 1071 717 ἅρσην
1098 664 1208 716 βοῦς,
1232 664 1365 716 θῆλυς
1393 663 1516 710 ἵππος

47 731 260 782 usurpavit
297 741 426 782 eaque
465 729 671 781 appositio
701 729 742 768 in
771 728 1001 768 nominibus
1032 728 1231 780 pecudum
1262 739 1310 769 ac
1340 729 1516 771 serarum

48 796 100 836 ab
140 796 327 837 omnibus
367 797 645 847 cujuscunque
684 794 830 833 aetaliS
871 797 910 833 et
949 798 1088 834 sectae
1127 794 1399 846 scriptoribus
1439 795 1517 835 sre-

48 866 266 913 quentatur
286 858 437 914 ἔλαφος
455 856 601 912 θήλεια
631 857 740 899 Pind.
762 857 822 899 Ol.
844 857 907 899 III.
926 858 990 899 52.
1018 855 1044 912 ἡ
1067 855 1199 912 θήλεα
1216 860 1339 908 ἵππος
1366 860 1516 902 Herod.

49 926 112 967 ΙΙΙ.
130 925 195 968 8G.
233 926 356 973 ἵππος
380 922 525 978 θήλεια
554 924 654 964 Plal..
684 924 801 975 Hipp.
831 924 922 975 Maj.
953 923 1044 965 288.
1074 925 1116 966 Β.
1145 921 1265 965 κύων
1291 922 1423 979 ἄρρην
1451 934 1518 976 καὶ

47 991 182 1044 θῆλυς
208 992 333 1032 Arist.
364 991 413 1031 de
445 989 587 1031 Gener.
614 990 689 1029 An.
718 988 764 1029 II.
794 988 830 1030 8.
862 999 899 1039 p.
927 988 1017 1041 747,
1037 988 1100 1031 30.
1132 994 1172 1030 el
1200 990 1242 1030 in
1270 993 1517 1043 promiscuis

49 1053 154 1097 λέων
181 1057 314 1109 θῆλυς
343 1055 436 1096 ibid.
467 1051 490 1095 ὁ
520 1055 653 1107 θῆλυς
681 1050 827 1106 ἐλέφας
851 1053 897 1093 Η.
927 1053 973 1093 Α.
1000 1053 1046 1094 11.
1069 1054 1102 1095 1.
1130 1066 1167 1106 p.
1186 1055 1278 1109 500,
1301 1056 1361 1098 18.
1392 1053 1415 1098 ὅ
1439 1059 1517 1112 θῆ-

49 1123 122 1170 λυς
151 1117 269 1174 ὀρεύς
306 1121 368 1162 Vl.
399 1121 461 1162 24.
493 1132 530 1172 p.
560 1120 653 1171 577,
683 1119 746 1159 22.
786 1119 870 1158 τῶν
904 1119 1101 1170 κορωνῶν
1127 1119 1170 1159 αἱ
1197 1118 1359 1174 θήλειαι
1388 1123 1448 1165 VI.
1478 1125 1516 1166 8.

51 1191 95 1228 ut
122 1187 254 1228 Latini
285 1187 419 1228 solent
444 1196 558 1238 pavo
592 1184 806 1225 masculus
837 1187 877 1224 et
905 1184 1086 1238 sentina,
1137 1185 1214 1227 bos
1252 1199 1347 1229 mas
1377 1193 1418 1229 et
1445 1190 1518 1242 fe-

51 1255 167 1294 mina
196 1264 315 1306 quam
346 1262 480 1293 sermo
513 1250 699 1302 plebcjus
729 1246 980 1302 βουθήλειαν
1010 1254 1151 1304 vocat,
1191 1255 1234 1292 ut
1271 1247 1520 1307 ὀνοθήλειαν

52 1319 230 1370 asinam,
269 1319 310 1358 in
340 1316 570 1358 homiuibus
602 1316 760 1355 unicum
790 1317 885 1361 παῖς
914 1311 1058 1367 ἄῤῥην,
1088 1328 1179 1358 nam
1203 1320 1299 1366 παῖς
1315 1317 1520 1374 θηλυτέρη

51 1384 171 1425 Anlh.
201 1385 306 1436 App.
338 1381 552 1424 CCCXLV.
583 1391 664 1421 non
696 1380 870 1431 puellam
902 1381 1102 1431 signifieat
1125 1383 1199 1424 sed
1217 1384 1336 1425 filiam
1357 1389 1400 1426 ut
1419 1386 1520 1428 Plat.

53 1450 174 1502 Legg.
214 1450 294 1490 VII.
336 1448 427 1490 788.
466 1449 512 1488 A.
549 1445 709 1487 παίδων
749 1441 935 1496 ἆρῤένων
975 1444 1044 1486 καὶ,
1086 1449 1264 1500 θηλειῶν
1301 1450 1469 1504 liberos,
1486 1450 1522 1478 ¹³

55 1514 244 1568 quodque
266 1515 458 1556 Sanctius
478 1513 643 1553 Minerv.
664 1512 725 1553 IV.
746 1511 783 1563 4,
804 1511 895 1552 580.
915 1513 1196 1563 superiorIbus
1219 1515 1378 1556 confert
1398 1516 1520 1557 homo

54 1591 141 1621 mas
173 1584 213 1621 et
242 1580 362 1620 homo
394 1578 614 1631 masculus,
645 1578 686 1617 in
714 1573 846 1617 Plauti
876 1581 915 1617 et
945 1578 1140 1620 Varronis
1169 1578 1274 1620 locis
1305 1591 1387 1622 non
1415 1576 1523 1634 ἀνήρ

54 1645 302 1697 significatur
333 1643 405 1685 sed
443 1640 657 1696 ἀνδρώδης
694 1643 781 1683 sive
821 1643 1088 1696 mulierosus,
1131 1655 1264 1697 neque
1293 1646 1411 1687 aliter
1437 1647 1524 1688 Lu·-

55 1712 196 1751 cianus
216 1711 330 1751 Asin.
350 1715 388 1759 §.
409 1710 473 1751 32.
504 1707 727 1760 ἅνθρωπος
745 1705 875 1760 ἅρσην
896 1708 1050 1749 dixiSse
1069 1709 1250 1763 videtur3
1288 1711 1362 1753 sed
1385 1713 1523 1753 Theo-

56 1776 215 1818 dosium
244 1777 313 1816 illo
345 1787 425 1827 quo
458 1786 583 1827 supra
613 1785 712 1815 usus
744 1784 832 1814 sum
862 1773 955 1814 loco
987 1778 1170 1826 apertum
1199 1779 1262 1816 est
1292 1776 1524 1829 adjectione

57 1852 199 1883 sexum
237 1841 454 1881 indicasse.
520 1840 644 1892 quue
681 1839 760 1879 hoc
798 1839 928 1880 minus
967 1839 1189 1881 mirandum
1227 1842 1337 1893 quod
1367 1842 1524 1897 Graeci,

58 1907 136 1947 etsi
168 1907 279 1947 viros
311 1906 530 1958 praecipue
561 1901 810 1956 ἀνθρώπους
839 1905 1047 1944 nommant
1077 1910 1120 1946 ut
1145 1906 1336 1948 Aeschin.
1359 1918 1392 1948 c.
1414 1908 1523 1949 Ctes.

57 1971 169 2025 7G‚4.
189 1968 414 2024 πρεσβύτας
433 1968 696 2021 ἀνθρώπους,
715 1967 982 2022 πρεσβύτιδας
999 1972 1209 2022 γυναῖκας,
1229 1976 1268 2011 et
1288 1973 1525 2015 Dicaearch.

57 2037 134 2077 Vit.
167 2036 307 2078 Graec.
337 2049 373 2089 p.
405 2036 466 2077 17.
496 2036 620 2077 Huds.
663 2032 685 2089 ἡ
715 2032 837 2088 φωνὴ
867 2031 1004 2075 αὐτῶν
1033 2035 1278 2091 (mulierum)
1309 2035 1418 2079 ἐστὶν
1445 2036 1526 2079 ἐπί-

56 2117 182 2157 χαρις,
211 2103 294 2142 τῶν
323 2098 365 2142 δὲ
395 2097 634 2155 ἀνθρώπων
663 2097 837 2154 ἀτερπής
854 2101 887 2126 ¹⁴
916 2101 1054 2143 itidem
1083 2106 1126 2143 ut
1153 2102 1286 2144 Latini
1315 2105 1372 2145 mi
1400 2104 1524 2146 ltomo

1205 2170 1213 2188 Ι

148 2250 206 2293 13)
238 2246 329 2286 Παῖς
360 2250 420 2282 καὶ
449 2248 536 2293 κόρη
568 2249 726 2284 Pliiloslr.
755 2248 862 2291 lmag.
889 2249 915 2283 I.
945 2250 995 2292 12,
1021 2250 1098 2286 789.
1133 2249 1235 2284 Anth.
1260 2250 1316 2285 VI.
1339 2251 1414 2287 146.
1441 2253 1527 2288 παῖς

59 2305 120 2338 καὶ
143 2306 325 2349 παρθένος
353 2305 479 2339 Achill.
500 2305 579 2356 νΤειῖ.
605 2306 632 2340 Ι.
662 2306 713 2349 10,
742 2304 794 2340 16.
831 2303 1028 2349 παιδάριον
1051 2306 1111 2338 καὶ
1137 2304 1262 2350 κόριον
1289 2306 1426 2342 Heliod.
1451 2307 1526 2342 VII.

62 2360 113 2403 19,
138 2360 216 2396 280.

149 2426 207 2470 14)
239 2426 347 2469 Hujus
379 2425 488 2461 facilis
515 2429 567 2462 est
595 2430 763 2462 correctio
790 2425 944 2470 ἀνδρῶν,
971 2435 1072 2469 quam
1097 2426 1221 2462 suadet
1246 2426 1455 2462 Fritzschius
1482 2429 1525 2462 ad

59 2480 266 2525 Thesmoph.
293 2482 370 2518 683.
404 2481 566 2526 idemque
598 2483 632 2516 in
664 2482 780 2516 Scliol.
815 2481 857 2515 ad
883 2481 915 2515 h.
949 2481 972 2514 l.
1007 2482 1149 2526 γυναιξὶ
1179 2482 1240 2514 καὶ
1265 2485 1427 2527 βροτοῖς·
1468 2494 1525 2527 γε·

58 2536 160 2574 λοίως
191 2536 292 2571 εἶπεν
319 2535 365 2574 ὡς
386 2536 553 2574 Ἀλέξιινὸ
583 2538 669 2581 (Sic)
702 2532 813 2578 ἦσαν
843 2537 1083 2581 ἄνθρωποι
1111 2539 1247 2571 πέντε
1273 2539 1348 2570 καὶ
1375 2541 1525 2582 γυναῖ-

59 2603 131 2630 κες
163 2595 300 2636 τρεῖς·
339 2593 533 2625 πέπαικται
565 2587 629 2625 οὖν
662 2593 762 2625 τοῦτο
795 2591 840 2629 ὡς
873 2591 912 2625 ἐν
939 2591 1133 2635 κωμῳδίᾳ,
1181 2602 1248 2627 non
1277 2593 1528 2629 Alexandriiios

60 2647 246 2691 significari
278 2651 399 2683 censet
425 2647 487 2683 sed
513 2647 743 2683 Alexandrum
772 2649 953 2682 comicum.
1007 2647 1140 2683 Eadem
1166 2652 1220 2684 est
1242 2648 1410 2685 Meinekii
1442 2658 1528 2684 sen-

61 2704 166 2738 tentia
192 2702 287 2737 Com.
313 2703 388 2738 Vol.
416 2703 471 2739 IV.
497 2705 573 2740 555.
609 2703 859 2739 Alexandrinos
885 2707 999 2738 tamen
1025 2703 1072 2738 ita
1096 2704 1256 2747 loquutos
1282 2714 1362 2741 esse
1387 2707 1531 2749 apparet
