1731 3021
127 159 208 201 1611
582 158 1030 202 DISSERTATIO
1077 160 1140 202 111.

132 258 202 300 Sic
224 259 345 299 etiam
377 253 642 312 ἄρυτήσιμος,
677 259 787 312 quod
811 259 932 301 Anth.
971 259 1035 301 IX.
1065 259 1158 302 575.
1188 259 1422 301 restitutum
1448 264 1512 302 est
1534 272 1608 314 pro

131 324 272 376 inepto
304 319 563 378 ἀροτήσιμος,
594 325 645 366 ab
675 326 872 367 inusitato
904 321 1055 378 ἀρυτός
1085 325 1311 366 derivatum
1340 325 1500 367 videtur
1530 326 1611 368 ob·—

132 393 327 431 versante
369 391 550 432 sortasse
589 392 729 443 speeie
768 392 973 444 participii
1012 391 1160 432 aeolici
1197 386 1461 444 ἀρυτήμενος.
1529 392 1612 434 Ce-

135 459 263 497 terum
295 461 516 498 excusatur
546 458 728 498 novitate
759 458 955 497 auctoris.
1015 457 1104 497 Hoo
1135 456 1274 499 durius
1305 457 1380 499 sed
1407 458 1514 499 idem
1542 469 1614 499 re·-

133 523 291 563 oentius
323 529 386 564 est
411 521 706 578 θανατήσιμος.
752 519 1067 575 Πεπαρεύσιμον
1095 519 1331 576 εὔφραστον
1359 520 1488 577 σαφές
1516 524 1612 572 Hes,

134 588 314 630 fortasse
341 588 625 644 πεπαρήσιμον
656 588 915 631 scribendum
946 601 970 629 a
997 592 1193 641 πεπαρεῖν
1221 586 1444 643 πεπαρήσω
1474 593 1518 630 ut
1545 603 1612 630 τε-

131 651 294 708 τορήσω
324 667 348 696 a
376 657 503 697 verbo
534 657 685 712 περᾷν,
716 655 824 696 unde
852 652 1100 706 διαπρύσιον
1132 655 1243 707 quod
1272 655 1376 696 idem
1405 657 1613 707 interpre-

136 723 242 760 tatur
271 720 591 775 διαπορεύσιμον
631 718 902 772 ἐξάκουστον,
945 721 1170 772 eodemque
1211 722 1417 772 pertinere
1453 720 1614 761 videtur

137 787 341 838 Πεπορεῖν
370 787 516 828 δοῦναι
543 793 583 829 et
598 784 916 840 Πεπορασμένος
945 783 1135 839 φανερός.
1172 783 1477 839 ’Τπεχθέσιμοῶ
1503 785 1614 840 quod

137 851 412 893 Schneiderus
459 854 573 894 affert
623 865 673 894 ex
717 853 883 894 foedere
932 853 1293 905 Hierapytniorum
1333 857 1525 905 tanquam
1561 852 1612 894 ab

134 913 316 969 ἄχθομαι
354 918 621 973 declinatum,
674 918 774 959 nihil
811 918 919 959 aliud
968 923 1031 960 est
1070 931 1191 972 quam
1227 915 1512 971 ὑπεκθέσιμος.
1559 941 1615 947 —-

134 983 251 1023 Hune
290 988 425 1025 autern
463 985 845 1026 numerosissimum
886 984 1111 1026 verbalium
1161 986 1343 1026 ordinem
1380 985 1612 1036 importune

135 1049 393 1102 interrumpit
431 1062 689 1103 paronymon
717 1051 760 1090 in
789 1050 1036 1091 Philemonis
1068 1062 1192 1092 versu
1220 1052 1281 1092 Fr.
1315 1063 1353 1103 p.
1382 1051 1475 1092 377.
1511 1046 1613 1103 ’Ἀρ-

134 1129 220 1168 τεμι
252 1116 403 1156 τοῦτον
442 1126 508 1156 σοι
545 1112 659 1169 φέρω
697 1112 771 1156 τὸν
801 1111 1055 1169 ἀμφιφῶντα
1085 1115 1154 1156 καὶ
1183 1114 1462 1169 σπονδήσιμα,
1504 1113 1615 1168 quod

138 1180 257 1221 facile
296 1183 588 1223 exterminatur
619 1182 893 1234 disjunctione
933 1178 1118 1235 σπονδὴν
1148 1180 1232 1236 ἅμα
1258 1183 1344 1237 vel,
1383 1186 1427 1223 ut
1458 1181 1614 1223 Coraes

138 1247 282 1300 suasit,
313 1244 494 1296 σπονδὰς
523 1245 617 1300 ἅμα.
675 1248 859 1288 Alterum
891 1253 954 1289 est
973 1250 1124 1301 χωρίον
1153 1248 1361 1301 δρυμῶδες
1394 1243 1615 1287 Πτελεάσν-

135 1328 215 1366 μον
243 1311 501 1367 καλούμενον
530 1314 671 1354 Pteleo
700 1314 874 1354 vicinum
904 1315 1038 1356 Strab.
1062 1315 1161 1355 VIII.
1183 1315 1278 1356 350.
1302 1326 1376 1367 pro
1404 1325 1483 1366 quo
1508 1314 1617 1352 Πτε-

138 1375 324 1419 λεατικόν
354 1380 614 1421 scribendum
644 1384 742 1432 puto
774 1384 817 1420 ut
846 1380 964 1421 loeus
994 1381 1122 1421 Elidis
1144 1378 1334 1433 Σαμικόν
1363 1380 1521 1432 dieitur,
1550 1377 1616 1419 vel

143 1442 389 1485 Πτελεάσιον
426 1450 469 1486 ul.
508 1457 532 1486 a
559 1443 700 1485 πεδιόν
729 1444 947 1496 mordaces,
990 1447 1100 1499 quod
1130 1448 1171 1487 in
1198 1448 1338 1488 Dios-e.
1367 1447 1463 1487 Mat.
1492 1446 1520 1488 I.
1549 1446 1613 1487 77.

138 1512 365 1564 repositum
397 1515 460 1552 est
490 1523 565 1564 pro
593 1509 838 1564 πεδιάσιμος.
881 1514 1009 1564 Hujus
1031 1514 1136 1554 enim
1159 1514 1457 1554 terminationis
1474 1523 1616 1553 exem-

139 1577 249 1630 plum
277 1577 429 1618 nullum
461 1579 643 1630 suppetit
680 1583 844 1630 praeter
873 1580 1070 1620 novitium
1103 1584 1142 1621 et
1174 1581 1384 1632 proprium
1419 1575 1615 1619 Πεδιάσι-

141 1657 238 1695 μος,
279 1654 358 1694 quo
390 1643 511 1683 modo
546 1644 840 1685 Grammaticus
873 1646 1002 1686 seculi
1032 1646 1176 1686 decimi
1207 1646 1340 1699 quarti
1368 1648 1541 1685 vocatur
1578 1656 1614 1684 v,

139 1708 344 1749 Muetzell.
384 1708 432 1748 de
466 1709 673 1760 Theogon.
714 1722 751 1762 p.
784 1710 875 1752 295.
907 1723 968 1763 sq.
1039 1709 1221 1764 Φύζιμος
1261 1708 1366 1763 ὀδμή
1402 1710 1614 1761 Bentlejus

139 1774 227 1815 Nio.
261 1774 331 1814 Th.
365 1774 430 1815 54.
464 1775 656 1826 praetulit
685 1775 851 1827 vulgato
883 1774 1070 1829 φύξιμος.
1130 1777 1213 1819 Sed
1240 1778 1320 1818 hoo
1344 1782 1382 1818 et
1401 1776 1616 1828 composi-

139 1844 222 1881 tuin
249 1837 533 1892 καταφύξιμος
561 1841 630 1881 illo
663 1842 816 1882 certius
848 1847 923 1884 est.
940 1843 974 1868 ¹⁰
1013 1844 1218 1895 Singulari
1246 1845 1314 1884 via
1343 1844 1526 1885 derivata
1542 1842 1615 1884 sed

138 1906 300 1947 minime
329 1905 451 1946 dubia
481 1911 575 1947 sunt
604 1906 799 1960 φαίδιμος
829 1915 868 1950 et
897 1906 1121 1963 γνώριμος,
1161 1910 1309 1962 quibus
1349 1920 1456 1961 quae
1482 1909 1615 1948 inter-

138 1983 290 2013 venere
328 1983 558 2026 consonae,
597 1973 763 2015 eaedem
794 1980 995 2028 apparent
1023 1976 1065 2015 in
1095 1977 1264 2028 proprio
1305 1975 1476 2016 Φαίδων
1506 1978 1546 2015 et
1574 1974 1616 2013 in

140 2038 269 2079 latino
310 2049 485 2092 gnarus⁷
525 2040 738 2093 gnaruris,
777 2051 899 2081 narro
939 2041 1132 2095 γνωρίζω.
1197 2043 1368 2084 Desueti
1400 2037 1617 2094 ἐπήτριμος

140 2104 200 2156 (et
241 2102 561 2158 πανεπήτριμος)
610 2105 689 2146 duo
738 2110 873 2157 etyma
910 2107 1151 2149 Eustathius
1189 2108 1385 2160 proponit
1421 2107 1514 2158 τρία
1550 2104 1616 2147 vel

137 2166 282 2223 ἤτριον
310 2182 452 2222 parum
482 2171 733 2225 probabilia,
764 2183 841 2213 neo
870 2174 1058 2226 probata,
1088 2177 1132 2213 ut
1157 2173 1337 2227 videtur,
1374 2173 1612 2214 Ptolemaeo

141 2236 209 2288 qui
237 2247 381 2277 vooern
423 2238 532 2278 acuit
561 2237 808 2279 adversante
845 2238 1080 2279 Herodiano
1112 2239 1164 2280 ad
1192 2239 1234 2281 Il.
1264 2239 1402 2280 XVIII.
1435 2238 1526 2280 211.
1564 2235 1615 2278 τὰ

138 2299 217 2356 γὰρ
255 2302 311 2351 εἰς
341 2293 444 2355 ιμΤς
459 2299 563 2357 ὑπὲρ
598 2300 676 2344 δύο
697 2301 901 2357 συλλαβὰς
919 2305 1058 2358 τρίτην
1078 2300 1161 2345 ἀπὸ
1190 2302 1330 2356 τέλους
1359 2302 1435 2358 ἔχει
1464 2300 1613 2354 ὀξεῖαν.

137 2368 202 2410 Ad
231 2369 514 2422 explicandum
540 2366 794 2423 καρπαλίμως
822 2370 958 2412 Schol.
991 2370 1063 2412 Od.
1086 2371 1150 2412 ΙΙΙ.
1178 2371 1271 2415 418.
1303 2376 1342 2413 et
1370 2371 1457 2413 EM.
1488 2371 1616 2413 multa

229 2535 288 2579 16)
322 2537 407 2577 Οἴνη
443 2533 629 2579 ἄφύξιμος
660 2539 772 2571 utrum
804 2538 849 2571 sit
882 2538 1088 2572 contrarium
1120 2538 1196 2580 ejiis
1234 2537 1327 2582 quod
1354 2537 1478 2573 Cicero
1503 2539 1614 2571 vinum

138 2589 271 2632 fuyiens
295 2590 390 2634 dixit,
417 2600 460 2625 an
484 2590 579 2626 idem
604 2592 696 2635 quod
722 2594 757 2626 in
781 2592 942 2636 Alexiph.
972 2595 1101 2638 νέκταρ
1127 2592 1339 2638 (ἷφῦσγετον
1366 2597 1518 2636 vocatur,
1545 2593 1612 2628 hoc

138 2648 201 2688 est,
226 2646 255 2678 si
281 2644 499 2682 Scholiastae
531 2646 722 2692 credimus,
749 2647 941 2693 ἅᾳύσιμον
964 2649 1026 2680 καὶ
1049 2647 1250 2692 ὐρύσιμον,
1284 2648 1376 2684 haud
1403 2649 1516 2684 facilis
1540 2658 1608 2685 ex-

137 2700 311 2735 istimatio.
