1747 3005
147 145 214 186 DE
233 144 358 187 ΝΟΜ.
381 144 599 194 QUORUM
619 145 768 187 CHAR.
792 146 893 188 EST
915 145 1203 190 GUTTURAL.
1236 150 1276 192 C.
1298 151 1341 193 ΙΙ.
1369 159 1406 202 §.
1426 157 1463 197 3.
1505 157 1587 200 315

120 251 259 309 ἰατρός
288 265 321 295 0.
352 254 389 307 G,
423 254 512 296 165.
571 252 801 308 Μαιμακόν
830 251 1035 309 δύςμαχος
1074 257 1191 298 l‘hot.
1236 268 1408 303 accentu
1446 265 1483 306 in
1524 268 1590 308 ul-

121 320 217 360 tima
246 320 405 372 posito,
448 320 521 361 sed
561 323 911 373 proparoxytonis
947 322 1149 363 Arcadius
1189 326 1397 379 subjungit
1437 330 1505 371 καὶ
1543 331 1591 374 τὸ

116 386 320 438 μαίμακος
350 383 555 426 σύνθετον
584 387 650 426 ubi
681 387 939 428 scribendum
983 393 1048 428 est
1087 386 1277 430 ἐπίθετον
1315 399 1354 433 et
1394 403 1590 440 accentus

118 452 348 503 explicandi
379 463 504 492 causa
536 452 762 493 addendum
792 448 874 493 ἀπὸ
906 454 1076 506 γενικῆς.
1136 456 1360 506 Syntlieton
1398 473 1495 501 vero
1529 470 1590 506 est

117 515 515 570 φρυαγμοσὲμνακος
563 518 612 558 ab
661 519 936 570 Aristophane
988 520 1131 562 fictum.
1198 522 1342 563 Cetera
1389 527 1590 579 simplicia

118 588 209 623 sunt.
237 595 259 624 a
289 584 518 624 nominibus
551 585 744 636 pleraque
775 586 888 635 puris
918 596 1000 625 non
1039 585 1170 625 solum
1216 589 1367 638 primae
1406 591 1589 635 declina-

118 649 240 688 tionis
270 655 310 689 111
346 647 611 701 γερουσιακός
642 650 762 701 Corp.
802 650 926 690 lusor.
971 661 1007 691 11.
1043 650 1162 692 3080.
1199 652 1388 705 χρειακός
1426 659 1585 700 Al'rian.

116 713 322 761 κοιλιακός
362 716 595 757 Dicaearch.
644 713 899 768 σωτηριακός
938 716 1031 758 Hes.
1077 717 1253 769 χροακός
1292 733 1326 761 V.
1365 722 1500 765 Reisk.
1538 727 1587 767 ad

118 780 255 820 Const.
288 781 428 821 74,1.13
459 782 529 822 sed
561 783 677 822 etiam
709 782 913 823 secundae
950 781 1226 835 μυστηριακός
1266 786 1376 827 Suid.
1418 784 1587 841 ἡλιακός

116 845 232 885 Diod.
264 844 472 898 βιβλιακός
504 849 629 901 Timo,
661 844 855 900 ὀρνεακός
886 849 1022 889 Schol.
1052 849 1145 900 Lyc.
1167 847 1483 904 ἐργαστηριακός
1500 856 1586 896 Ρο-

115 909 195 960 lyb.
225 908 396 951 πεὸιακὰ
426 909 612 964 πρόβατα
643 926 665 954 a
696 914 788 954 loco
820 915 975 954 Atticae
1006 915 1107 955 iuter
1137 915 1251 956 lexes
1273 917 1498 960 rhetoricas
1516 932 1588 961 re-

114 975 236 1016 latum
270 977 309 1016 in
339 977 491 1018 Anecd.
519 978 642 1019 Beltk.
673 978 763 1020 290.
793 977 1019 1031 κουρεακός
1049 981 1188 1032 Polyb.
1218 983 1425 1024 subtracta
1454 986 1587 1028 vocali

115 1053 233 1093 quam
263 1048 427 1082 servant
457 1041 723 1091 onovoaandg
752 1045 852 1084 Poll.
886 1044 1120 1095 δανειακός,
1160 1046 1408 1099 στοιχειακός
1445 1056 1482 1091 el
1511 1067 1587 1092 τα-

112 1103 276 1159 μειακός
305 1120 327 1148 a
358 1109 418 1148 l)u
450 1109 602 1159 (Iaugio
636 1111 891 1161 confirmata3
923 1112 1118 1162 pauciora
1151 1124 1173 1152 a
1203 1113 1416 1154 vocabulis
1447 1119 1586 1159 tertiae

114 1173 410 1226 declinationis,
441 1169 661 1225 ὀρυιθιακοὲ
694 1181 731 1215 et
761 1171 918 1227 ὀφιακᾶ
956 1176 1147 1217 Nicandri
1188 1183 1225 1218 et
1261 1178 1448 1230 Dionysii
1488 1193 1584 1223 car-

113 1239 287 1278 minibus
317 1239 512 1290 iuscripta
543 1240 771 1280 abundante
814 1241 948 1280 vocali
979 1248 1019 1281 ut
1051 1241 1302 1283 Grammatici
1341 1252 1510 1287 censent
1546 1249 1587 1289 in

112 1303 197 1344 EM.
229 1303 327 1355 044,
357 1305 394 1345 8.
434 1303 529 1356 ὄφις
573 1300 741 1357 ὀφικός,
782 1302 886 1345 κατὰ
921 1304 1180 1359 πλεονασμὸν
1216 1310 1292 1349 τοῦ
1337 1312 1364 1349 c}
1397 1308 1584 1362 ὀφιακός·

110 1367 490 1422 συνεξηκυλούθησε
518 1367 594 1424 γὰρ
624 1373 680 1427 τῷ
711 1370 926 1424 onerantis,
958 1385 1037 1424 quo
1070 1374 1310 1424 pleonasmo
1343 1378 1471 1417 crevit
1500 1377 1586 1418 δεν-

112 1432 279 1486 δριακός
317 1435 439 1486 ignoti
480 1443 625 1488 poetae
665 1438 782 1478 Anth.
823 1439 884 1479 VI.
925 1438 989 1478 22.
1034 1444 1071 1479 et
1100 1438 1346 1488 πλινθιακός
1374 1442 1490 1494 Diog.
1521 1445 1584 1487 IV.

113 1500 178 1542 30.
212 1513 285 1553 pro
316 1501 606 1555 πλινθουργός,
638 1505 717 1544 nisi
748 1503 797 1544 ad
827 1504 1022 1543 πλινθίον
1051 1506 1194 1546 referri
1225 1506 1357 1548 debet.
1406 1508 1585 1551 Eadem—

113 1577 190 1617 que
220 1568 415 1608 novitatis
447 1573 545 1608 nota
589 1569 784 1610 adhaeret
822 1570 872 1610 iis
912 1581 1015 1621 quae
1056 1571 1105 1610 ab
1146 1571 1361 1622 adjectivis
1401 1573 1584 1616 derivata

112 1636 225 1671 sunt:
265 1630 463 1680 οἰκειακός
494 1636 778 1685 possessivum
807 1635 891 1674 τῶν
926 1635 1087 1675 οἰκείων
1126 1636 1329 1677 diversum
1370 1638 1419 1678 ab
1459 1639 1585 1679 cima-

110 1695 192 1747 κός,
225 1697 334 1749 quod
365 1698 413 1738 ad
446 1699 580 1739 οἰκίαν
611 1702 785 1751 pertinet
815 1705 856 1740 ut
888 1699 1064 1740 οἰκιακοί
1092 1699 1131 1740 οἱ
1161 1698 1204 1739 ἐν
1233 1702 1283 1754 τῇ
1320 1702 1428 1758 οἰκίᾳ
1472 1701 1585 1752 ὄντες

110 1763 240 1813 Etym.
275 1763 370 1804 Gud.
402 1764 493 1816 421,
523 1765 587 1806 45.
618 1777 652 1805 v.
685 1766 829 1805 Corais
861 1766 910 1806 ad
941 1766 1042 1806 Plut.
1074 1766 1116 1805 V.
1149 1766 1230 1806 Cic.
1260 1778 1292 1808 c.
1323 1767 1404 1808 XX.
1443 1783 1583 1820 κυρια-

111 1827 184 1876 κός
212 1831 252 1869 111
282 1829 328 1870 N.
362 1828 402 1870 T.
442 1827 692 1878 πλουσιακός
729 1831 870 1871 Alexis
911 1831 990 1871 luc.
1029 1830 1075 1871 X.
1117 1831 1208 1871 509.
1251 1832 1293 1872 T.
1333 1833 1394 1874 ΙΙΙ.
1434 1829 1580 1889 ἁλιακή

112 1891 203 1934 ἀντὶ
239 1895 313 1935 τοῦ
359 1890 562 1948 mimam}
602 1897 698 1937 Lex.
739 1897 852 1937 Rliet.
891 1896 1015 1936 Belik.
1061 1896 1152 1937 370.
1191 1895 1428 1950 μητρωακός
1470 1901 1580 1943 Suid.

110 1957 407 2014 ἀφροδισιακός
445 1961 560 2001 Diod.
598 1962 642 2002 ll.
683 1962 802 2003 231⁴
858 1963 1005 2002 Verum
1051 1961 1100 2001 ab
1139 1962 1215 2002 hac
1252 1963 1421 2013 ignobili
1465 1967 1583 2007 turha

110 2027 365 2079 segreganda
396 2031 490 2067 sunt
532 2039 635 2078 quae
676 2040 697 2066 a
738 2028 969 2067 nominibus
1005 2027 1283 2078 profluxerunt
1322 2031 1500 2081 propriis
1538 2037 1582 2072 ut

109 2089 388 2139 Διονυσιακός
418 2093 655 2132 auctoribus
686 2093 1020 2133 luculentissimis
1053 2092 1360 2146 complacitum,
1400 2100 1439 2134 et
1476 2106 1582 2146 gen-

111 2159 254 2199 tilicia:
286 2153 368 2198 ἀπὸ
396 2158 471 2197 τοῦ
501 2160 606 2205 Χῖος
635 2154 681 2197 τὸ
711 2155 900 2211 κτητικὸν
926 2155 1080 2203 Χιακός
1093 2152 1148 2203 ὡς
1170 2152 1331 2205 Ῥόδιος
1353 2155 1580 2212 Ῥοὸιακός,

108 2221 269 2276 Σάμιος
298 2220 512 2275 Σαμιακός
544 2223 684 2275 Stepli.
715 2222 871 2271 Διακός
903 2222 1080 2274 Thucyd.
1107 2219 1341 2275 Ἰσθμιακός
1369 2226 1580 2278 Aristoph.

108 2287 393 2343 Κορινθιακὸς
422 2289 538 2330 Diod.
563 2286 756 2337 Ἠλιακός
785 2290 903 2330 Faus.
935 2294 975 2330 et
1014 2285 1255 2341 Κυπριακός
1284 2288 1423 2340 Polyb.
1462 2290 1582 2330 meli-

199 2466 256 2509 13)
280 2464 468 2502 ,Πανιιικός
483 2476 550 2509 quo
571 2465 793 2500 Buttinannus
815 2466 920 2499 utitur
939 2465 1086 2500 Gramm.
1109 2464 1151 2498 lI.
1175 2464 1251 2499 447.
1270 2474 1337 2498 non
1356 2464 1446 2508 legi3
1476 2469 1580 2500 nostri

108 2520 235 2555 medici
264 2520 392 2554 deliros
418 2525 541 2555 vocant
571 2523 756 2556 inaniacos.

199 2575 254 2618 14]
281 2576 475 2619 Stephanus
502 2586 529 2610 S.
557 2577 675 2613 Πανὸς
699 2576 799 2613 πόλις
820 2586 880 2620 pro
903 2576 1051 2620 ἄγαλμα
1071 2573 1250 2618 ὀρθιακὸν
1271 2574 1357 2618 ἔχον
1377 2573 1415 2607 τὸ
1437 2575 1583 2609 αἰδοῖον

107 2632 245 2674 scripsit
271 2630 416 2665 tortasse
444 2630 617 2675 ὀρ-ἠάςον
642 2635 678 2666 ut
703 2632 876 2668 Leonidas
901 2633 935 2666 in
959 2631 1060 2666 Antii.
1079 2631 1172 2665 Plan.
1191 2639 1224 2665 n.
1241 2630 1318 2666 261.
1343 2632 1500 2675 Πρίηπος
1525 2631 1581 2677 ὀρ-

108 2684 241 2722 enimc,-
266 2683 437 2730 ῥόπαλον.
