1699 3021
256 165 323 207 DE
355 162 643 207 NOMINIBUS
675 160 729 203 IN
764 161 783 165 ’
813 159 1158 202 EXEUNTIBUS.
1207 162 1248 204 C.
1274 163 1396 212 V1.§.
1428 165 1462 207 1.
1507 165 1598 208 233

117 272 299 328 ροσύνη,
330 270 606 326 ἀπιστοσύνη,
637 267 893 324 δουλοσύνη,
923 268 1204 324 δυςφροσύνη,
1233 270 1490 328 μνημοσύνη,
1515 288 1594 329 πη-

117 338 294 395 μοσύνη,
336 338 559 392 τοξοσύνη,
596 334 874 390 τεκτοσύνη,5
919 335 1133 388 adjectivis
1173 342 1307 378 autem
1348 340 1472 380 utitur
1509 352 1594 382 non

116 408 239 448 motis
279 403 534 457 μαντόσυνοι
573 400 748 456 ἀνάγκαι
786 403 870 455 lph.
900 402 947 443 A.
979 401 1068 443 701.
1107 400 1359 452 δουλόσυνος
1396 408 1592 458 κτηθεῖσα

115 473 212 514 Hec.
238 471 331 513 449.
361 467 498 524 εὐχαῖς
528 467 795 516 δεσποσύνοις
823 468 906 520 Iph.
930 468 971 508 T.
990 466 1081 508 439.
1112 471 1154 508 ut
1181 468 1437 511 Hermannus
1468 472 1592 514 edidit

117 537 245 589 (424.)
284 549 358 589 pro
400 534 691 586 ὁεσποσύναις,
732 534 1023 585 confirmatque
1061 532 1302 576 Eustathius
1332 548 1370 588 p.
1403 535 1495 590 918,
1525 538 1590 580 49.

115 600 370 651 δεσπόσυνος
399 599 627 655 Εὐριπίδης
656 597 707 641 ού
737 596 819 653 μὴν
858 595 1100 652 δεσποσύνη.
1146 599 1381 653 Eademque
1412 604 1592 644 seminini

117 671 247 710 forma
271 669 479 722 praevalet
500 668 607 720 apud
631 667 906 720 posteriores:
936 661 962 718 ἡ
983 661 1245 718 μνημόσυνος
1262 668 1431 720 Meleag.
1451 669 1587 721 Epigr.

115 736 142 776 Ι.
170 735 206 776 4.
240 731 263 788 ἡ
292 732 547 786 κουρόσυνος
587 732 788 774 Theodor.
820 732 880 772 VI.
918 726 944 784 ἡ
985 728 1221 783 γηθόσυνος
1257 734 1377 774 Anth.
1410 735 1493 775 Pal.
1524 736 1587 777 VI.

115 812 153 841 n.
175 801 266 841 235.
298 801 419 852 Orph.
445 801 489 841 II.
520 800 674 840 XXVII.
711 799 770 839 14.
800 802 839 839 et
868 797 973 849 apud
1004 798 1231 850 scriptores
1261 801 1439 840 numeris
1470 801 1589 842 solu-

116 872 204 907 tos:
234 863 446 918 μετάθεσις
474 863 735 919 εὐφοόσυνος
761 863 930 915 Niceph.
955 863 1053 904 VIII.
1079 864 1139 917 11,
1170 864 1261 905 217.
1283 866 1332 907 A.
1364 861 1466 906 ὥδοιὶ
1493 881 1589 920 χαρ-

113 929 287 984 μόσυνοι
317 932 379 972 IX.
410 932 455 983 0,
487 931 578 972 200.
609 931 652 971 F.
692 926 949 982 χαρμόσυνος
987 925 1188 976 ἐπέλευσις
1224 930 1338 972 Eust.
1375 932 1474 985 470,
1522 933 1587 976 36.

113 997 185 1037 His
221 997 479 1037 manifestum
518 996 559 1036 sit
598 997 700 1037 haee
736 995 939 1047 adjectiva
975 991 1038 1034 ἐπὶ
1076 990 1122 1034 τὸ
1151 996 1310 1049 πλεῖον,
1350 1001 1393 1037 ut
1423 999 1490 1039 ille
1521 1001 1589 1054 aIt,

112 1063 276 1115 generis
309 1073 404 1102 esse
435 1063 672 1103 eommunis.
719 1063 967 1102 Femininum
998 1064 1059 1101 est
1090 1061 1131 1100 in
1161 1060 1279 1102 Orac.
1306 1062 1354 1103 de
1375 1064 1417 1104 V.
1440 1065 1590 1107 Plotini

113 1141 150 1170 v.
180 1128 244 1169 45.
276 1140 312 1179 p.
334 1127 370 1168 9.
405 1128 461 1179 (p.
489 1128 657 1169 LXXVI.
689 1127 848 1180 Creuz.)
881 1123 959 1166 σὺν
987 1125 1182 1179 θαλίῃσιν
1209 1124 1519 1183 ἐϋφροσύνῃσιν
1549 1136 1589 1172 et

113 1194 249 1245 Antip.
280 1193 400 1233 Antll.
431 1193 472 1233 Ρ.
505 1193 568 1234 IX.
597 1194 690 1235 407.
721 1190 961 1247 γειτοσύνης
988 1188 1189 1244 καλύβης,
1223 1192 1346 1245 Orph.
1378 1195 1423 1235 H.
1454 1196 1518 1237 III.
1548 1197 1586 1238 5.

111 1255 188 1308 νύξ
215 1253 475 1311 εὐφροσύνη,
507 1259 697 1311 Apollon.
728 1260 755 1300 Ι.
787 1259 877 1300 784.
910 1262 949 1299 et
982 1257 1153 1310 Oppian.
1179 1258 1265 1298 Hal.
1294 1260 1338 1300 II.
1371 1261 1432 1301 74.
1463 1266 1590 1315 γηθο-

112 1322 238 1377 σύνη,
271 1324 379 1376 quod
411 1329 449 1363 et
479 1329 623 1364 auctor
652 1325 790 1365 Lexici
821 1325 986 1365 Rhetor.
1016 1325 1054 1363 in
1086 1323 1210 1365 Bekk.
1244 1326 1397 1368 Anecd.
1427 1340 1465 1380 p.
1496 1329 1588 1371 232.

113 1389 378 1430 adnotatione
409 1389 569 1440 dignum
599 1390 723 1431 duxit.
776 1389 960 1444 Πισύνη,
1002 1390 1111 1443 quod
1139 1390 1378 1433 Passowius
1419 1396 1589 1451 recepit,

110 1466 194 1495 non
224 1455 370 1506 legitur
400 1456 479 1495 nisi
509 1457 549 1496 in
579 1456 711 1497 Photii
741 1457 886 1509 glossa
919 1453 1134 1510 Περιωπή,
1181 1458 1249 1498 ubi
1286 1458 1452 1499 πίσυνοι
1481 1462 1590 1502 scri-

109 1521 283 1561 bendum
315 1532 364 1561 ex
395 1521 651 1573 Tliueyditle3
684 1522 928 1574 adjectivum
958 1520 1216 1575 μαχλόσυνος
1243 1522 1480 1578 μαχλοσύνη
1509 1538 1586 1568 ve-

111 1597 205 1626 reor
252 1597 302 1626 ne
342 1587 432 1638 ipse
474 1588 725 1629 confinxerit.
792 1589 851 1629 De
892 1589 1040 1630 Nonno
1073 1590 1117 1630 II.
1150 1590 1241 1631 692.
1278 1589 1588 1646 πλαγκτοσύνης

111 1647 274 1691 ἀπόειπε
303 1653 539 1704 παλίμπορα
567 1651 699 1693 κύκλα
727 1654 911 1707 amosias,
942 1656 1035 1695 milii
1066 1667 1147 1696 non
1177 1656 1296 1707 plane
1328 1657 1584 1707 exploratum

111 1721 175 1757 est
205 1717 460 1768 adjectivone
492 1729 591 1757 usus
624 1719 676 1757 sit
705 1730 756 1758 an
787 1720 1046 1760 substantivo
1078 1721 1187 1772 quod
1215 1722 1337 1761 iterat
1374 1723 1415 1762 in
1444 1723 1485 1763 L.
1519 1723 1583 1766 IV.

112 1784 200 1824 101.
232 1784 292 1823 sic
323 1787 365 1822 ut
398 1794 500 1822 unus
531 1784 734 1834 genitivus
768 1784 943 1835 pendeat
975 1796 1025 1825 ex
1056 1786 1185 1826 altero
1206 1785 1494 1842 πλαγκτοσύνη
1513 1804 1586 1830 πο-

109 1848 217 1898 ρείας
245 1848 310 1888 vel
337 1848 480 1899 πορεία
507 1847 837 1903 πλαγκτοσύνης,
877 1851 1088 1891 intellectu
1127 1851 1319 1903 adjectivi
1357 1865 1475 1906 quem
1515 1857 1584 1898 ille

109 1915 276 1965 saepius
315 1915 506 1964 genitivis
547 1915 703 1955 tribuit:
747 1912 879 1963 ὕπνος
913 1913 1079 1968 ἐρώτων
1106 1917 1205 1959 XVI.
1235 1917 1328 1959 355.
1360 1916 1464 1970 ὁόρυ
1491 1919 1586 1976 χάρ-

107 1994 184 2032 μης
202 1980 320 2020 XVII.
343 1980 431 2020 107.
462 1974 669 2032 ὀρχηθμὸς
691 1976 869 2032 ὀλέθρου
889 1993 924 2021 v.
947 1982 1038 2023 214.
1070 1979 1188 2034 μέλος
1214 1979 1477 2039 εὐφροσύνης
1498 1987 1582 2030 ΧΧ.

107 2046 198 2086 300.
236 2041 379 2097 θώρηξ
424 2046 624 2097 κυὸοίμου
660 2046 778 2088 XXII.
809 2047 900 2088 256.
933 2052 1008 2089 etc.
1072 2048 1329 2100 Adjectivum
1378 2052 1428 2093 ad
1478 2064 1585 2095 eon-

107 2112 375 2152 structionem
404 2112 659 2163 aptissimum
693 2117 777 2166 est,
812 2112 861 2153 ad
892 2115 1136 2154 sententiam
1167 2116 1319 2169 minus,
1358 2118 1393 2158 si
1423 2120 1584 2170 quidem

104 2174 411 2229 πλαγκτόσυνος
448 2178 487 2217 in
525 2177 727 2218 hominem
766 2180 904 2231 potius
944 2181 1164 2221 convenire
1203 2181 1363 2223 videtur
1393 2195 1512 2236 quam
1542 2187 1584 2227 in

193 2328 229 2370 5]
255 2329 335 2363 Post
371 2328 573 2373 Euripidem
608 2329 754 2373 piurima
786 2331 926 2374 protulit
959 2331 1119 2367 Manetho
1156 2334 1190 2366 in
1218 2335 1338 2376 quarto
1365 2333 1472 2369 librot
1499 2335 1579 2378 ἄλη-

105 2382 243 2426 μοσῦνη
268 2394 299 2417 v.
326 2385 381 2420 34.
410 2385 699 2429 πολὺπλαγκτοσ.
733 2386 810 2421 222.
851 2399 998 2431 ποριόσ.
1033 2389 1109 2424 314.
1145 2399 1281 2421 remeo.
1307 2389 1385 2425 323,
1412 2392 1489 2427 440,
1523 2391 1578 2426 df-

107 2449 209 2470 65106.
235 2439 312 2475 383.
340 2439 486 2472 παιόοσ.
515 2441 591 2476 378.
617 2453 765 2485 μοιχοσ.
787 2443 863 2478 396.
890 2455 1087 2488 stannique.
1114 2444 1191 2479 436.
1227 2446 1380 2487 (nomon.
1406 2447 1483 2482 462.
1517 2460 1578 2481 κα-

108 2492 300 2535 κοιῖαιμοσ.
326 2494 402 2529 462.
430 2496 506 2531 475.
533 2497 609 2532 594.
649 2496 869 2534 ἀξιοπισῑοσ.
906 2501 981 2535 505.
1023 2503 1055 2534 ct
1082 2501 1114 2532 in
1143 2503 1240 2533 sexto
1267 2500 1352 2534 libro
1380 2500 1578 2545 δουλοσύνη

107 2547 160 2582 GS-
188 2548 262 2582 691.
291 2550 367 2584 711.
400 2551 556 2594 μαχλοσ.
596 2552 668 2587 130.
698 2553 771 2589 190.
806 2554 969 2587 zamma.
995 2556 1071 2591 207.
1108 2553 1290 2599 ὁμοηροσ.
1316 2557 1393 2592 215.
1424 2557 1576 2602 ἀλημοσ.

105 2603 182 2638 226.
208 2615 359 2645 ‚namon-
384 2606 460 2642 313.
487 2608 563 2643 735.
590 2619 726 2641 τεκτοσ.
752 2610 830 2645 418.
856 2610 932 2646 438.
959 2609 1128 2654 ἕῐιιᾳροσ.
1158 2612 1235 2647 470.
1262 2611 1384 2655 ι’δμοσ.
1413 2613 1489 2649 744.
1514 2615 1578 2650 sed

107 2659 139 2691 in
167 2660 284 2701 quinto
319 2669 364 2695 ne
398 2672 500 2696 unum
525 2663 684 2707 quidem,
720 2664 787 2699 duo
813 2666 846 2700 in
868 2667 989 2709 primo,
1017 2670 1151 2710 septem
1177 2668 1211 2701 in
1237 2669 1392 2705 secundo
1419 2673 1454 2707 et
1475 2674 1576 2708 tertio

106 2714 149 2747 cs.
176 2713 295 2749 Lelirs.
324 2715 465 2756 Quaest.
492 2718 580 2761 Epp.
606 2729 641 2762 p.
668 2719 744 2756 279.
