1699 3021
690 612 722 653 (3
753 612 788 652 A
821 612 866 654 Ι).
937 612 965 652 l.

199 778 237 822 §.
274 775 307 816 1.
366 775 442 816 Est
481 775 584 816 haee
616 780 763 816 natura
794 777 925 817 omnis
956 776 1005 818 (le
1036 777 1253 818 verborum
1285 779 1440 820 fabrica
1472 779 1560 820 dis-

88 839 313 889 putationis
346 845 386 881 ut
416 841 548 882 lucem
581 845 620 882 et
652 842 843 883 tenebras
875 843 1048 884 alternet
1080 855 1127 884 ac
1147 844 1364 896 legentium
1387 845 1559 886 aninuun

88 914 137 944 ex
170 904 385 945 intervallo
420 907 559 958 fatiget
589 912 842 960 recreetque.
905 909 972 949 Sic
1004 913 1042 949 et
1071 909 1191 961 hujus
1219 911 1412 964 regionis,
1443 922 1561 963 quam

86 979 194 1009 nunc
224 971 428 1011 emensuri
459 983 621 1025 sumus,
652 977 792 1024 partes
824 974 1021 1025 quaedam
1052 975 1265 1015 vocabulis
1296 975 1463 1016 horrent
1493 987 1563 1016 re-

88 1035 255 1076 torridis
294 1041 334 1076 et
372 1037 690 1091 ignorabilibus,
730 1050 834 1090 quae
876 1039 986 1078 taciti
1026 1040 1143 1090 quasi
1172 1040 1341 1081 heroum
1372 1041 1563 1094 sepulcra

86 1101 414 1152 praeteribimus.
476 1102 712 1154 Cujusmodi
732 1108 827 1144 sunt
847 1101 1045 1157 θάλαμος,
1076 1101 1263 1157 κέραμος,
1294 1102 1464 1158 κύαμος,
1494 1105 1563 1147 κύ-

86 1179 240 1218 χραμος
279 1168 365 1207 avis
405 1179 555 1209 nomen
592 1170 703 1209 varie
742 1170 951 1222 seriptum.
1010 1169 1194 1211 Aliorum
1236 1182 1332 1212 vero
1366 1171 1562 1223 originem

89 1230 347 1273 Grainmatiei
386 1233 655 1285 probabiliter
701 1238 956 1287 conjectant:
1005 1233 1165 1289 καλάμη
1204 1231 1286 1276 ἀπὸ
1322 1237 1398 1277 τοῦ
1433 1234 1564 1278 κάλου

85 1298 163 1338 τοῦ
192 1294 318 1347 ξύλου
357 1299 468 1341 Suid
510 1311 590 1351 quo
637 1301 772 1352 aptius
811 1300 971 1341 videtur
1009 1297 1162 1348 καυλός
1201 1306 1240 1342 et
1270 1302 1390 1343 affine
1420 1300 1565 1344 Καλλά

88 1361 187 1418 (Sic)
216 1359 241 1417 ἡ
271 1361 405 1405 κάυνα
434 1362 616 1418 καλάμος
644 1366 820 1417 Hesych.
852 1363 896 1406 ἐκ
925 1367 1000 1406 τοῦ
1029 1363 1164 1407 πλέκω
1185 1363 1337 1415 πλόκος
1353 1365 1565 1422 πλόκαμος

86 1425 142 1478 ὡς
172 1426 294 1484 ἀρχὸς
323 1427 499 1483 ὄρχαμος
528 1431 643 1471 Eust.
679 1430 796 1484 10947
827 1431 891 1472 54.
925 1427 1103 1485 οὐλαμός
1139 1447 1252 1488 παρα
1288 1430 1334 1474 τὸ
1373 1434 1469 1475 ἴλλω
1509 1431 1566 1484 ὡς

86 1495 227 1544 ἴουλος
258 1497 395 1538 Schol.
427 1497 470 1537 Il.
502 1496 585 1537 XX.
619 1496 709 1538 113.
743 1500 783 1537 et
811 1496 928 1538 Phot.
987 1498 1024 1539 A
1063 1498 1189 1540 verbo
1228 1501 1389 1552 χεῖσθαι
1430 1497 1454 1541 6
1482 1498 1565 1542 ἐστι

86 1563 270 1617 χωρῆσαι
307 1562 572 1604 Aristarchus
606 1559 692 1615 χειά
732 1562 957 1603 derivatum
988 1567 1104 1616 putat
1136 1565 1229 1606 Sch.
1262 1565 1306 1606 Il.
1337 1565 1456 1608 XXII.
1496 1566 1561 1609 93.

85 1627 180 1669 hine
210 1628 277 1668 alii
304 1626 493 1681 χειραμός
523 1623 604 1668 ἀπὸ
632 1629 709 1667 τοῦ
737 1625 822 1681 χειά
851 1629 937 1669 EM.
969 1630 1034 1670 vel
1065 1630 1174 1683 quod
1216 1631 1322 1672 idem
1350 1632 1460 1673 valet
1487 1646 1564 1686 χη-

87 1691 198 1746 ραμά
225 1689 337 1747 παρὰ
365 1690 412 1733 τὸ
440 1696 601 1745 χεῖσθαι
630 1691 700 1733 καὶ
727 1696 872 1745 χωρεῖν
912 1694 1005 1735 Sch.
1036 1695 1080 1735 Il.
1111 1696 1213 1736 XXI.
1251 1696 1343 1738 495.
1372 1697 1460 1738 Nic.
1493 1698 1563 1740 Th.

88 1759 153 1801 55.
185 1759 281 1810 Lyc.
317 1757 406 1800 181.
439 1758 664 1811 eodemque
693 1758 801 1799 ducit
834 1755 955 1812 χηλός
985 1771 1116 1813 capax
1147 1761 1335 1813 quiddam
1356 1766 1395 1803 et
1421 1773 1564 1804 cavum

88 1825 323 1877 significans
355 1829 395 1865 et
422 1821 600 1878 χηλαμός
629 1835 752 1876 rupes
775 1836 1003 1865 cavernosa
1022 1829 1065 1865 ut
1084 1826 1287 1867 Eustathii
1310 1829 1563 1880 temporibus

90 1889 301 1930 dicebatur
326 1902 362 1929 v.
388 1890 452 1930 Du
472 1889 594 1942 Cang.
626 1901 659 1931 s.
692 1890 716 1930 l.
761 1890 944 1931 Alterum
975 1891 1104 1932 cistae
1133 1903 1282 1933 nomen
1307 1898 1371 1934 est
1400 1907 1565 1947 φωρια-

89 1952 178 2008 μός,
209 1955 496 2008 inexplicabile
524 1955 623 1996 illud
661 1956 741 1997 nisi
778 1957 1001 2009 accipimus
1041 1957 1150 2009 quod
1179 1958 1408 2010 Hesychius
1449 1960 1566 2001 offert

89 2019 294 2075 χωριαμός
322 2017 347 2075 ἡ
375 2021 491 2075 κίστη
521 2021 701 2062 admissa
732 2023 1030 2074 permutatione
1061 2023 1412 2065 antistoechorum
1429 2029 1472 2065 ut
1488 2040 1566 2078 χα-

91 2085 232 2142 ράσσω
280 2084 465 2141 χαράδρα
512 2083 536 2140 ἡ
578 2085 743 2140 χάραξις
789 2089 865 2128 τοῦ
913 2085 1094 2141 ἐδάφους
1131 2089 1228 2130 Hes.
1279 2094 1318 2130 et
1356 2086 1565 2143 φάραγξ.1

91 2154 194 2196 Nam
224 2153 333 2207 quod
360 2154 660 2195 Eratosthenes
691 2155 909 2207 proposuit
939 2158 1104 2206 etymon
1134 2150 1221 2209 ὁτιὴ
1257 2152 1362 2195 κύθε
1404 2153 1566 2209 φώριον

92 2217 223 2274 ἄγρην,
253 2219 389 2261 Schol.
419 2221 494 2272 Ap.
517 2220 564 2260 II.
586 2219 679 2262 802.
702 2220 865 2272 poetice
889 2224 1141 2261 commentus
1173 2225 1249 2274 est,
1278 2231 1410 2273 neque
1428 2221 1566 2263 verius

92 2286 252 2327 videtur
290 2285 425 2339 φᾶρος
462 2285 696 2327 Herodiano
736 2285 952 2338 probatum
994 2286 1086 2327 Sch.
1127 2286 1170 2327 ΙΙ.
1202 2286 1248 2327 ΙΙ.
1279 2286 1370 2328 242.
1431 2288 1565 2328 Ποτα-

92 2348 170 2405 μός
188 2352 316 2392 Varro
347 2352 389 2392 L.
411 2351 454 2392 L.
471 2351 516 2391 V.
542 2350 602 2393 11.
634 2356 746 2393 recte
777 2363 799 2392 a
819 2356 920 2404 potu
944 2352 1192 2404 appellatum
1217 2355 1345 2405 putat,
1377 2352 1450 2394 sed
1470 2353 1565 2406 quia

93 2417 352 2459 substantiva
390 2417 583 2458 tribrevia
621 2422 961 2470 proparoxytona
985 2429 1080 2458 esse
1111 2417 1270 2471 solent,
1308 2418 1565 2461 Herodianus

93 2495 176 2524 non
205 2494 228 2523 a
256 2479 381 2530 πότος
406 2483 472 2523 vel
498 2479 623 2531 words
653 2483 840 2525 extitisse
870 2482 992 2524 docet
1022 2483 1095 2524 sed
1115 2495 1139 2524 a
1156 2479 1366 2536 ποτασμός
1384 2488 1564 2525 retracto

179 2599 218 2641 1)
252 2598 364 2633 Locus
389 2598 483 2634 idem
521 2608 540 2632 a
575 2598 744 2635 Strabone
768 2599 916 2643 Χάραξ,
953 2609 971 2633 a
998 2599 1197 2634 Ptolemaeo
1223 2596 1356 2643 Φάραξ
1382 2598 1506 2633 (licitur
1533 2609 1563 2632 v.

95 2654 220 2698 Thrige
247 2654 369 2697 Cyren.
397 2664 430 2697 p.
456 2654 532 2689 202.
559 2657 594 2688 et
619 2659 714 2690 certe
739 2659 885 2698 cognata
910 2658 987 2689 sunt
1014 2655 1102 2698 ἄγχι
1129 2654 1249 2698 ἀμφί,
1276 2652 1399 2698 πάγχυ
1424 2653 1563 2698 πάμᾳι,

96 2709 233 2754 ῥύγχος
257 2708 424 2753 ῥάμφος,
460 2710 608 2754 καχάζω
633 2709 806 2754 καᾳάζω,
834 2709 1001 2753 καχλάζιυ
1027 2708 1217 2753 παφλάζω.
