1747 3005
262 151 328 192 DE
353 150 477 193 NOM.
509 150 726 200 QUORUM
748 149 898 191 CHAR.
925 149 1026 192 EST
1047 149 1217 192 SIGMA.
1250 152 1291 193 C.
1313 153 1358 195 II.
1378 158 1414 202 ἓ.
1435 154 1471 196 3.
1518 155 1608 200 425

142 258 216 306 σᾶς
252 257 510 308 Γλισάυτιος,
553 257 713 312 Τρύχας
751 256 1018 313 Τρυχάντιος,
1054 254 1202 307 Ὀλοῦς
1226 255 1482 316 Ὀλούντιος,
1518 268 1610 307 Σο-

140 324 239 370 λοῦς
281 322 556 376 Σολούντιος,
599 323 754 375 Ῥιζοῦς
792 321 1057 377 Ῥιζούντιος,
1108 325 1180 365 sed
1230 331 1269 366 et
1307 327 1449 370 horum
1485 332 1610 374 multa
1660 337 1664 339 ’

140 388 245 428 inter
273 394 486 442 utrumque
526 391 717 431 fluctuant
748 391 950 437 Σκιλλοῦς
980 388 1250 439 Σκιλλούσιος
1285 391 1351 433 καὶ
1381 394 1608 438 Σκιλλούν-

139 467 244 504 τιος,
281 457 503 503 Φοινικοῦς
537 454 848 504 Φοινικούντιος
877 454 946 497 καὶ
980 453 1270 504 Φοινικούσιος
1305 454 1361 506 ὡς
1391 459 1610 503 Σελινούν-

138 532 225 566 τιος
253 518 320 560 καὶ
351 519 626 571 Σελινούσιος,
666 523 896 574 Τραπεζοῦς
932 518 1252 573 Τραπεζούντιος
1279 520 1348 562 καὶ
1383 524 1609 577 Τραπεζού-

142 592 229 631 σιος
250 582 305 632 ὡς
338 582 617 638 Ἀμαθούσιος
648 588 786 639 Stcpll.
811 592 850 628 et
877 592 920 628 ut
950 583 1182 637 Μυούσιος,
1208 583 1490 641 Ῥαμνούσιος,
1524 593 1610 632 Φυ-

139 647 306 698 κούσιος
336 657 408 693 etc.
470 653 520 692 Et
550 665 573 693 a
602 653 832 693 nominibus
862 654 901 693 in
931 644 990 693 ω-τι
1019 668 1138 700 ουτος
1165 651 1377 694 Λεδόντιοι
1414 656 1534 699 Paus.
1562 658 1609 699 X.

140 714 206 767 33,
239 716 273 758 1.
305 717 378 757 sed
409 718 639 765 Νεδουσίας
663 713 841 770 Ἀθηνᾶς
869 715 978 770 ἱερὸν
1006 715 1224 770 ἐπώνυμον
1244 716 1376 760 τόπου
1397 718 1508 770 τινὸς
1529 720 1609 764 Νέ-

141 779 284 828 δοντος
315 782 448 824 Strab.
478 784 576 824 VIII.
609 783 699 825 360.
744 787 782 823 et
821 782 870 822 ab
910 784 1169 836 appellativis
1207 782 1424 836 Γερόντιος
1462 787 1607 829 andro-

141 847 340 896 nyinicum
373 853 410 887 et
438 849 636 902 γεροντιά,
669 848 742 889 sed
769 852 807 888 ct
837 848 1048 900 γερούσιος
1073 851 1278 902 γερουσία,
1311 863 1333 892 a
1362 850 1507 904 πυγών
1534 868 1609 895 πυ-

141 908 328 962 γούσιος,
372 924 395 952 a
433 915 660 965 participiis
700 918 739 953 et
770 914 1092 965 participialibus
1122 914 1379 969 ἐθελούσιος,
1411 914 1607 969 ἀδούσιος

141 975 308 1031 ἐραστός
337 979 431 1019 Hes.
461 976 680 1031 ἐπιούσιος,
710 975 898 1025 ἑκούσιος
928 991 962 1020 V.
994 980 1043 1020 ad
1073 981 1218 1032 Phryn.
1250 994 1286 1034 p.
1317 983 1353 1024 5.

250 1048 288 1091 §.
318 1043 354 1084 3.
412 1044 527 1084 Nunc
565 1049 722 1096 tempus
763 1048 825 1084 est
864 1044 1067 1085 disserere
1107 1048 1311 1099 quomodo
1352 1049 1491 1091 eadem
1521 1055 1607 1092 ter-

138 1109 303 1149 minatio
335 1110 484 1150 existat
515 1121 539 1149 a
568 1109 844 1150 dissimilibus,
900 1110 1106 1163 Persaepe
1137 1114 1241 1153 enim
1278 1115 1463 1168 nomina,
1502 1127 1606 1168 quae

138 1185 270 1226 neque
307 1175 348 1214 in
378 1176 507 1227 primo
539 1185 638 1214 casu
676 1175 832 1215 literam
863 1177 1076 1227 mysticam
1106 1176 1256 1218 habent
1293 1189 1426 1230 neque
1462 1180 1503 1220 in
1534 1192 1606 1222 se-

140 1239 293 1292 cundo,
332 1241 579 1292 positionem
619 1241 870 1289 sigmaticam
911 1241 1128 1292 accipiunt.
1187 1242 1323 1283 Schol.
1353 1244 1454 1285 Vict.
1485 1245 1535 1286 ad
1563 1246 1606 1288 Il.

138 1304 220 1345 XX.
251 1305 342 1345 404.
374 1302 424 1344 τὰ
453 1301 520 1344 διὰ
548 1306 624 1345 τοῦ
643 1297 708 1352 ι-(ἶς
736 1305 770 1345 εἰ
797 1302 870 1356 μὲν
897 1302 944 1343 τὸ
961 1303 1232 1356 πρωτότυπον
1261 1306 1315 1354 εἰς
1338 1299 1390 1355 ο-ς
1417 1307 1505 1361 ἔχει,
1538 1307 1607 1351 διὰ

137 1372 213 1411 τοῦ
242 1380 368 1424 ησιος,
395 1367 560 1417 Ἰθάκος
589 1371 685 1422 (Sic)
713 1366 956 1422 Ἰθακήσιος,
986 1368 1214 1424 βροτήσιος,
1245 1369 1411 1425 ἐτήσιος.
1471 1375 1527 1415 Εἰ
1563 1374 1607 1417 δὲ

134 1433 320 1490 τρέποιτο
356 1433 403 1477 τὸ
431 1435 459 1489 ἦ
486 1435 561 1475 τοῦ
589 1433 863 1486 πρωτοτύπου
892 1435 947 1482 εἰς
977 1439 1004 1475 o?
1032 1433 1143 1489 παρὰ
1172 1439 1398 1490 Δωριεῦσι,
1437 1436 1505 1480 διὰ
1532 1443 1608 1483 τοῦ

136 1503 176 1553 ἆ,
211 1499 492 1555 Πρυμνάσιον,
525 1499 811 1554 Κορυφάσιον.
876 1499 1020 1549 Οὕτως
1056 1500 1132 1554 ἔχει
1160 1500 1230 1542 καὶ
1257 1500 1303 1544 τὸ
1340 1503 1554 1558 Κοράσιον
1583 1506 1608 1549 ὃ

135 1565 290 1621 μᾶλλόν
318 1565 401 1607 ἐστι
428 1564 709 1619 μακεδονικόν.
767 1567 900 1607 Prima
928 1567 1009 1620 illa,
1041 1568 1075 1607 si
1104 1578 1187 1608 non
1207 1568 1324 1620 plura
1355 1571 1604 1628 exciderunt,

137 1644 241 1686 quae
279 1643 329 1673 ex
368 1632 452 1672 EM.
490 1631 593 1683 387,
630 1632 695 1673 46.
737 1632 919 1684 suppleri
951 1637 1146 1684 possunt,
1185 1634 1245 1673 sic
1284 1636 1409 1675 scribi
1441 1643 1605 1689 oportet

136 1699 192 1746 εἰς
219 1696 246 1751 ἦ
274 1696 342 1737 καὶ
366 1688 416 1744 ο-ς*
443 1721 495 1725 -
519 1693 662 1749 Ἰθάκη
701 1711 735 1737 κ.
764 1711 798 1736 τ.
827 1698 860 1736 λ.
893 1696 941 1737 de
978 1697 1180 1737 universis
1222 1698 1283 1738 sic
1321 1710 1524 1751 exponam
1561 1708 1605 1744 ut

138 1764 319 1805 ordinem
349 1763 551 1802 vocalium
581 1773 731 1814 sequar
761 1773 863 1814 quas
894 1763 1023 1813 sigma
1053 1763 1215 1813 excipit.
1272 1764 1346 1804 Hic
1369 1767 1506 1807 statim
1529 1779 1605 1809 oc-

138 1834 275 1871 cursat
309 1829 439 1869 leera
469 1832 508 1867 et
540 1839 590 1867 es
622 1839 673 1867 ea
704 1828 857 1868 avulsa
884 1830 1038 1878 postea
1069 1827 1271 1869 Therasia
1300 1829 1400 1870 Plin.
1430 1831 1492 1871 IV.
1538 1833 1603 1875 23.

137 1896 258 1947 alpha
288 1895 411 1945 longo
439 1897 482 1933 ut
514 1893 746 1945 Stephanus
779 1897 949 1933 testatur
979 1904 1096 1944 quem
1116 1893 1249 1933 Draco
1275 1896 1460 1947 sequitur
1478 1909 1516 1949 p.
1537 1899 1603 1953 47,

135 1960 171 2002 9.
203 1965 242 2000 et
271 1961 476 1999 Minervae
506 1959 690 1998 Acraeae
722 1969 949 2009 cognomen
980 1959 1231 2011 Κορυφασία
1261 1972 1284 2000 a
1322 1961 1488 2015 κορυφή
1527 1963 1605 2004 du-

140 2030 247 2066 ctum
277 2028 320 2064 ut
349 2021 626 2076 Κορυφάσιον
656 2025 979 2075 promontorium
1010 2029 1049 2064 et
1079 2025 1368 2077 Κορυφαντίς,
1399 2031 1512 2081 puto,
1541 2029 1607 2069 vi·-

135 2101 207 2130 cus
238 2089 455 2140 Mytilenae
485 2090 659 2129 litoralis
692 2090 824 2130 Strab.
848 2092 963 2141 cujiis
981 2090 1223 2140 primitivum
1243 2092 1362 2131 fucrit
1385 2090 1602 2146 Κορύφας.

134 2155 388 2196 Percelebris
421 2160 484 2195 est
513 2156 643 2195 Diana
672 2155 853 2205 Pergaea
882 2166 999 2206 quam
1020 2160 1059 2195 et
1086 2156 1318 2206 Περγασιάν
1337 2156 1484 2198 dictam
1506 2170 1602 2201 esse

135 2220 304 2270 legimus
342 2220 449 2271 apud
490 2221 750 2272 Stephanum,
791 2221 910 2272 alpha
941 2220 1063 2271 longo
1105 2221 1193 2261 sine
1232 2221 1352 2261 dubio
1384 2227 1426 2263 ut
1456 2225 1602 2278 Κορυ-

136 2284 266 2337 φασία
303 2285 344 2324 in
384 2285 504 2326 Anth.
544 2290 583 2326 et
626 2287 822 2339 Θηρασία.
878 2287 939 2325 Ac
978 2287 1012 2325 si
1055 2287 1144 2338 quis
1176 2287 1300 2326 verba
1331 2288 1412 2328 ista
1440 2289 1602 2330 Ethno—

135 2350 277 2402 graphi
318 2346 455 2402 Πέργη
490 2352 708 2403 ,Περγαῖος
743 2347 790 2391 τὸ
835 2347 1022 2404 θηλυκὸν
1062 2352 1245 2403 Περγαία
1280 2349 1347 2391 καὶ
1395 2354 1604 2407 Περγασία

123 2412 307 2467 ’Ἄρτεμις
335 2415 376 2454 in
410 2416 688 2466 suspicionem
725 2421 868 2469 vocet,
906 2416 1094 2457 subvenit
1132 2416 1240 2457 aliud
1282 2417 1464 2468 ejusdem
1501 2419 1603 2462 deae

136 2480 343 2531 epitheton
376 2481 558 2532 Περασία
586 2505 639 2510 ——
668 2478 736 2522 διὰ
763 2477 810 2522 τὸ
847 2480 1027 2535 πέραθεν
1063 2483 1316 2536 κομισθῆναι
1355 2484 1488 2526 Strab.
1517 2486 1601 2528 XII.

137 2625 219 2667 περὶ
253 2623 372 2657 πάντα
408 2623 579 2659 ἀλᾶσθαι.
626 2627 885 2672 Πιθανώτερον
923 2628 961 2662 δὲ
999 2627 1015 2669 ἢ
1051 2628 1108 2661 ἐπὶ
1143 2628 1205 2662 τοῦ
1232 2629 1392 2667 ’Ἄλεντος
1429 2630 1602 2676 ἱδρυμένη

136 2679 304 2722 ποταμοῦ
327 2680 401 2715 EM.
449 2681 531 2716 Tum
557 2692 638 2718 vero
661 2683 831 2721 Ἀλεισίας
859 2684 1089 2720 scribendum.
