1731 3021
99 156 191 199 292
571 152 1010 198 DISSERTATIO
1046 152 1112 195 vi.

103 261 231 318 ογνὸν
257 264 334 305 τοῦ
364 260 534 318 ἐλάφου.
590 263 636 305 Id
667 264 792 317 igitur
819 264 888 305 ille
919 275 970 305 ex
1010 259 1163 316 ἔλαφος
1201 261 1413 304 concisum
1451 271 1583 313 eaque

101 332 384 372 imminutione
417 330 467 371 ad
494 330 777 382 hypocorismi
808 329 1148 382 significationem
1177 327 1387 369 redactum
1417 326 1585 378 statuit3

105 397 179 439 sed
209 398 371 438 fuerunt
401 397 490 437 sine
521 395 642 437 dubio
673 396 850 437 nominis
881 396 1001 447 hujus
1032 405 1106 447 per
1134 394 1283 436 multas
1312 393 1473 445 linguas
1504 392 1587 433 dit-

106 464 186 504 fusi
215 464 367 515 (Alces,
399 462 512 514 ΕίοΙι,
542 462 693 512 Elenn)
724 462 889 513 species
909 461 1060 502 variae.
1123 457 1352 513 Φλήναφος
1373 460 1461 501 sive
1481 457 1587 500 sub-

107 530 274 569 stantivi
304 530 384 569 vim
423 529 547 569 habet
589 529 676 569 sive
716 527 929 580 adjectivi,
967 527 1228 567 manifestum
1266 529 1331 566 est
1368 536 1392 565 a
1429 524 1589 577 φλῆνος

107 595 331 635 derivatum
362 606 457 635 esse
487 599 531 635 ut
562 595 611 635 ab
643 591 734 641 ἕδος
763 591 926 646 ἔδαφος.
983 591 1104 645 Apud
1132 591 1381 642 Hesychium
1413 589 1492 630 duo
1510 600 1588 629 ex-

110 665 196 701 tant
226 661 357 713 vulpis
389 662 555 701 nomina
582 661 676 713 κίρα
707 664 746 701 et
776 660 964 712 κίραφος,
996 657 1144 709 quibus
1184 667 1331 708 magna
1370 659 1434 697 est
1472 654 1591 696 simi-

109 726 236 766 litudo
276 738 366 766 curn
405 724 560 779 κιδάφη
602 732 641 767 et
680 721 861 776 σκιδάφη
907 719 929 776 ἡ
970 719 1137 775 ἀλώπηξ
1173 721 1320 763 Arcad.
1371 724 1411 762 et
1458 722 1591 772 major

111 793 233 832 etiam
265 803 354 832 cum
385 793 598 845 σκίραφος,
630 790 740 843 quod
786 788 1085 840 Glossographi
1126 785 1421 840 πανούργευμα
1456 787 1591 826 inter-

111 862 324 910 pretantur
368 861 407 903 et
445 858 615 897 verbum
653 858 870 907 σκιραφεῖν
905 857 1280 907 κακοπραγμονεῖν,
1319 852 1429 906 quod
1466 852 1592 892 latine

111 924 326 976 vulpinari
356 921 569 963 redderem
597 922 677 963 nisi
709 920 943 971 Stephanus
965 923 1004 959 et
1022 919 1262 961 Eustathius
1289 917 1593 962 intercederent

113 990 341 1031 aleatorum
372 987 659 1029 conventicula
690 990 730 1027 et
767 985 942 1026 ludibria
981 989 1199 1039 σκιραφεῑα
1235 986 1345 1027 dicta
1383 983 1592 1026 tradentes

115 1068 140 1097 a
179 1057 296 1097 Sciro
339 1055 464 1095 attico
504 1053 753 1095 nebulonum
797 1050 1074 1103 deverticulo3
1113 1063 1191 1092 nec
1228 1053 1362 1092 minus
1404 1050 1594 1102 ambigua

114 1119 321 1175 σκὲραφος
349 1119 535 1171 λοιδορία
566 1124 605 1160 et
634 1115 816 1171 κέραφος
845 1114 1083 1169 χλευασμὸς,
1115 1128 1220 1170 quae
1251 1128 1340 1158 cum
1362 1116 1495 1168 vulpis
1512 1126 1595 1156 no-

114 1190 222 1229 mine
251 1188 427 1238 κίραφος
457 1184 662 1238 quomodo
697 1183 908 1225 conciliari
938 1184 1102 1235 possint
1133 1187 1304 1236 apparet
1334 1194 1385 1224 ex
1414 1193 1463 1223 eo
1485 1180 1595 1234 quod

116 1250 245 1307 κηκὰς
282 1249 446 1304 ἀλώπηξ
486 1251 714 1303 explicatur
756 1245 1000 1299 κακοποιός,
1047 1247 1294 1302 κακολόγος,
1339 1243 1594 1302 χλευαστική,

118 1320 251 1373 qualis
294 1323 357 1359 est
395 1319 437 1357 in
476 1317 679 1369 apologis.
746 1316 962 1368 Κροταφίς
999 1316 1171 1356 malleus
1215 1328 1238 1356 a
1266 1313 1407 1367 κρούω
1436 1311 1593 1366 κρότος.

118 1384 320 1438 Κόλαφος
347 1384 467 1435 alapa
498 1384 679 1423 fortasse
711 1394 734 1423 a
763 1379 922 1435 nomm,
954 1380 1059 1421 unde
1089 1378 1237 1428 κόσσος
1265 1377 1311 1421 τὸ
1343 1378 1526 1434 ῥάπισμα
1554 1380 1596 1420 in

119 1452 275 1493 novitio
316 1460 532 1500 sermone3
572 1445 758 1501 κόραφος
801 1446 914 1500 ὄρνις
951 1444 1068 1495 ποιός
1105 1447 1200 1487 Hes.
1239 1447 1439 1487 incertum
1478 1457 1531 1486 an
1575 1457 1597 1487 e

122 1519 290 1559 corvino
324 1526 496 1567 genere3
536 1511 722 1566 κάλαφος
760 1515 847 1555 sive
880 1509 1120 1565 ἀσκάλαφος
1148 1513 1269 1564 vulgo
1301 1516 1453 1553 noctua
1484 1512 1599 1553 aeci-

121 1585 242 1636 pitur‚
274 1582 347 1622 sed
388 1581 505 1620 aliter
544 1579 720 1621 Glossae
758 1576 976 1633 ἀσκαλάφη
1016 1580 1136 1620 aecta
1176 1579 1343 1629 acceja,
1383 1577 1493 1630 quod
1535 1582 1600 1619 est

121 1649 301 1689 italicum
344 1647 544 1695 acceyyia
593 1646 822 1697 (becassia)
865 1651 904 1686 et
942 1649 1036 1685 sunt
1080 1644 1226 1696 quibus
1268 1642 1410 1684 eadem
1448 1643 1536 1684 avis
1576 1654 1601 1683 a

122 1714 371 1755 Nemesiano
412 1710 615 1761 scolopax
663 1710 905 1763 (penultima
942 1710 1086 1762 longa)
1126 1709 1204 1750 dici
1241 1708 1428 1749 videatur
1468 1712 1508 1749 et
1549 1708 1600 1750 ab

124 1778 351 1819 Aristotele
393 1771 647 1825 ἀσκαλώπαξ.
704 1778 862 1829 Agmen
900 1787 1202 1829 paragogorum
1242 1774 1434 1816 claudunt
1473 1775 1602 1816 verba

124 1840 350 1898 μηλαφᾷυ3
389 1845 428 1882 et
462 1842 687 1898 ψηλαφᾷν,
731 1854 903 1894 quorum
952 1846 1111 1883 stamen
1150 1842 1361 1883 continent
1399 1840 1603 1892 primitiva

125 1906 217 1963 μάω
248 1914 288 1950 et
318 1904 427 1957 ψάω,
460 1907 687 1961 subtemen,
718 1912 761 1948 ut
791 1908 852 1948 sic
883 1907 1064 1962 dixerim,
1096 1909 1280 1950 derivata
1307 1904 1414 1960 μήλη
1445 1911 1485 1947 et
1499 1904 1602 1955 ψάλ-

126 1978 184 2016 λω
215 1975 289 2016 sed
319 1974 550 2015 terminatio
584 1984 673 2014 cum
701 1974 804 2025 ipsis
835 1978 932 2013 nata
964 1979 1038 2016 est.
1097 1975 1140 2015 Si
1171 1975 1261 2026 quis
1292 1984 1390 2014 vero
1435 1973 1603 2013 miretur

130 2053 201 2082 cur
230 2040 381 2080 nullam
407 2040 613 2079 nominum
640 2040 804 2091 generis
834 2041 1019 2080 neutrius
1049 2050 1242 2092 purorum
1261 2038 1509 2079 mentionem
1539 2038 1603 2078 se—

129 2107 265 2158 cerim‚
295 2117 399 2157 quae
428 2105 670 2146 Eustathius
700 2118 738 2158 p.
770 2104 863 2158 492,
894 2104 959 2145 33.
991 2105 1084 2145 huic
1124 2115 1275 2145 causae
1311 2103 1519 2157 implicat,
1558 2101 1603 2145 ἐκ

128 2173 200 2226 τῆς
245 2168 397 2224 κόρσης
436 2168 670 2223 παράγουσι
705 2167 780 2211 τὸν
817 2167 1031 2223 κρόταφον
1068 2166 1123 2217 ὡς
1158 2166 1310 2222 χρυσός
1355 2166 1602 2222 χρυσάφιον,

130 2234 253 2287 ξύλον
290 2234 515 2290 ξυλαφιον,
555 2237 742 2289 equidem
771 2236 894 2289 haec,
936 2240 981 2277 ut
1011 2235 1218 2285 dicuntur,
1255 2234 1531 2277 deminutiva‘*
1563 2239 1604 2276 et

219 2421 257 2464 3)
279 2420 477 2464 Μηλαφεῖν
499 2431 624 2456 vereor
647 2431 690 2456 ne
717 2422 951 2458 Sclineiderus
980 2422 1134 2464 finxerit3
1161 2421 1373 2465 (Ῑληναφεῖν
1407 2421 1500 2465 quod
1536 2431 1603 2456 co·-

133 2475 247 2509 dicum
275 2478 478 2511 auctoritate
507 2486 550 2512 ex
575 2476 807 2520 Aristophane
841 2481 875 2512 et
907 2477 1015 2512 Suida
1049 2479 1311 2513 exterminatum
1346 2480 1419 2520 est,
1456 2479 1606 2512 retinent

132 2530 284 2565 Thomae
309 2530 353 2564 M.
383 2531 459 2565 libri
486 2532 529 2566 ad
553 2542 657 2566 unum
686 2542 804 2567 omnes
831 2536 865 2567 et
889 2537 1057 2568 sustentat
1089 2532 1342 2577 quodammodo
1373 2533 1502 2567 vicinia
1534 2541 1604 2566 no-

132 2586 233 2619 minis
259 2583 464 2630 ᾳλήιάᾳος,
492 2597 558 2631 quo
585 2588 793 2622 adminiculo
817 2588 1006 2631 ιιιηλαφεῖν
1031 2588 1231 2623 destitutum
1260 2590 1324 2622 est.

218 2640 255 2682 4)
286 2640 442 2685 Υἱάφιοιι
464 2642 747 2688 ὑποκοριστικῶς
761 2643 885 2683 filiolus
902 2644 1014 2678 GIOSS.
1038 2643 1197 2679 Graecol.
1217 2642 1458 2687 Theognostus
1476 2652 1509 2686 p.
1526 2641 1599 2678 126.

130 2694 194 2729 ἐὰν
218 2696 282 2740 ἔχῃ
311 2695 349 2729 τὸ
374 2697 610 2742 πρωτότυπον
637 2699 674 2733 τὸ
700 2701 731 2743 ὗ,
758 2698 795 2732 τὸ
825 2699 1016 2744 οὐδέτερον
1041 2696 1102 2731 διὰ
1131 2697 1168 2731 τὸ
1195 2710 1310 2743 αφιον
1333 2700 1484 2743 γίνεται,
1510 2707 1597 2741 χρυ-
