1747 3005
752 617 892 660 CAP.
944 616 976 659 1.

369 711 445 755 De
477 702 756 754 nominc'bzts'
777 711 827 754 in
865 707 1028 770 -β-
1069 712 1362 757 eaeeuntibus.

237 831 276 875 §.
312 827 346 869 1.
403 827 466 869 Ad
506 828 812 880 significandum
852 839 998 869 sonum
1029 829 1096 880 qui
1126 829 1167 869 fit
1197 830 1331 884 pulsu,
1360 830 1456 884 ictu,
1487 831 1596 872 ssictu

123 893 262 943 graeci
300 895 502 934 sermonis
552 894 716 934 fictores
757 905 846 935 cum
897 894 975 934 alia
1018 894 1205 936 fabricati
1245 900 1341 937 sunt
1381 896 1596 951 vocabula,

126 963 207 998 tum
239 958 359 998 etiam
391 960 467 998 tria
497 971 601 1010 quae
633 959 682 1000 ad
713 960 818 1000 hunc
850 959 983 1000 locum
1013 960 1230 1014 pertinent,
1261 958 1434 1016 ἄραβος,
1465 959 1596 1003 κόνα-

122 1024 208 1077 βος,
226 1024 239 1049 1
267 1021 474 1077 κότταβος.
532 1025 684 1065 Horum
714 1026 884 1077 primum
908 1025 1141 1075 colligatum
1165 1030 1227 1066 est
1246 1028 1384 1068 verbis
1406 1028 1595 1080 pulsandi

123 1086 233 1141 ῥάω,
265 1085 454 1141 ἀράσσω,
485 1088 690 1143 ῥαβάσσω.
751 1090 926 1132 Secundi
966 1094 1131 1140 etymon
1155 1093 1269 1141 jacet
1305 1093 1346 1133 in
1389 1094 1595 1147 tenebris;

123 1151 321 1207 κότταβος
351 1168 373 1195 a
403 1155 539 1196 κόπτω
580 1156 803 1197 derivatum
841 1160 1006 1208 putant,
1045 1154 1095 1195 ad
1135 1156 1243 1207 quod
1284 1160 1476 1199 convenit
1513 1171 1595 1200 vox

122 1221 309 1261 Plautina
339 1221 499 1262 cottabi
530 1221 684 1271 bubuli,
716 1222 795 1261 hoc
826 1226 888 1262 est
919 1221 1064 1273 plagae
1096 1227 1135 1263 et
1162 1220 1312 1272 κόσσος
1340 1225 1462 1278 alapa
1497 1237 1596 1266 ver-

121 1288 278 1338 misque
309 1283 568 1339 ξυλοφάγου,
600 1290 642 1326 ut
672 1286 825 1327 Plinius
864 1292 1005 1340 vocat,
1041 1299 1188 1329 nomen
1226 1290 1393 1331 latinum
1432 1302 1595 1345 cessem,

121 1364 213 1392 nam
242 1349 404 1393 κόπτειν
434 1353 642 1405 proprium
673 1357 736 1392 est
769 1352 991 1393 teredinum
1022 1365 1058 1393 v.
1089 1354 1254 1396 Jacobs.
1283 1356 1415 1397 Anall.
1457 1357 1499 1398 T.
1528 1356 1593 1398 IX.

120 1418 211 1460 451.
251 1419 392 1471 Neque
431 1430 514 1458 non
545 1418 737 1459 credibile
776 1418 935 1459 videtur
975 1419 1104 1460 aleam
1142 1426 1312 1474 propter
1343 1427 1593 1464 tesserarum

122 1487 318 1538 strepitus
349 1497 454 1538 quos
487 1484 582 1525 dicit
614 1484 807 1525 Sidonius
837 1484 972 1536 Apoll.
1001 1485 1073 1537 Ep.
1106 1486 1150 1527 ΙΙ.
1182 1485 1218 1527 9.
1258 1488 1456 1540 appellari
1493 1485 1592 1529 κότ-

121 1566 206 1602 mv,
238 1552 366 1592 aleam
391 1554 533 1603 jacere
570 1551 780 1602 κοττίζειν,
825 1549 934 1601 quod
975 1551 1111 1592 Schol.
1150 1552 1317 1593 Lucian.
1360 1565 1409 1594 ex
1450 1568 1593 1596 κοττα-

122 1618 243 1670 βίζειν
280 1622 534 1657 contractum
573 1620 727 1656 censet.
793 1615 879 1655 Huc
928 1617 1115 1666 congruit
1156 1618 1345 1658 Salmasii
1387 1621 1592 1661 sententia

123 1683 174 1724 ad
207 1684 370 1734 Vopisc.
404 1682 446 1722 V.
476 1681 635 1721 Procul.
668 1693 704 1732 p.
738 1680 828 1721 754.
864 1681 905 1721 T.
936 1681 980 1721 II.
1014 1681 1147 1721 ludum
1169 1682 1382 1723 duodecim
1406 1685 1592 1743 scripto-

122 1760 208 1789 rum
241 1747 516 1799 comparantis
549 1757 636 1786 cum
668 1757 715 1786 eo
749 1757 870 1798 quem
909 1746 1031 1796 vulqo
1072 1746 1405 1790 Trictracum
1443 1751 1592 1802 appel-

123 1815 261 1855 lamus
294 1814 659 1863 ononmtopoelice
695 1824 722 1852 a
752 1822 857 1851 sono
890 1821 1011 1862 quem
1041 1812 1192 1853 calcula⁸
1235 1816 1278 1854 e'n
1308 1814 1457 1856 tabula
1486 1818 1592 1858 moti

121 1881 299 1932 l'acinnc.
360 1879 569 1929 Mcuagius
600 1878 640 1917 in
672 1876 780 1927 Orig.
810 1876 921 1927 Ling.
954 1876 1053 1917 Gall.
1091 1876 1130 1917 id
1171 1889 1300 1929 genus
1335 1880 1478 1931 galeae
1519 1893 1591 1922 ar-

123 1945 320 1985 tificiosae
353 1944 447 1984 olim
480 1941 616 1982 Te'clac
647 1942 893 1995 appellatum
930 1953 1024 1983 esse
1064 1943 1205 1983 scribit
1246 1949 1285 1985 et
1324 1946 1381 1986 ita
1420 1957 1444 1986 a
1485 1946 1589 1988 Ger-

120 2010 249 2051 manis
282 2010 401 2049 etiam
432 2019 537 2047 nunc
568 2009 720 2048 vocari.
779 2007 867 2047 Nos
898 2018 995 2047 vero
1036 2007 1157 2060 vulgo
1188 2008 1393 2062 Pull'spiel
1428 2023 1589 2054 nuncu-

121 2087 263 2128 pamus
295 2086 319 2115 a
357 2074 572 2126 paviendo,
612 2078 654 2113 ut
691 2072 906 2124 Adelungii
944 2075 1076 2114 nostri
1114 2079 1298 2128 censent,
1341 2076 1421 2117 hoc
1461 2082 1524 2119 cst
1564 2090 1589 2119 a

120 2141 258 2182 sonitu
287 2140 536 2180 calculorum
569 2139 635 2191 qui
666 2139 771 2179 ultro
804 2139 1008 2191 citroque,
1048 2143 1169 2192 prout
1200 2143 1385 2182 tesserae
1424 2143 1590 2184 cecide-

119 2207 210 2259 rint,
242 2210 564 2257 transponuntur
597 2205 661 2245 vel
699 2211 948 2247 tesserarum
992 2206 1171 2258 ipsarum
1209 2205 1365 2247 alveum
1412 2209 1590 2260 oppuvi-

120 2272 280 2312 entium.
342 2271 423 2312 Sed
454 2271 680 2322 elegantior
709 2272 964 2313 consuetudo
996 2272 1152 2323 recepit
1180 2271 1374 2312 ibericum
1402 2274 1466 2314 vel
1488 2286 1589 2315 vas-

119 2338 304 2377 conicum
341 2347 489 2385 nomen
536 2337 744 2378 Tocaclillo
786 2342 826 2378 et
876 2337 1278 2389 onomatopoeticum
1315 2336 1436 2392 illud,
1479 2339 1590 2391 quod

119 2402 239 2441 nobis
270 2413 358 2442 cum
389 2401 513 2443 Gallis
552 2403 799 2455 Batavisque
839 2414 1052 2444 commune
1092 2408 1155 2443 est
1188 2402 1390 2454 Trictrac,
1432 2403 1587 2457 Tit-talc,

122 2467 356 2519 Titine-tac,
390 2468 592 2509 facticium
617 2480 718 2509 sane
739 2480 821 2509 non
843 2470 974 2510 minus
994 2479 1113 2521 quam
1132 2467 1395 2520 fi‘lmqlslanq,
1414 2469 1586 2523 Ziltzalt,

118 2531 417 2584 Mz'sckmasch,
456 2534 625 2586 parique
662 2535 866 2577 vocalium
903 2534 1197 2577 vicissitudine.
1265 2533 1384 2584 Quod
1420 2535 1456 2577 si
1494 2537 1586 2589 quis

155 2678 158 2681 v
211 2697 244 2738 1)
273 2696 441 2735 Mendose
465 2697 620 2743 κάραβος
644 2699 770 2736 Arcad.
797 2709 830 2743 p.
857 2700 910 2736 46.
