1747 3005
176 171 243 214 DE
275 171 399 215 NOM.
433 171 650 221 QUORUM
680 172 830 215 CHAR.
854 172 955 216 EST
975 173 1248 218 DENTALIS.
1281 177 1323 220 C.
1342 178 1369 220 Ι.
1391 178 1479 227 §.2
1521 178 1612 222 355

145 292 249 333 quae
269 281 469 323 Arcadius
502 283 615 323 affert
646 283 807 324 diversa
836 284 1068 324 immiscens
1099 296 1136 336 p.
1156 285 1219 326 48.
1238 282 1289 326 τὰ
1316 286 1372 335 εἰς
1400 278 1609 341 δῖἶςφύσει

141 347 277 401 μακρᾷ
305 345 620 400 παραληγὸμενα
657 345 780 399 κύρια
807 346 1180 402 προπαροξύνεται,
1199 346 1384 401 ’Ἀοιδος,
1404 349 1605 403 ’Ένοιδος,

143 411 316 463 Εἰῗηδος·
345 409 391 452 τὸ
421 409 560 459 ἀοιδός
589 410 795 453 ἐπίθετον·
824 409 870 453 τὸ
900 410 942 452 δὲ
967 413 1148 461 κίναιδος
1176 414 1527 469 προπαροξύνεται
1549 424 1606 473 τῷ

139 472 248 531 λόγῳ
291 477 362 529 τῆς
405 475 646 525 συνθέσεως.
703 478 853 518 Horum
891 478 1059 530 primum
1098 480 1139 518 in
1166 475 1344 532 ’Ἄβυδος
1375 482 1607 523 mutandum

141 552 235 582 esse
274 548 444 594 apparet
485 555 533 583 ex
564 543 808 594 Epimerista
838 543 966 583 Cram.
996 544 1023 584 Ι.
1054 543 1118 584 56.
1142 543 1175 568 ¹2
1210 541 1431 585 secundum
1463 546 1606 587 eodem

140 611 309 647 auctore
347 608 387 646 in
407 605 601 659 ’Όροιδος
628 603 809 659 ποταμὸς
839 605 1063 661 (βασιλεύς)
1097 600 1150 648 οὗ
1178 605 1374 663 μέμνηται
1407 611 1607 651 Θουκυδί-

138 671 230 725 δης,
269 684 342 723 pro
375 673 493 712 tertio
524 672 679 725 Εὶήδος
715 673 812 712 nihil
851 673 983 712 animo
1024 673 1607 728 occurritpraeter’ffomyoog

138 737 161 776 i.
185 748 221 788 q.
248 733 453 789 Ἰσσηδών,
486 737 594 789 quod
619 736 724 789 apud
756 738 945 778 'l'zetzam
975 742 1186 788 oxytonon
1218 743 1281 780 est
1308 744 1451 780 contra
1480 752 1606 792 regu-

137 803 215 842 lam
244 802 352 841 illam
383 803 477 842 item
508 806 550 841 ut
573 799 793 854 Μιμυηδός
822 798 937 848 πόλις
968 802 1106 853 Steph.
1136 803 1299 845 Omissa
1328 809 1421 846 sunt
1442 803 1606 857 Ναβόν-

136 866 261 919 νηδος
299 877 437 917 regum
476 867 792 917 Babyloniorum
832 866 993 907 ultimus
1022 867 1188 919 Joseph.
1228 880 1260 910 c.
1297 870 1445 921 Apion.
1477 870 1503 911 I.
1540 871 1604 912 20.

137 936 176 972 et
210 935 421 982 oxytonon
461 928 614 983 ὀπηδός
644 932 730 972 sive
773 927 927 979 ὀπαδός
962 929 1073 985 παρὰ
1109 932 1155 973 τὸ
1190 931 1296 984 ἕπω,
1346 929 1482 984 &migro
1518 936 1604 977 EM.

135 995 228 1049 627,
261 996 321 1037 10.
389 996 594 1036 Feminina
634 996 786 1047 primae
827 996 1132 1050 declinationis,
1180 1000 1298 1050 quale
1338 1004 1401 1040 est
1440 997 1604 1055 Σεγήδη

136 1062 222 1102 sive
261 1060 410 1114 Σεγίδη
446 1061 558 1101 urbis
588 1061 769 1100 Ibericae
807 1072 954 1101 nomen
993 1073 1029 1102 v.
1063 1063 1401 1115 Schwejghaues„
1423 1066 1483 1110 jad
1514 1067 1604 1117 Ap-

135 1127 241 1178 pian.
273 1126 387 1178 Hisp.
421 1137 453 1166 c.
484 1126 547 1166 44.
579 1125 687 1165 nulla
716 1126 985 1165 inveniuntur.
1055 1127 1113 1166 De
1152 1129 1383 1169 nominibus
1421 1130 1462 1169 in
1490 1131 1605 1182 ἠὁων

135 1191 284 1231 dictum
316 1195 378 1231 est
409 1190 459 1230 ad
489 1191 550 1240 Aj.
583 1201 618 1240 p.
650 1189 741 1229 404.
775 1194 813 1229 et
845 1190 894 1230 ad
923 1190 1068 1231 Buttin.
1097 1192 1189 1232 407.
1219 1192 1438 1247 Μηλιήὸης
1460 1199 1499 1235 et
1523 1195 1604 1236 alia

135 1267 238 1307 qnae
284 1260 447 1296 veteres
494 1255 534 1293 in
580 1253 832 1304 simplicibus
872 1256 1051 1294 referunt
1086 1256 1171 1297 EM.
1207 1259 1307 1311 577,
1343 1259 1407 1300 30.
1449 1261 1601 1301 rectius

132 1331 238 1360 nunc
269 1320 500 1371 composita
531 1318 835 1369 existimantur,
866 1319 904 1357 in
937 1318 1029 1359 GaZ.
1050 1320 1196 1371 Ecphr.
1224 1323 1269 1361 ΙΙ.
1303 1323 1391 1363 162.
1419 1338 1603 1377 καναχη-

133 1382 223 1432 δέος
251 1381 521 1435 ἀνθερεῶνος,
553 1393 626 1434 pro
651 1393 730 1433 quo
755 1384 868 1434 prius
888 1381 1138 1436 καναχὴδεος
1165 1386 1408 1437 vulgabatur
1440 1391 1600 1441 (omiss.

131 1451 172 1490 in
203 1450 291 1501 Th.)
323 1449 461 1490 dubito
493 1459 543 1488 an
572 1445 830 1499 καναχώὸεος
860 1439 1117 1489 scribendum
1147 1452 1211 1490 sit.
1258 1451 1432 1493 Nomina
1460 1454 1604 1495 fluvio-

132 1527 218 1555 rum
247 1516 485 1566 urbiumque
515 1509 715 1564 Αὔφιδος,
733 1509 937 1565 ’Ἇλγιδος,
971 1512 1155 1566 Νάγιδος
1185 1516 1317 1556 Strab.
1350 1518 1489 1569 Steph.
1518 1521 1602 1559 Λυ-

132 1577 269 1632 χνιδός
314 1577 430 1626 πόλις
461 1575 657 1628 Ἰλλυρίας
693 1573 911 1629 ἀρσενικῶς
948 1576 1140 1632 λεγομένη
1181 1581 1319 1632 Steph.
1359 1578 1385 1634 ἡ
1421 1579 1602 1635 Ἀχριδός

136 1644 333 1684 Thraciae
363 1643 460 1683 urbs
492 1642 637 1693 Georg.
669 1643 863 1694 Acropol.
893 1645 1036 1684 Annal.
1069 1656 1100 1683 o.
1132 1644 1196 1685 43.
1227 1657 1264 1696 p.
1297 1645 1360 1686 39.
1392 1648 1437 1689 D.
1471 1659 1503 1688 c,
1534 1649 1599 1690 54.

133 1721 170 1761 p.
202 1708 266 1749 58.
298 1708 338 1748 C.
368 1707 579 1758 Hynnidos
611 1706 754 1746 Cariae
784 1708 881 1748 Plin.
912 1709 956 1748 V.
981 1708 1044 1748 20.
1074 1710 1308 1760 speciminis
1335 1710 1428 1750 loco
1462 1712 1600 1766 affero,

133 1785 223 1813 nam
264 1773 343 1812 alia
380 1773 537 1813 desunt.
597 1771 665 1811 Sic
703 1776 742 1811 et
774 1773 962 1811 feminina
987 1767 1158 1824 Ὀσμίὸα
1187 1774 1284 1813 urbs
1316 1774 1460 1816 Cretae
1493 1777 1600 1828 Scyl.

134 1850 170 1889 p.
215 1838 274 1879 13.
313 1838 437 1878 Huds.
467 1832 604 1887 Ἀμίδα
640 1835 789 1877 Zosim.
822 1838 884 1877 ΙΙΙ.
914 1837 978 1877 34.
1019 1849 1091 1889 pro
1134 1850 1213 1890 quo
1249 1834 1388 1891 Ἆμίδη
1425 1840 1600 1893 Procop.

132 1904 243 1943 Pers.
274 1903 301 1942 Ι.
334 1902 398 1954 21,
429 1902 491 1943 62.
513 1902 553 1942 C.
594 1901 705 1949 Quae
734 1903 773 1941 in
804 1893 900 1954 ιὸᾞ
921 1907 1068 1943 exeunt
1098 1907 1166 1942 aut
1196 1905 1477 1955 patronymica
1506 1910 1600 1946 sunt

134 1973 202 2007 aut
233 1968 294 2007 his
326 1968 551 2007 assimilata
582 1968 749 2018 propria
784 1967 1003 2018 Θρακίδας,
1040 1967 1285 2020 Πανι’δης,]3
1319 1968 1526 2020 Περῥίδαι,
1559 1975 1599 2010 et

134 2033 312 2084 epitheta
343 2028 610 2085 ἀλωπεκίόης,
649 2032 815 2084 λυκίόης
844 2046 879 2073 ν.
909 2034 957 2073 ad
986 2035 1049 2083 Aj.
1082 2045 1119 2084 p.
1152 2033 1243 2073 380.
1274 2038 1313 2072 et
1344 2033 1392 2072 de
1422 2035 1600 2074 nomini-

131 2098 208 2138 bus
239 2098 278 2136 in
306 2089 413 2137 [W
438 2098 486 2137 ad
516 2098 663 2137 Buttm.
693 2097 783 2138 407.
834 2097 912 2137 Sed
930 2098 1131 2137 uberrima
1156 2108 1454 2148 paragogorum
1478 2109 1598 2147 seges

132 2163 302 2214 pullulat
330 2163 369 2201 in
401 2163 624 2213 adjectivis.
682 2162 832 2201 Horum
864 2168 991 2202 aulem
1023 2163 1101 2202 alia
1133 2163 1182 2201 ab
1215 2162 1417 2203 adverbiis
1449 2162 1598 2201 ducun—

134 2232 214 2267 lur:
247 2225 296 2267 ὃν
323 2225 477 2280 τρόπον
502 2229 559 2282 τῷ
581 2225 752 2267 ὄπισθεν
780 2223 826 2266 τὸ
846 2225 1076 2274 ὀπισθίόιος
1095 2224 1344 2279 παράκειται,
1369 2224 1598 2279 ἔμπροσθεν

225 2412 278 2447 12]
310 2411 372 2444 llic
396 2422 455 2454 pro
482 2412 653 2449 κάταιδος
681 2423 721 2447 ex
748 2413 824 2446 Are.
853 2414 1088 2456 reponendum
1115 2413 1285 2447 κίναιδος,

222 2478 280 2519 13)
306 2477 377 2511 Rex
402 2477 567 2512 Euboeae
594 2480 627 2511 in
655 2479 765 2513 l'rocl.
801 2479 836 2512 V.
872 2478 1014 2513 llosiod.
1053 2489 1083 2521 p.
1122 2477 1203 2511 XLI.
1243 2477 1298 2511 ed.
1336 2478 1463 2511 (ioettl.
1496 2487 1598 2520 quem

132 2531 344 2565 llcrmannus
371 2532 497 2574 Opusc.
531 2533 566 2566 T.
592 2534 647 2567 Vl.
678 2535 749 2569 151.
776 2533 956 2573 [lavefd'qv
986 2536 1143 2566 vocatum
1179 2542 1256 2567 esse
1294 2536 1398 2576 putat.
1448 2534 1600 2572 Πανίιης

132 2585 326 2620 Messenius
353 2585 478 2620 Herod.
504 2587 558 2620 Vl.
587 2588 640 2622 52.
681 2592 715 2623 et
750 2590 921 2627 11avn?z›,;
959 2588 1030 2621 Vll.
1065 2588 1141 2622 232.
1178 2586 1269 2630 quod
1302 2587 1481 2629 syntheton
1519 2596 1598 2622 esse

132 2643 256 2681 potest.
305 2639 424 2673 Mirum
455 2645 507 2674 est
535 2651 657 2677 nomen
684 2642 776 2676 urbis
803 2641 960 2677 Creticae
985 2641 1119 2682 δαμεὶς.
1146 2652 1178 2684 p.
1208 2642 1258 2676 19.
1287 2641 1377 2678 Πᾶν,
1409 2641 1500 2684 quod
1530 2650 1597 2674 nc-

134 2689 207 2727 sc'io
235 2702 274 2726 an
301 2693 418 2730 Πιῖνος
445 2694 556 2729 luerit.

1251 2749 1343 2790 «ηψπ,

1252 2777 1286 2790 tvl
