1731 3021
84 155 174 198 372
546 143 974 190 DISSERTATIO
1008 143 1108 186 vm.

85 268 251 318 longum
289 261 439 302 habent
478 255 695 311 άγυιάτης,
721 251 930 307 Ἐλεάτης,
974 250 1190 305 Γυθεάτης
1218 256 1295 293 eto.
1327 263 1404 293 neo
1433 251 1567 293 solum

88 343 190 385 quae
221 328 382 370 incolas
414 324 642 375 significant
674 320 748 363 sed
778 321 898 360 etiam
930 315 1144 371 Γαθεάτης
1171 316 1355 370 ποταμὸς
1386 314 1468 358 ἀπὸ
1496 319 1569 371 τῆς

93 393 257 442 saetas
298 391 437 443 Stepll.
482 385 722 441 Καρνεάτης
760 396 879 427 mOnS
919 388 995 425 etc.
1042 384 1352 435 peregrinorum
1388 379 1568 436 Ἀχάτης,

92 457 338 514 Εὐφράτης,
378 452 610 507 Λευκάτης,
645 448 857 504 Νιφάτης,
896 448 1174 503 Μιθραδάτης
1210 450 1381 490 Martial.
1422 450 1466 490 V.
1506 450 1569 491 77.

97 523 291 579 Φραάτης
325 524 467 564 Horat.
497 521 542 561 ΙΙ.
574 519 647 561 Od.
678 518 725 570 2,
760 518 820 557 17.
862 527 1053 556 mensura
1083 520 1248 556 constat
1279 526 1328 555 ex
1359 520 1572 568 poetarum

93 592 296 644 versibus,
327 598 499 641 quorum
529 585 579 626 ad
608 582 908 625 similitudinem
939 581 1113 632 dirigere
1144 580 1325 621 solemus
1356 592 1460 632 quae
1490 590 1574 620 non

96 656 288 700 constant
328 649 553 704 Καρπάτης
589 647 686 700 ὅρος
723 648 892 689 Ptolem.
922 648 985 688 III.
1020 647 1108 687 178.
1149 646 1308 698 (omiss.
1349 647 1391 686 in
1431 645 1573 698 Thes.)

97 719 319 774 Κοπράτης
351 720 552 761 Susianae
576 716 719 756 ssuvius
741 719 780 754 et
798 710 968 766 Έλάτης
988 712 1199 763 Phrygiae,
1232 708 1444 764 Λογχάτης
1467 711 1576 761 Sey-

99 790 168 830 tha
196 787 360 828 Luoian.
395 784 494 823 Tox.
522 786 559 828 §.
580 781 643 821 44.
678 776 949 831 Ἀβραδάτης,
992 777 1203 828 Γαδάτας,
1235 774 1450 830 Δαμάτης,
1480 777 1577 816 Μα-

99 852 224 899 δάτας
262 851 421 900 aliaque
459 848 500 886 in
538 845 824 896 Xenophontis
865 844 979 884 libris
1021 843 1142 884 modo
1182 844 1322 884 dorioe
1364 843 1579 883 terminata

100 918 222 961 modo
256 916 382 956 aliter.
402 914 411 937 ¹
450 912 499 952 Et
526 912 567 951 in
587 909 782 960 Aeschyli
805 910 944 950 Persis
966 906 1214 963 Μεγαβάτης
1233 910 1296 950 bis
1316 909 1463 959 legitur
1482 919 1580 960 pen-

101 985 242 1026 ultima
271 983 475 1033 porrecta.
535 976 644 1017 Idem
677 980 810 1015 tamen
837 970 1087 1028 Ἀγδαβάτης
1117 976 1314 1028 corripuit
1343 985 1456 1014 more
1476 984 1580 1024 gen-

103 1049 319 1091 tilieiorum
350 1039 584 1095 Δαλμάται,
616 1038 906 1093 Σαυρομάται,
942 1039 1133 1093 ΝΓαβάται
1164 1044 1308 1083 Senot).
1338 1041 1456 1080 Herc.
1488 1038 1578 1080 Oet.

106 1114 196 1158 106.
224 1107 457 1162 Ἰαξάμαται
488 1121 521 1148 v.
553 1107 603 1147 ad
632 1107 765 1148 Valer.
797 1108 928 1148 Flave.
961 1108 1023 1149 VI.
1057 1108 1144 1148 146.
1178 1102 1449 1158 Μεσσαβάται
1477 1104 1582 1145 Dio-

105 1192 195 1232 nys.
225 1190 260 1218 V.
294 1176 410 1217 1015.
462 1174 541 1214 Pro
568 1168 787 1226 Ἀλυάττης
817 1173 933 1213 codd.
967 1173 1164 1214 Herodoti
1196 1173 1362 1224 saepius
1388 1167 1584 1224 Ἀλυάτης

106 1245 304 1300 praebent
335 1241 408 1283 sed
439 1236 682 1291 Σαόυάττης
711 1250 793 1278 non
823 1244 989 1279 mutant.
1050 1240 1255 1279 Feminina
1282 1234 1517 1290 Ἀταργάτις
1544 1241 1583 1277 et

112 1305 348 1363 Παρυσάτις
379 1319 441 1358 ap.
465 1303 599 1345 Strab.
623 1303 763 1343 Athen.
791 1305 825 1343 si
847 1310 1043 1344 accentus
1069 1315 1152 1343 non
1181 1304 1295 1356 fallit,
1321 1303 1440 1355 alpha
1460 1303 1584 1342 breve

108 1378 283 1425 habent3
323 1372 395 1413 sed
434 1369 531 1410 illud
570 1368 771 1409 Arcadius
810 1381 846 1421 p.
876 1369 940 1410 36.
979 1370 1084 1409 inter
1119 1370 1409 1421 perispomena
1447 1368 1584 1421 refert,

110 1443 280 1483 alterum
318 1440 358 1478 in
389 1436 487 1477 Xen.
518 1435 646 1475 Anah.
676 1435 702 1475 1.
739 1436 772 1487 1,
804 1435 839 1475 4.
870 1440 1239 1486 proparoxytonon
1277 1439 1339 1475 est
1377 1438 1419 1473 ut
1457 1433 1588 1481 ἴσατις

110 1507 262 1548 herbae
300 1513 470 1553 nomen,
511 1502 574 1541 eui
611 1501 909 1552 Lexieographi
949 1501 1062 1539 latini
1098 1499 1270 1540 mediam
1309 1500 1473 1540 brevem
1513 1511 1587 1540 as-

113 1574 273 1623 signant
312 1572 500 1617 auctore,
539 1564 674 1616 quoad
713 1567 862 1617 seiam,
898 1565 1030 1617 nullo⁷
1071 1571 1110 1605 et
1152 1562 1355 1612 Κάλλατις
1394 1565 1507 1605 urbis
1546 1567 1587 1605 in

115 1637 277 1688 Scy-mni
299 1635 359 1674 Fr.
383 1634 444 1673 15.
467 1633 507 1671 in
538 1633 648 1671 exitu
679 1642 825 1670 versus
857 1631 989 1669 manci
1019 1631 1266 1671 collocatum
1298 1632 1590 1672 convenienter

114 1700 387 1753 etymologiae
416 1699 580 1749 ineptae
611 1693 673 1736 ὅτι
702 1694 783 1736 ἐκεῖ
811 1692 997 1743 κάλαθος
1027 1692 1178 1750 εὑρέθη
1211 1697 1350 1749 Steph.

226 1792 264 1835 §.
302 1786 339 1826 2.
400 1785 687 1836 Diplithongus
718 1773 1123 1824 offeiroumseribitur
1143 1796 1301 1825 canone
1324 1784 1487 1838 duplici,
1507 1796 1588 1826 uno

117 1855 246 1895 Cram.
278 1853 323 1892 II.
354 1851 445 1892 322.
478 1847 527 1889 τά
557 1850 611 1898 εἰς
638 1841 712 1903 ἧς
737 1846 949 1903 βαρύτονα
983 1846 1150 1901 καθαρὰ
1181 1847 1251 1890 διὰ
1281 1850 1356 1890 τοῦ
1380 1841 1406 1890 Ξ
1439 1848 1590 1904 γράφε-

117 1934 194 1969 ται,
228 1913 410 1969 εὐνέτης,
451 1912 657 1969 ὀφειλέτης
696 1939 745 1944 —-
785 1911 892 1968 πλὴν
921 1916 997 1956 τοῦ
1015 1916 1247 1969 προςαίτης,
1279 1911 1465 1969 εὖχαίτης
1485 1929 1590 1969 quae

119 1995 201 2025 non
230 1992 447 2022 moramur.
506 1982 644 2021 Altero
678 1982 857 2032 Theogn.
889 1993 926 2033 p.
959 1981 1048 2023 117.
1077 1979 1127 2022 τὰ
1157 1979 1224 2022 διὰ
1253 1982 1329 2022 τοῦ
1359 1973 1425 2035 ἔτη
1456 1979 1593 2022 ἅπαν-

118 2064 168 2089 τα
197 2045 265 2087 διὰ
292 2046 367 2086 τοῦ
390 2058 424 2096 ε,
452 2044 657 2099 τηλυγέτη,
690 2044 855 2100 ὄρεμὲτη
887 2045 1086 2101 (Βρεμέτη
1105 2048 1271 2100 Aroad)
1298 2042 1496 2100 ὠκυπέτη,
1526 2062 1593 2089 τε-

117 2110 231 2166 uterq,
263 2109 324 2159 οἷς
353 2107 590 2150 ἀκόλουθον
619 2112 686 2152 καὶ
713 2129 759 2153 το
789 2111 914 2166 βιοτη.
957 2114 1234 2166 Σεσημείωται
1252 2109 1298 2152 τὸ
1316 2112 1446 2165 βαίτη,
1476 2112 1594 2167 δαίτη

121 2184 196 2221 ete.
228 2183 266 2218 et
298 2190 334 2229 p.
366 2176 428 2217 75.
458 2172 509 2215 τὰ
538 2174 604 2216 διὰ
628 2180 702 2218 τοῦ
731 2194 816 2226 erog
848 2177 1023 2228 ὀξύτοτα
1053 2177 1120 2219 καὶ
1148 2175 1358 2231 βαρύτονά
1385 2176 1451 2218 διὰ
1470 2180 1591 2230 τοῦε,

121 2242 300 2297 νιφετός,
322 2256 495 2291 τοκετος,
516 2239 679 2293 Ἔχετος
701 2248 775 2282 ete.
818 2244 942 2284 Silius
976 2245 1166 2284 tamenL
1191 2244 1289 2285 XIV
1319 2244 1594 2287 '192indurit

123 2309 345 2351 Podaetum
385 2307 559 2358 aliquem
598 2307 806 2348 Aeolidem
837 2309 1022 2360 idemque
1054 2321 1089 2349 v.
1121 2309 1212 2350 208.
1240 2310 1396 2361 pubem
1416 2311 1594 2352 Achaeti

214 2474 248 2515 1)
277 2472 327 2507 Cf.
353 2473 469 2516 Poppo
497 2472 539 2505 ad
567 2470 690 2514 Cyrop.
718 2470 828 2505 Praei.
855 2482 884 2503 e.
923 2473 983 2505 Ill.
1011 2483 1043 2515 p.
1076 2474 1217 2508 XXXVI.

124 2532 269 2563 tivorum
295 2522 321 2559 ὦ
344 2526 545 2570 Ἀβραδάτα
575 2530 609 2560 et
628 2526 822 2558 Ἀσιαδάτα
849 2525 924 2569 Cyl'.
953 2528 1005 2561 Vl.
1034 2529 1065 2570 3,
1096 2530 1145 2564 12.
1173 2524 1199 2561 αὖ
1225 2530 1404 2574 Εὐφράτα
1429 2532 1592 2576 Apollon.

126 2584 232 2627 Epist.
260 2583 352 2617 VIII.
376 2583 452 2619 388.
482 2586 515 2618 et
540 2583 702 2617 similium
727 2582 875 2616 librariis
901 2584 1117 2624 imputandus
1134 2586 1280 2628 videtur,
1308 2587 1364 2630 qui
1387 2589 1595 2631 saepissime

124 2641 311 2681 peccarunt
333 2639 366 2671 in
392 2639 506 2673 latinis
539 2637 689 2681 ἀλβάῑοι
713 2638 774 2670 καὶ
808 2636 1002 2681 <sonuerim
1039 2638 1070 2673 J.
1105 2639 1187 2683 Lyd„
1223 2641 1266 2676 de
1300 2641 1410 2677 Mens,
1448 2642 1503 2676 lV,
1537 2642 1593 2678 25.

127 2704 160 2736 p.
183 2693 237 2729 72.
265 2696 332 2727 etc.

1275 2475 1451 2511 Aee-entus
1483 2487 1593 2512 voca-
