1731 3021
121 163 214 205 30ss
588 154 1020 199 DISSERTATIO
1059 155 1142 197 Vll.

127 275 167 312 et
196 272 237 311 in
266 269 393 310 latino
425 267 546 308 volvo
579 271 773 320 apparet3
825 265 1040 319 Φαυσίγγη
1070 277 1093 306 a
1123 262 1302 319 φαύσιγξ
1331 270 1602 318 propagatum

127 341 191 378 est
221 340 264 376 ut
291 331 480 388 φαλάγγη
511 345 545 374 v.
575 334 722 373 Parall.
756 346 793 386 p.
826 333 914 374 145.
947 333 1020 374 sed
1050 343 1172 372 verae
1202 342 1437 383 paragogae
1464 332 1605 383 speci-

127 414 219 443 men
249 401 446 453 praebent
476 399 675 452 σαυρίγγη
704 396 729 452 ἡ
759 396 895 453 σαῦροι
925 403 964 439 et
994 395 1185 450 ψάριγχοι
1214 398 1341 450 ψᾶροι
1379 396 1604 448 eodemque

126 467 248 508 modo
281 466 478 506 Martinus
518 466 558 505 in
595 466 726 516 Etym.
755 477 903 505 nomen
934 464 1044 504 bulbi
1077 463 1606 516 σισυρίγχι.ον1’11ῑ61ρ1“61ε1-

130 532 577 584 tu1·pelle'culatam.—-
599 532 818 583 Sequentis
841 531 998 571 vocalis
1020 529 1099 569 duo
1131 534 1225 570 sunt
1256 529 1454 581 exempla,
1484 539 1605 568 unum

128 598 226 639 illud
257 609 337 650 quo
368 597 485 637 Plato
522 598 647 637 utitur
678 597 785 637 Crat.
815 596 906 637 418.
937 597 982 637 D.
1023 591 1068 635 τὸ
1098 591 1219 647 ζυγὸν
1256 593 1295 634 οἱ
1326 592 1476 634 παλαοὶ
1505 593 1608 633 δυο-

133 661 209 718 γὸν
238 660 425 713 ἐκάλουν,
457 663 735 702 confirmatum
767 661 1065 713 quodammodo
1099 661 1243 712 glossa
1271 659 1464 711 Hesychii
1490 662 1610 699 Λυο-

132 734 200 783 χοῖ
224 728 462 780 πωματίζει,
507 739 681 778 namque
718 728 866 779 ζυγοῦν
905 727 1050 767 dicitur
1082 739 1155 779 pro
1188 726 1378 767 claudere
1411 729 1449 765 et
1480 726 1610 765 cistae

136 793 374 847 (ζύγαστρα)
408 793 650 833 clauduntur
683 793 891 843 operculo.
938 793 1121 833 Alterum
1148 788 1321 845 ἁρμογή,
1350 790 1461 843 quod
1490 801 1611 831 unum

136 872 231 901 esse
258 861 301 899 -in
332 851 410 911 οἶῆ
439 860 694 898 terminatum
727 858 1017 909 Theognostus
1049 859 1186 899 docuit
1217 870 1254 910 p.
1289 856 1378 898 109.
1420 857 1614 897 Similiter

139 939 162 966 a
193 926 330 965 verbis
362 925 402 964 in
431 916 520 974 τῖῶ
544 928 582 963 et
613 934 725 964 υσσω
759 923 962 964 declinata
993 929 1087 965 sunt
1118 921 1225 978 ἰυγή,
1258 919 1434 975 ὀλολυγή
1459 927 1498 962 et
1523 918 1613 963 ὀλο-

139 987 299 1043 λυγών,
350 985 539 1042 ἀμαρυγή
581 994 621 1030 et
657 990 770 1030 brevi
809 990 1030 1041 penultima
1062 986 1327 1044 μαρμαρυγὴ,
1367 985 1615 1041 βορβορυγή,

138 1054 372 1109 κορκορυγή
405 1056 477 1096 sed
508 1056 586 1095 hoc
619 1056 706 1096 sine
735 1057 862 1096 verbo
894 1060 1032 1096 natum
1071 1061 1114 1096 ut
1153 1060 1192 1096 et
1222 1052 1389 1108 σαλύγη.
1437 1051 1616 1108 Ὀρτύγη

139 1120 284 1176 χόρτος
319 1123 415 1162 Hes.
452 1122 550 1162 nihil
589 1121 696 1161 aliud
727 1126 790 1161 est
828 1134 947 1174 qnam
975 1118 1104 1175 τρύγη
1142 1121 1351 1173 prosthesi
1382 1126 1544 1162 auctum
1574 1127 1617 1162 ut

141 1185 293 1242 ἠλύγη,
338 1187 447 1240 quod
487 1188 728 1228 Eustathius
768 1188 860 1241 309,
898 1189 962 1229 44.
1002 1193 1041 1228 et
1082 1187 1218 1229 Schol.
1260 1187 1356 1237 Lye.
1396 1187 1486 1228 321.
1528 1199 1617 1228 cum

142 1251 286 1309 ἠβαιός
318 1256 532 1295 conserunt
563 1256 641 1295 etsi
670 1252 773 1307 λύγη
793 1265 875 1293 11011
900 1253 1042 1293 extat3
1072 1253 1144 1294 sed
1163 1255 1330 1305 λυγαῖος
1346 1252 1480 1305 modo,
1508 1253 1619 1305 quod

146 1322 282 1363 Schol.
320 1321 455 1372 Apoll.
485 1321 530 1361 II.
563 1320 678 1361 1121.
720 1321 866 1359 inscite
907 1331 930 1359 a
968 1316 1093 1370 λύγος
1131 1319 1318 1358 arcessit.
1385 1318 1619 1371 Eademque

144 1388 209 1427 vel
241 1387 469 1438 pleon-asini
500 1386 564 1425 vel
596 1385 752 1437 ellipsis
771 1385 875 1423 ratio
897 1383 1113 1424 intercedit
1132 1384 1237 1424 inter
1256 1380 1378 1437 ἐρυγή
1399 1389 1438 1424 et
1458 1388 1618 1438 ructus,

145 1450 284 1506 ὠρυγή
316 1457 354 1492 et
386 1454 552 1503 ruqitus
581 1448 829 1503 βρυχηθμός.
884 1450 1100 1490 Postremo
1133 1460 1358 1490 consonam
1387 1462 1471 1490 non
1500 1452 1622 1503 peni—

147 1523 212 1560 tus
250 1518 410 1558 infixam
451 1528 545 1557 esse
585 1516 733 1557 Suidas
774 1516 974 1566 significat
1011 1512 1139 1567 ὀρυγή
1179 1513 1222 1555 ἐκ
1249 1516 1324 1555 τοῦ
1354 1512 1499 1568 Qum,
1540 1529 1619 1569 qua

145 1585 188 1624 in
222 1596 267 1624 re
308 1584 499 1623 convenit
529 1593 618 1622 cum
649 1577 783 1632 ὀλίγος
813 1577 932 1627 ὀλίος.
988 1581 1050 1620 Ab
1080 1581 1233 1631 ignotis
1264 1581 1446 1621 sontibus
1476 1593 1621 1623 mana-

147 1654 240 1689 runt
270 1644 396 1700 ὀξύγη
426 1648 537 1700 bufo⁷
568 1643 744 1698 ὠγύγιος
774 1646 883 1698 quod
910 1645 1167 1686 Grammatici
1194 1646 1244 1686 ad
1268 1645 1623 1700 proprium’iszyv-

147 1728 219 1767 γος
258 1715 439 1754 referunt
483 1726 519 1753 v.
557 1713 749 1753 Boisson.
789 1711 839 1752 ad
875 1713 978 1753 Ann.
1011 1711 1105 1752 Gaz.
1135 1711 1227 1753 428.
1264 1710 1470 1764 Σολύγειοε
1506 1715 1622 1756 vicus

150 1779 457 1832 CorintliiacuS‚
488 1776 647 1831 ἐρυγεία
679 1778 775 1830 (hoc
805 1777 996 1829 accentu)
1037 1779 1140 1827 ζῶον
1169 1775 1317 1831 στάχυς
1345 1776 1499 1832 βοτάνη
1527 1780 1623 1822 Hes.

148 1845 310 1886 Herbae
349 1844 509 1896 quidem
547 1854 696 1883 nomen
736 1842 1011 1884 Schneiderus
1051 1843 1101 1883 ad
1139 1844 1264 1885 Arist.
1306 1845 1347 1886 T.
1374 1845 1437 1897 IV.
1467 1845 1532 1886 25.
1571 1845 1622 1886 ab

149 1908 307 1962 ἐρυγεῖν
338 1911 486 1961 repetit
526 1909 776 1961 eandemque
817 1920 912 1949 esse
950 1913 1065 1960 putat
1105 1920 1209 1961 quae
1240 1920 1263 1949 a
1292 1909 1422 1950 Plinio
1457 1922 1623 1964 erynqe,

151 1988 175 2017 a
203 1975 409 2017 Nicandro
440 1972 619 2028 ἤρυγγος
647 1981 839 2026 vocatur⁷
881 1973 954 2014 sed
985 1974 1250 2025 Sprengelius
1281 1974 1332 2015 ad
1360 1976 1499 2016 Diosc.
1529 1976 1556 2016 Ι.
1585 1975 1623 2017 8.

150 2042 249 2083 nihil
285 2042 449 2082 definire
488 2041 607 2081 audet
643 2045 680 2080 et
722 2052 771 2080 ex
806 2040 1011 2091 Hesyehio
1053 2036 1278 2093 ἡριγένειον
1313 2037 1390 2093 τὴν
1426 2036 1625 2093 ἠρύγγιον

150 2108 230 2148 hoc
260 2108 396 2159 potius
428 2108 641 2159 colligitur,
672 2107 801 2146 fuisse
831 2106 899 2157 qui
928 2105 1093 2145 herbam
1122 2106 1176 2145 ita
1205 2106 1447 2157 appellatam
1477 2106 1625 2146 crede-

150 2178 238 2214 rent
279 2185 301 2213 a
339 2173 597 2213 similitudine
629 2172 797 2212 aurunci
827 2171 906 2211 hoc
937 2176 998 2211 est
1028 2171 1172 2222 spirilli
1203 2171 1290 2212 sive
1329 2172 1412 2211 villi
1451 2172 1519 2224 qui
1549 2171 1625 2212 de—

150 2239 297 2290 pendet
325 2249 537 2292 caprarum
567 2242 713 2277 mento.
763 2237 920 2277 Certius
952 2247 1183 2288 paragogae
1214 2238 1440 2289 exemplum
1471 2242 1532 2278 est
1560 2237 1624 2277 πί-

151 2315 300 2357 συγγος
329 2303 687 2344 veteramentarIus
720 2302 870 2353 Sapph.
890 2302 950 2343 Fr.
968 2301 1177 2343 XXXVIII.
1197 2302 1261 2344 60.
1288 2306 1404 2355 cujus
1427 2303 1625 2355 syllabam

239 2480 275 2523 3)
302 2480 339 2514 In
363 2480 451 2523 App.
481 2479 572 2522 lllyr.
603 2489 632 2512 6.
657 2479 712 2515 25.
738 2477 825 2522 λύγη
852 2477 1054 2512 mendosum
1075 2481 1127 2512 est
1149 2489 1209 2522 pro
1231 2477 1337 2523 αἰγή.
1362 2478 1500 2513 Vocalis
1522 2488 1627 2522 pros-

153 2534 281 2569 thetica
306 2545 395 2578 quae
421 2535 545 2568 dicitur
572 2538 715 2579 apparet
740 2534 841 2568 etiam
868 2534 900 2566 in
926 2531 1056 2572 ἕπῆλυξ
1080 2537 1114 2568 et
1147 2533 1297 2579 ὠλύγιος
1331 2533 1513 2570 σκοτεινάς
1541 2533 1624 2568 Hes.

154 2588 191 2622 ln
216 2588 331 2622 Scliol.
357 2589 452 2623 Pind.
478 2590 514 2623 P.
542 2590 597 2624 IV.
626 2590 699 2625 138.
726 2588 915 2634 παρδαλᾶς
942 2588 1067 2620 {omns
1095 2590 1154 2621 καὶ
1182 2589 1340 2634 ἀπήλυγε
1359 2588 1439 2626 τοὺς
1456 2589 1624 2633 ὄμβρους,

154 2643 391 2678 BlomIIeldius
418 2645 461 2678 ad
487 2644 591 2680 Thuc.
618 2645 674 2679 VI.
700 2645 754 2680 36.
781 2645 915 2686 reponit
940 2642 1091 2687 ε’]ιήλυγε
1118 2645 1210 2687 quod
1231 2654 1299 2679 non
1318 2646 1430 2679 minus
1446 2644 1626 2679 barbarum

155 2703 227 2742 est3
261 2700 458 2735 Boeckhius
487 2698 679 2739 ἀπήλαυνε.
705 2699 833 2733 Lenius,
859 2698 961 2732 fuerit
985 2697 1156 2741 ἀπήρυκε.
