1731 3021
156 139 219 183 30
642 137 1082 182 DISSERTATIO
1125 136 1151 178 1.

158 244 275 302 δμωὴ
306 260 331 289 a
358 244 481 301 δμώς,
512 248 553 288 in
583 249 712 289 vicem
736 248 958 290 succedent
988 247 1068 288 alia
1088 246 1310 299 gentilicia,
1340 255 1445 298 quae
1466 245 1636 287 Romani

159 315 239 356 hoc
269 325 350 356 uno
377 313 499 355 modo
529 313 702 365 figurant
723 315 911 355 Graecus
940 313 1117 364 Graeca,
1153 312 1300 353 Gallus
1321 311 1459 363 Galla,
1493 309 1637 352 Graeci

160 380 374 433 dupliciter
400 375 521 432 ’Iv611'‚
552 377 686 432 Λυδή,
718 377 853 433 Σύρα,
884 379 1038 428 Μυσίς,
1071 377 1214 425 Κελτίς
1242 381 1318 418 etc.
1345 389 1381 418 V.
1407 376 1557 418 Adnot.
1587 376 1637 418 ad

158 447 388 488 Buttmann.
422 445 594 487 Gramm.
623 446 668 487 II.
699 446 791 487 426.
823 451 862 487 et
893 457 1020 497 saepe
1050 456 1133 485 non
1163 446 1328 484 movent
1359 443 1465 483 sicut
1494 441 1639 484 Medea

160 524 243 554 non
273 512 406 553 solum
437 508 577 564 Κόλχη
610 516 649 552 et
678 511 830 563 Κολχίς
860 510 1005 551 dicitur
1036 509 1109 551 sed
1141 511 1261 549 ctiam
1291 503 1316 561 ἡ
1345 503 1508 560 Κόλχος
1536 507 1637 549 Plat.

158 577 331 629 Euthyd.
352 577 443 618 235.
466 577 507 617 C.
567 576 648 617 Sed
667 588 741 628 pro
763 577 944 617 motione
966 576 1135 616 Romani
1156 575 1355 617 interdum
1375 573 1639 626 appositione

159 645 224 685 usi
262 647 358 685 sunt
395 642 523 694 Liqas
552 642 715 694 femina
747 642 872 682 Tacit.
903 642 1006 682 Hist.
1035 641 1080 681 II.
1111 640 1172 682 13.
1201 640 1330 690 Laws
1359 640 1511 680 mulier
1542 638 1639 680 Sal-

159 710 254 752 lust.
283 710 386 750 Hist.
416 709 461 749 II.
492 707 584 749 958.
616 708 725 748 Cort.
749 719 823 759 pro
846 708 1038 759 Ligustis,
1069 716 1241 757 quorum
1262 704 1360 744 nihil
1378 704 1510 745 simile
1530 702 1639 756 apud

162 775 344 817 Graecos
374 774 469 814 mihi
498 773 705 813 invenisse
735 772 888 813 videor.
947 773 1094 812 Verum
1126 770 1175 811 (le
1207 770 1439 811 animalium
1459 769 1639 811 nomini-

161 841 238 882 bus
270 841 387 892 plura
417 850 536 892 quam
569 838 650 878 dixi
680 837 852 878 (licenda
882 841 1053 878 restant.

271 926 309 969 ς.
339 920 376 962 5.
436 919 782 969 Quemadmodum
816 920 920 960 enim
949 920 990 959 in
1020 918 1099 959 hoc
1130 921 1219 959 toto
1252 921 1431 959 tractatu
1463 917 1540 957 tria
1568 916 1639 957 illa

159 998 333 1040 genera,
371 997 476 1038 quae
515 987 557 1026 in
595 986 852 1038 praefatione
892 984 1116 1037 descripsi,
1157 985 1214 1024 ita
1252 984 1358 1024 inter
1387 994 1433 1024 se
1462 983 1639 1035 implexa

161 1058 256 1095 sunt
294 1058 337 1092 ut
377 1063 503 1104 saepe
535 1052 663 1092 aciem
698 1050 860 1103 fallant,
909 1051 970 1091 sie
1007 1051 1048 1090 in
1081 1050 1143 1090 his
1176 1060 1340 1101 quoque
1371 1048 1638 1089 dubitationis

160 1120 374 1173 plurimum
403 1121 536 1158 utrum
568 1117 807 1158 diversitate
845 1116 1022 1156 flexurae
1054 1115 1202 1155 animal
1232 1114 1338 1155 idem
1369 1126 1420 1155 an
1450 1113 1638 1155 diversus

162 1197 287 1228 sexus
319 1195 370 1224 an
401 1195 496 1224 vero
530 1183 692 1234 species
725 1181 967 1235 declaretur,
997 1182 1077 1222 nisi
1098 1185 1262 1221 veteres
1283 1180 1363 1232 ipsi
1384 1179 1516 1220 lucem
1535 1190 1639 1232 por-

161 1251 296 1302 rigunt
333 1253 376 1289 ut.
405 1248 601 1289 Aelianus
631 1247 677 1288 H.
706 1248 753 1287 A.
783 1248 846 1288 IV.
875 1247 910 1288 5.
949 1247 1069 1300 κίρκη
1096 1242 1199 1297 πρὸς
1228 1246 1373 1298 κίρκον
1403 1241 1454 1286 οὐ
1483 1245 1542 1301 τῷ
1569 1241 1638 1298 γέ-

161 1330 221 1356 νει
246 1312 379 1368 μόνον
405 1309 504 1353 ἀλλὰ
530 1311 599 1354 καὶ
624 1314 674 1367 τῇ
704 1310 828 1366 φύσει
857 1309 1050 1366 διαφέρει.
1107 1313 1219 1353 Haec
1249 1312 1371 1363 igitur
1402 1315 1442 1353 et
1473 1311 1553 1351 alia
1573 1310 1637 1351 di-

163 1381 365 1423 catalecta
385 1379 516 1427 σίττος
535 1384 574 1420 et
594 1380 718 1432 σίττη,
746 1379 862 1431 picus
881 1382 920 1419 et
943 1379 1048 1433 pica,
1075 1390 1200 1431 parus
1221 1383 1261 1419 et
1278 1389 1391 1432 para,
1418 1378 1453 1419 si
1469 1381 1639 1430 propter

162 1446 363 1500 quandam
391 1446 457 1487 vel
487 1446 642 1486 formae
671 1444 736 1485 vel
758 1445 889 1485 victus
908 1445 972 1485 vel
992 1445 1108 1485 vocis
1131 1443 1433 1486 similitudinem
1454 1442 1640 1485 similiter

161 1513 369 1566 appellata
406 1511 563 1565 sunt,21
595 1510 907 1551 denominativis
946 1510 1125 1551 adscribi
1164 1514 1352 1562 oportet3
1401 1509 1436 1550 si
1468 1508 1637 1549 fortuito

162 1582 412 1631 congruunt,
456 1576 839 1629 semihomonymis,
878 1577 966 1628 pari
1006 1580 1177 1629 utraque
1205 1575 1423 1617 intervallo
1455 1586 1479 1616 a
1511 1585 1639 1627 para-

162 1643 438 1686 schematistis
480 1639 607 1693 ὕδρος
647 1639 777 1694 ὕδροι,
823 1638 1024 1695 μύραινος
1067 1638 1270 1696 μύραινα,
1318 1641 1462 1689 σπίνος
1499 1640 1636 1691 σπίνοι,

161 1711 303 1763 ‹pc-finos
340 1705 483 1762 φώκη,
523 1704 685 1755 θύννος
721 1705 766 1747 ἐν
798 1707 848 1760 τῇ
876 1707 995 1760 κοίνῃ
1025 1708 1227 1764 συνηθείᾳ
1255 1704 1398 1748 θύννοι
1426 1707 1514 1749 ΕΜ.
1543 1705 1637 1759 459,

161 1776 225 1818 27.
256 1775 387 1817 Cram.
406 1774 453 1815 II.
473 1773 566 1827 449,
587 1772 651 1814 30.
672 1773 867 1821 ψίττακος
884 1769 1071 1826 ψιττάκη,
1091 1771 1247 1822 ψύλλος
1269 1769 1481 1827 ἓλληνικόν
1501 1769 1639 1822 φύλλα

160 1837 326 1882 ἀττικόν
356 1852 392 1881 v.
424 1839 474 1881 ad
501 1839 648 1891 Phryn.
668 1838 760 1881 334.
791 1838 990 1880 luscinius
1020 1838 1208 1893 luscinia,
1240 1840 1382 1880 simius
1413 1839 1531 1880 simia
1561 1841 1638 1880 etc.

163 1907 245 1949 Sed
275 1917 394 1959 quam
422 1905 554 1946 facilis
586 1909 650 1946 est
678 1915 872 1956 generum
903 1903 1063 1958 divisio,
1103 1908 1185 1946 tam
1212 1916 1296 1945 non
1329 1905 1448 1946 facile
1478 1903 1639 1945 videtur

162 1973 364 2014 vocabula
391 1973 484 2024 ipsa
514 1971 761 2024 discernere,
792 1982 841 2011 ea
870 1971 1113 2022 praesertim
1143 1971 1185 2011 in
1215 1970 1363 2022 quibus
1390 1970 1456 2011 vel
1483 1969 1638 2011 librarii

162 2038 354 2080 vacillant
392 2037 457 2078 vel
496 2038 724 2089 scriptores
764 2035 1021 2090 discrepant,
1065 2039 1171 2078 sicut
1206 2036 1378 2090 θρίσσος
1416 2040 1456 2077 et
1484 2035 1639 2089 θρίσσα

161 2104 293 2144 variat
321 2104 363 2143 in
394 2101 509 2144 codd.
527 2114 562 2143 v.
583 2102 746 2143 Jacobs.
770 2101 821 2142 ad
837 2102 958 2143 Anth.
982 2102 1023 2143 T.
1045 2102 1145 2143 VIII.
1169 2102 1258 2144 173.
1278 2099 1429 2156 χάννος
1448 2105 1487 2142 et
1506 2097 1637 2154 χάννη

163 2168 308 2210 Corais
351 2168 401 2210 ad
441 2168 659 2210 Xenocrat.
699 2180 736 2221 p.
768 2167 831 2210 61.
871 2164 1053 2221 ὀσμύλος
1089 2164 1247 2222 ὀσμύλη
1285 2180 1322 2222 p.
1355 2167 1444 2210 194.
1483 2161 1506 2207 ὁ
1541 2162 1636 2221 etv}

162 2357 197 2390 in
220 2355 330 2391 Iliade
362 2366 430 2391 non
454 2357 590 2400 legitur,
618 2356 825 2400 praetulisse
851 2357 1050 2392 femininum
1075 2356 1203 2402 δμῴας
1226 2360 1263 2392 ut
1288 2355 1406 2402 τρῴας
1428 2356 1483 2391 vel
1509 2354 1637 2400 δμῳάς

162 2414 334 2454 oxytonon
359 2416 396 2446 ut
423 2412 533 2448 Cram.
561 2413 616 2447 IV.
646 2413 723 2448 315.
750 2412 876 2455 δμῶας
899 2412 1103 2456 ἀρσενικόν,
1140 2411 1179 2446 τὸ
1207 2411 1246 2445 δὲ
1269 2410 1432 2453 θηλυκὸν
1454 2410 1493 2444 τὸ
1518 2412 1538 2444 ῐ
1561 2411 1637 2456 ἔχει

162 2466 223 2498 καὶ
262 2465 435 2503 ὀξύνεται.

249 2521 310 2564 21)
345 2522 396 2555 Τὰ
427 2522 538 2555 πολλὰ
571 2522 654 2555 Τῶν
674 2522 774 2562 ζώων
805 2523 875 2555 τῶν
905 2523 981 2555 καιἸ
1014 2522 1112 2560 emo>-
1144 2521 1426 2567 ὁμοσχημόνων,
1458 2517 1538 2555 οἶόν
1561 2521 1636 2555 ἐστι

161 2575 300 2619 κορώνη
326 2578 387 2609 καὶ
412 2577 535 2623 κόραξ,
562 2579 636 2622 ἔχει
661 2577 759 2614 τινὰς
782 2577 874 2610 κατὰ
900 2578 963 2619 τὴν
980 2578 1160 2624 πρόςοψιν
1177 2577 1372 2625 διαφοράς,
1398 2574 1456 2615 αἷς
1472 2579 1637 2622 γνωρίζει

161 2629 252 2664 κατὰ
279 2634 448 2676 συζυγίαν
476 2632 607 2673 ἄλληλα
638 2633 778 2669 Nemes.
808 2634 851 2668 de
876 2633 916 2667 N.
943 2634 983 2667 H.
1010 2634 1111 2669 XLII.
1137 2635 1213 2671 342.
1261 2632 1383 2679 Κόραξ
1410 2633 1470 2666 καὶ
1495 2631 1633 2677 κορώνη

162 2685 224 2718 lusi
245 2686 356 2720 αι”τοῧ
380 2688 447 2720 εἰσὶ
472 2689 598 2731 γένους
625 2688 741 2723 Schol.
771 2689 863 2724 Al'at.
889 2689 966 2724 949.
