1731 3021
143 161 228 204 196
610 158 1046 202 DISSERTATIO
1085 159 1150 201 IV.

150 267 324 310 Πάταλα
353 265 423 323 ἀφ’
456 261 516 311 ὧν
543 266 570 324 ἡ
599 271 727 324 νῆσος
760 265 984 322 Παταληνή
1023 265 1229 319 ὀξυτόνως
1266 267 1322 318 ὡς
1359 269 1399 311 οἱ
1433 266 1623 332 ἀκριβεῖς9

147 332 253 383 τινὲς
292 332 335 376 δὲ
376 333 444 376 καὶ
482 334 723 390 βαρυτόνως
760 334 815 386 ὡς
849 333 1033 390 Πριήνη,
1075 334 1282 387 quomodo
1322 337 1520 389 scriptum
1561 344 1626 380 est

149 401 283 444 Nonn.
313 402 451 443 XXVI.
481 402 547 444 89.
575 403 730 445 XXVII.
761 403 851 445 158.
884 400 1091 454 oxytonos
1134 412 1233 441 vero
1275 401 1409 443 Strab.
1438 403 1503 445 XI.
1532 404 1624 446 516.

153 468 263 508 etin
293 467 409 509 codd.
448 468 618 520 Dionys.
657 482 693 511 v.
734 469 850 511 1092.
887 469 1008 521 idque
1048 467 1359 508 convenIcntius
1397 469 1625 510 masculino

158 531 414 587 Παταληνός,
448 534 555 575 siout
584 535 803 586 gentiliciis
831 530 1182 588 Ἀδραμυττηνός,
1215 528 1475 586 Ἀδιαβηνός,
1514 536 1627 588 Κομ-

152 597 348 653 μαγηνός,
379 597 625 652 Μελιτηνός,
655 598 984 654 Πιμωλισσηνός,
1017 595 1293 652 Παλμυρηνός
1323 603 1401 640 etc·
1435 600 1628 652 adjuncta

156 669 250 706 sunt
278 666 489 717 regionum
518 667 685 708 nomina
720 667 946 707 homotona
980 661 1199 718 Ἀδιαβηνὴ
1239 669 1315 706 etc.
1374 665 1456 706 Sed
1487 668 1629 706 Μυτι-

153 727 257 783 λήνη
290 735 330 771 et
359 729 602 784 Δινδυμήνῃ
633 737 773 772 carent
793 733 993 784 principio
1023 731 1278 783 hujusmodi3
1307 742 1401 771 nam
1422 731 1630 782 gentilicia

156 800 251 837 sunt
289 798 576 850 Μιτυληναῖος
615 800 655 837 et
692 797 959 849 Δινδυμαῖος.
1020 796 1220 848 Quodque
1258 796 1492 849 Stephanus
1533 796 1630 838 dicit

147 861 350 913 -Λίνδυμοι
379 885 431 890 -
460 857 530 915 ἀφ’
571 854 632 902 ὧν
660 860 905 916 Δινδυμήνῃ
932 858 957 915 ἡ
979 857 1093 902 Ῥέα·
1133 857 1156 902 ὁ
1184 861 1349 915 τοπίτης
1377 862 1632 915 Δινδυμοεῖος

157 925 227 967 καὶ
253 919 330 980 τὴν
358 924 461 968 θεὸν
489 925 761 982 Δινδυμήυην
799 926 862 969 ὅτι,
889 925 957 968 καὶ
984 924 1249 981 Δινδυμηνός
1275 926 1345 968 καὶ
1373 926 1629 983 Δινδυμηνή,

159 993 220 1034 Sic
251 993 511 1034 scribendum
540 994 700 1035 videtur
729 1018 782 1023 ——
814 994 1089 1047 Δινδυμαῖος·
1127 994 1188 1048 εἴη
1216 990 1256 1035 δ’
1290 991 1342 1035 ἂν
1371 992 1440 1035 καὶ
1471 994 1631 1035 Δινδυα

158 1056 288 1113 μηνός
316 1056 379 1100 ὅτι
405 1058 475 1101 καὶ
502 1056 579 1114 τὴν
607 1057 710 1101 θεὸν
727 1057 998 1113 Λινδυμήνην
1025 1057 1200 1112 λέγουσι.
1257 1061 1406 1101 Verum
1425 1060 1506 1101 hoo
1528 1072 1632 1113 pro-

160 1127 291 1178 prium
331 1129 395 1166 est
425 1127 637 1178 epitheton
675 1126 776 1167 deae
815 1127 1067 1179 proprioque
1102 1127 1339 1177 insignitum
1376 1130 1551 1167 accentu
1588 1131 1633 1168 ut

159 1189 467 1245 Λευκοφρυήνη
488 1192 641 1232 Dianae
673 1203 902 1244 cognomen
924 1193 1077 1244 pariter
1102 1192 1528 1243 aparaschematiston
1557 1203 1634 1245 ge·-

159 1258 338 1299 neribus.
398 1257 481 1299 Sed
502 1257 684 1309 ejusdem
707 1258 817 1299 Deae
840 1258 1021 1310 epitheta
1045 1252 1286 1310 Ἀστυρηνή,
1318 1256 1632 1313 Μονογισσηνή,

161 1320 370 1377 Κολοηνή,
401 1328 441 1364 et
470 1323 641 1365 Junonis
680 1320 946 1376 Μανδαρηνή
979 1323 1119 1375 Steph.
1156 1324 1444 1376 Apollinisque
1480 1326 1632 1378 Λαρισ-

162 1388 287 1443 σηνός
317 1391 378 1443 (ut
407 1387 676 1443 κολοσσηνός)
716 1401 740 1430 a
777 1390 1016 1430 masculinis
1058 1389 1262 1430 declinata
1299 1394 1394 1431 sunt
1439 1391 1632 1442 oxytonis

162 1462 353 1509 accentu,
384 1459 427 1496 ut
457 1467 532 1507 par
552 1460 629 1509 est,
659 1455 815 1497 eodem.
872 1455 932 1495 De
966 1452 1194 1508 Πακτυήνη
1234 1456 1329 1496 mihi
1355 1467 1439 1496 non
1469 1460 1634 1498 constat

160 1527 294 1562 utrum
325 1522 440 1562 deam
471 1523 671 1574 significet
702 1532 753 1562 an
783 1520 925 1561 urbem
956 1531 1008 1560 an
1028 1521 1236 1572 regionem
1256 1534 1375 1573 quam
1396 1522 1633 1565 Herodotus

165 1584 410 1640 Πακτυϊκήν
438 1589 633 1629 nominat.
691 1587 880 1628 Ceterum
910 1587 952 1626 in
981 1587 1060 1627 hoc
1090 1586 1283 1628 universo
1314 1598 1465 1639 genere
1503 1588 1633 1629 libra—

161 1655 313 1694 riorum
343 1654 623 1694 inconstantia
652 1657 766 1693 tanta
796 1656 860 1692 est
888 1655 932 1692 ut
965 1663 1091 1703 saepe
1121 1652 1227 1693 idem
1256 1665 1405 1693 nomen
1444 1653 1632 1695 diversos

160 1719 310 1759 habeat
338 1721 534 1759 accentus
564 1722 608 1758 ut
645 1718 687 1757 in
718 1717 917 1769 Stephani
954 1717 1048 1757 loco
1080 1716 1349 1772 Χολοβητήνη
1383 1722 1423 1759 et
1452 1720 1635 1773 Χολοβη-

159 1781 275 1837 τηνή,
307 1783 527 1837 Μοστηνοί
554 1783 676 1835 vulgo
708 1786 748 1824 et
776 1779 982 1836 μόστηνον
999 1779 1159 1835 κάρυον
1173 1785 1265 1825 Ath.
1290 1785 1317 1827 I.
1341 1784 1405 1827 52.
1437 1785 1478 1827 C.
1510 1785 1633 1827 modo

162 1850 326 1891 diversa
356 1850 527 1891 eundem
559 1847 742 1903 Ξερξήνη
772 1845 854 1889 ἀπὸ
873 1846 1031 1900 Ξέρξου
1060 1846 1116 1898 ὡς
1137 1848 1395 1905 Καμβυσήνη
1416 1847 1497 1891 ἀπὸ
1517 1852 1634 1904 Καμ-

161 1914 316 1968 βύσου,
355 1914 454 1955 illud
492 1920 626 1969 recte,
665 1916 745 1956 hoc
784 1927 931 1967 secus3
969 1927 1062 1957 nam
1103 1922 1285 1969 oxytona
1323 1922 1418 1959 sunt
1448 1917 1635 1959 similiter

162 1982 424 2023 denominata
453 1981 504 2021 ab
533 1982 670 2022 Araxe
694 1977 921 2035 Ἀραξηνὸν
948 1981 1090 2022 πεδίον
1119 1984 1253 2025 Strab.
1293 1984 1344 2024 ab
1375 1983 1509 2025 Osroe
1534 1979 1634 2024 Ὀσ-

163 2044 294 2100 ροηνή
324 2047 499 2099 Procop.
528 2046 641 2088 Pers.
672 2047 700 2088 Ι.
733 2047 825 2090 17.⁹
863 2048 913 2088 ab
941 2049 1144 2100 Atropate
1176 2044 1455 2103 Ἀτροπατηνή
1498 2049 1633 2090 Strab.

163 2123 290 2165 quare
319 2113 472 2153 rectius
504 2112 600 2153 alibi
629 2111 888 2168 Καμβυσηνή
923 2115 1116 2156 scribitur
1153 2119 1327 2155 accentu
1369 2114 1513 2156 eodem
1552 2125 1633 2167 quo

163 2174 444 2231 Καμβυσηνός
471 2178 612 2230 Steph.
651 2191 683 2220 S.
722 2180 905 2234 Νίσιβις,
946 2185 989 2221 ut
1029 2185 1068 2221 et
1114 2178 1354 2234 Περπερηνή
1393 2180 1515 2221 debet
1557 2192 1632 2233 pro

167 2241 410 2298 Περπερήνα
440 2244 574 2286 Strab.
604 2245 704 2286 XIII.
736 2246 827 2288 607.
862 2250 901 2287 et
934 2246 1162 2300 Περπερίνη
1193 2246 1330 2288 Galen.
1362 2246 1411 2288 de
1438 2246 1632 2298 Euchym.

251 2430 288 2474 9)
322 2430 513 2474 BarytonOS
532 2429 703 2475 Ὀσροήνη
731 2432 828 2467 Suid.
863 2436 897 2468 et
920 2432 995 2466 EM.
1024 2432 1194 2477 Ὄσροήινη
1227 2432 1314 2478 ὅπερ
1351 2433 1443 2470 τινὲς
1470 2432 1632 2478 Ὀῤῥοΐνη

162 2485 316 2530 λέγουσι,
344 2487 466 2529 partim
493 2485 690 2529 euphoniae
717 2497 822 2522 causa
856 2488 899 2522 ad
937 2488 1129 2523 evitandam
1163 2489 1438 2532 asymplocoruni
1457 2480 1517 2534 ’ἐξ
1545 2499 1634 2523 con-

163 2551 311 2583 cursum,
341 2541 466 2585 quibus
495 2542 714 2576 emolliendis
748 2543 806 2577 alii
841 2543 933 2579 delta
969 2544 1175 2579 addiderunt
1209 2545 1377 2577 osdroene
1410 2545 1567 2580 dicentes
1599 2554 1631 2575 v·

162 2596 354 2630 Tzschuck.
382 2596 425 2630 ad
449 2596 591 2641 Eutrop.
617 2597 709 2633 VIII.
738 2598 770 2639 3,
794 2599 872 2634 542.
898 2601 1020 2643 partim
1047 2609 1090 2634 ex
1115 2601 1308 2635 iotacismo.
1356 2600 1531 2635 Pancratis
1550 2609 1632 2634 car-

162 2660 242 2685 men
275 2650 482 2694 Κοσροηΐδα
514 2654 715 2697 inscriptum
746 2654 853 2689 fuisse
887 2655 969 2688 oiim
1008 2658 1242 2698 conjecturam
1268 2655 1335 2691 feci
1360 2656 1403 2690 ad
1428 2655 1483 2699 Aj.
1509 2665 1543 2699 p.
1575 2655 1630 2691 97.

161 2715 271 2749 nuper
293 2705 463 2749 Bergkius
488 2709 522 2742 in
547 2708 634 2744 Mus.
662 2710 770 2746 Rhen.
798 2709 883 2744 Nov.
914 2711 940 2744 Ι.
967 2710 999 2751 3,
1026 2711 1103 2747 357.
