1699 3021
300 152 367 193 DE
399 152 687 195 NOMINIBUS
719 151 772 193 IN
804 158 827 191 ῦ
855 150 1202 194 EXEUNTIBUS.
1244 153 1284 194 C.
1305 154 1367 195 111.
1489 154 1574 198 193

97 261 211 303 Pind.
242 257 370 314 ὑηνός
400 262 499 303 l‘lat.
530 262 640 314 quod
671 261 777 314 apud
808 260 962 303 Suidan
1003 261 1108 302 male
1137 265 1331 313 gravatur
1360 268 1403 303 ut
1421 260 1574 318 Ὄδμη-

96 342 168 375 νος
205 324 443 379 πολύοσμος
483 328 578 369 Hes.
618 328 697 367 nisi
740 322 920 379 ὀδμηρός
957 327 1137 379 Scripsit.
1203 328 1357 368 Horum
1396 331 1572 371 omnium

97 394 212 445 origo
245 405 270 434 a
300 394 582 434 substantivis.
630 393 872 444 Ambiguum
891 396 954 432 est
977 389 1178 445 σκεπηνός
1193 393 1367 445 Hesyoh.
1399 391 1571 448 sznrs'-

93 473 214 511 νεμος
244 463 284 499 et
315 459 404 498 aliis
434 459 551 511 locis,
583 470 664 498 non
697 463 776 498 tam
807 458 1036 510 scripturae
1069 469 1208 510 causa,
1238 470 1331 499 narn
1361 458 1570 509 σκεπεινός

88 527 181 576 jure
211 525 325 576 rejici
355 524 514 565 videtur
546 537 579 565 v.
600 524 752 565 Nicias.
785 523 834 564 ad
857 523 1012 575 Geopp.
1036 523 1100 564 XI.
1122 523 1160 575 5,
1180 523 1217 564 5.
1241 527 1281 563 et
1303 525 1566 567 schleusner.

94 591 135 630 iu
167 590 285 630 Thes.
316 590 358 631 V.
387 591 428 630 T.
462 602 494 630 s.
527 590 563 631 h.
596 602 630 629 v.
661 601 779 642 quam
801 589 1079 641 derivationis,
1111 600 1134 628 a
1159 584 1285 641 σκέπη
1316 601 1367 629 an
1389 602 1413 630 a
1432 588 1567 632 σκέπω

93 659 137 695 ut
167 652 349 707 πετηνός,
381 656 489 707 quod
511 660 574 696 est
604 666 752 696 nomen
770 656 886 696 navis
918 651 1121 707 (Πετηνή)
1152 654 1194 694 in
1216 654 1402 706 Inscript.
1425 656 1567 699 Naval.

93 721 155 762 IV.
186 721 282 763 318.
315 725 355 761 ct
385 722 584 773 probatur
616 721 842 774 Technicis‚
873 721 965 761 libri
993 725 1127 760 autem
1165 721 1298 760 nostri
1329 721 1566 775 plerumque

94 797 183 826 cum
212 784 392 835 πετεινός
421 792 459 827 et
490 784 642 839 πτηνός
672 791 921 827 commutant
950 799 985 828 v,
1017 785 1165 827 Herod.
1196 786 1240 827 11.
1274 786 1362 827 123.
1386 788 1450 829 III.
1475 789 1565 830 106.

95 852 271 892 Thomas
290 854 340 893 Μ.
362 865 394 893 5.
416 853 451 894 h.
472 865 507 892 v.
539 853 704 893 Jacobs.
736 852 787 893 ad
815 852 936 893 Antii.
968 852 1010 893 P.
1043 851 1131 892 120.
1161 856 1200 891 et
1228 851 1320 893 535.
1356 853 1566 895 Boeckhi-

93 928 240 968 umque
290 918 340 958 ab
388 919 467 958 boc
517 918 795 969 nominatum3
841 922 880 959 et
928 919 1108 958 sortasse
1149 918 1350 970 Λειβῆνος
1401 919 1498 972 (sic)
1541 916 1564 960 ὁ

92 980 298 1030 Διόνυσος
327 983 422 1024 Hes.
455 984 490 1023 si
520 994 544 1022 a
572 983 737 1023 libando
768 994 917 1023 nomen
945 984 1106 1034 accepit
1132 988 1175 1023 ut
1205 984 1325 1024 Liber
1355 984 1564 1026 Lebasius

94 1048 230 1090 dictus
261 1050 362 1102 qnia
393 1059 545 1100 qraece
572 1045 691 1101 λοιβή
723 1049 877 1089 dicitur
905 1059 974 1088 res
1006 1048 1150 1089 divina
1181 1049 1294 1089 Serv.
1333 1048 1382 1089 ad
1415 1050 1562 1102 Georg.

91 1113 118 1155 I.
148 1115 184 1155 7.
236 1114 272 1154 A
303 1114 572 1154 circumflexis
600 1110 779 1167 γαληνός
809 1109 1049 1166 (γεγάλημαι
1076 1110 1367 1165 γεγαλήνισμαι
1386 1115 1500 1166 Hes.)
1525 1120 1564 1156 et

89 1176 278 1232 ποτηνός,
311 1179 385 1221 sed
414 1191 488 1232 pro
519 1177 705 1232 πατηνόν
732 1178 779 1220 τὸ
808 1176 1091 1232 πεπατημένου
1119 1179 1214 1220 Hes.
1234 1176 1416 1232 πατητόν
1438 1181 1563 1220 scribi

91 1250 268 1298 oportet.
325 1246 384 1286 De
413 1243 585 1297 τιθηνός
614 1251 653 1286 et
682 1243 832 1299 τιθήνη
862 1256 944 1286 non
975 1244 1167 1285 convenit
1196 1249 1328 1284 utrum
1349 1245 1402 1285 sit
1427 1243 1563 1297 ῥημα-

88 1307 202 1351 τικὸν
231 1308 362 1363 ὄνομα
394 1322 445 1350 an
476 1322 499 1350 a
527 1308 625 1363 τιθή
655 1312 740 1353 ΕΜ.
772 1311 844 1353 sed
874 1305 1133 1364 γαλαθηνός,
1174 1321 1248 1361 pro
1281 1322 1360 1362 quo
1394 1311 1562 1352 Simeon

90 1377 205 1418 Sethi
232 1373 582 1424 λακτενὸύπουλος
619 1376 734 1431 dicit,
774 1389 823 1418 ex
863 1377 1070 1418 homerico
1111 1372 1216 1427 γάλα
1252 1377 1414 1429 θῆσθαι
1457 1388 1562 1418 con-

89 1442 225 1482 flatum
258 1453 353 1483 esse
384 1443 670 1494 consentinam
712 1443 821 1494 quod
860 1443 1058 1483 hactenus
1091 1441 1223 1493 probo
1265 1447 1308 1482 ut
1338 1442 1388 1482 ab
1419 1443 1562 1483 incor-

89 1512 209 1560 rupto
241 1507 305 1548 vel
333 1507 581 1549 indeclinato
611 1510 687 1549 τοῦ
716 1506 820 1561 γάλα
850 1510 1021 1560 primum
1062 1504 1247 1560 γαλαθής
1287 1509 1562 1560 compositum

90 1584 293 1623 censeam,
328 1574 391 1613 cui
423 1575 542 1614 testis
572 1574 706 1615 nullus
738 1574 813 1615 sed
844 1574 974 1616 simile
1005 1578 1068 1614 est
1098 1569 1563 1626 αἰγοθήςὸαἰγοθήλας

89 1639 174 1679 EM.
206 1650 229 1678 a
257 1635 444 1691 γαλαθής
473 1651 570 1680 vero
602 1640 844 1691 productum
872 1636 1121 1692 γαλαθηνός.
1179 1639 1238 1679 De
1282 1638 1442 1679 duobus
1481 1639 1562 1680 ho-

89 1705 269 1744 motonis
299 1699 479 1756 ἀκμηνός
509 1700 531 1744 ὁ
561 1700 753 1756 ἀκμάζων
783 1709 823 1745 et
852 1700 1035 1756 ἀκμηνός
1065 1699 1088 1744 ὁ
1116 1701 1255 1750 ἄσιτος
1294 1703 1360 1743 diu
1391 1705 1561 1755 quaesi-

90 1773 172 1810 tum
203 1780 283 1820 quo
315 1773 412 1810 tono
443 1769 661 1810 scribenda
690 1770 793 1820 sint3
834 1768 1056 1810 secuudum
1093 1768 1358 1810 Aristarchus
1398 1769 1562 1820 gravari

85 1835 212 1886 jussit
241 1831 445 1874 σύνθετον
483 1829 586 1874 εἶναι
624 1832 798 1887 φάσκων
834 1831 945 1885 παρὰ
980 1831 1028 1874 τὸ
1066 1842 1093 1874 ᾶ
1133 1831 1370 1887 στερητικὸν
1407 1832 1475 1875 καὶ
1511 1832 1559 1874 τὸ

89 1897 273 1953 ἀκμῆνος
305 1901 416 1953 (Sic).
470 1896 568 1940 'AM
602 1896 680 1941 οὐκ
710 1898 793 1940 ἔστι
818 1897 925 1949 λέξιν
953 1896 1083 1953 εὑρεῖν
1112 1897 1193 1941 ἀπὸ
1232 1900 1309 1940 τοῦ
1336 1891 1392 1951 ἧι
1431 1896 1561 1953 ἀρχο-

86 1963 237 2018 μένην·
270 1965 303 2006 εἰ
332 1962 375 2006 δέ
403 1980 462 2013 τις
490 1965 582 2018 δοίη
608 1962 732 2016 εἶναι,
764 1963 936 2018 ὤφειλεν
975 1962 1214 2015 ὀξύνεσθαι·
1254 1962 1276 2006 ὁ
1313 1964 1393 2018 γὰρ
1430 1963 1560 2014 τύπος

88 2034 214 2072 ποθεῖ
246 2027 323 2085 τὴν
366 2027 501 2080 ὀξεῖαν
537 2032 714 2084 Epimer.
752 2031 882 2073 Cram.
913 2032 940 2073 Ι.
973 2033 1035 2074 74.
1082 2033 1153 2073 Ille
1192 2032 1366 2073 forsitan
1404 2028 1560 2084 κμηνός

89 2099 201 2139 finxit
234 2102 276 2138 ut
305 2094 470 2150 πτηνός,
499 2095 634 2150 ψηνός
664 2101 738 2138 etc.
759 2097 976 2149 fictumque
996 2099 1120 2138 tuitus
1142 2102 1205 2138 est
1226 2096 1412 2149 exemplo
1435 2097 1556 2149 glos-

88 2165 273 2205 sematici
301 2161 539 2216 κμὲλεθρον,
571 2167 736 2216 praeter
766 2163 876 2215 quod
904 2163 1015 2204 nulla
1029 2175 1111 2203 vox
1141 2163 1182 2202 in
1213 2163 1412 2213 principio
1435 2163 1559 2203 hahet

87 2219 150 2281 κ-μ.
208 2230 355 2270 Verum
393 2234 528 2270 tamen
558 2228 763 2269 diversum
804 2228 925 2269 tradit
952 2229 1038 2269 EM.
1068 2228 1142 2280 49,
1183 2228 1247 2268 32.
1297 2222 1558 2280 Ἀρίσταρχος

88 2291 199 2347 παρὰ
226 2291 302 2347 τὴν
331 2291 479 2347 ἀκμήν,
510 2295 598 2334 sive
627 2294 695 2335 ille
724 2295 893 2334 mutavit
921 2294 1164 2335 sententiam
1186 2293 1272 2332 sive
1294 2292 1446 2332 librarii
1465 2304 1557 2332 mu·-

90 2365 223 2401 tarunt
254 2360 436 2401 auctoris
466 2351 626 2400 nomen.
684 2360 1060 2411 Proparoxytonon
1093 2363 1227 2398 autem
1258 2357 1409 2399 fecisse
1438 2357 1558 2398 vide-

91 2430 153 2466 tur
182 2431 402 2478 propterea
432 2424 542 2477 quod
570 2422 676 2479 ἄκμη
704 2420 731 2478 ἡ
763 2423 915 2478 ἀσιτία,
945 2424 1051 2465 unde
1082 2423 1305 2464 derivatum
1337 2427 1423 2476 est,
1454 2434 1558 2463 aeo-

90 2490 210 2531 licum
249 2491 497 2543 perhibetur.
565 2490 760 2542 Hesychii
796 2491 940 2543 glossa
980 2486 1150 2542 Κηλὴνη
1187 2486 1356 2541 μέλαινα
1395 2493 1559 2540 praeter

91 2560 303 2597 accentum
332 2566 435 2597 sana
463 2554 623 2596 videtur
653 2560 905 2609 congruente
936 2555 1195 2596 substantivo
1226 2554 1340 2607 κηλίς
1376 2554 1558 2606 macula;

91 2620 170 2662 sed.
196 2632 269 2673 pro
298 2621 490 2674 τρίχηνον
516 2617 772 2675 τρικόρυφον
802 2621 891 2663 cod.
925 2617 1066 2674 τριχήν
1093 2620 1275 2674 praebet,
1306 2631 1386 2672 quo
1416 2619 1559 2660 Blom-

90 2685 246 2727 fieldius
277 2685 327 2725 ad
356 2685 505 2727 Aesch.
535 2687 649 2740 Sept.
681 2688 772 2730 757.
801 2688 990 2741 τρίχηλον
1020 2685 1192 2728 trifidum
1221 2684 1440 2737 significari
1485 2695 1560 2726 su-

134 2761 277 2793 Lobeck.
300 2762 482 2802 Paclaolog.
1231 2750 1280 2792 13
