1699 3021
101 287 239 332 τολοὲα.
297 289 357 330 De
397 289 630 331 nominibus
667 289 825 331 urbium
866 290 1143 333 laconiearnm
1174 289 1347 335 Ἱππόλα
1381 296 1502 338 Paus.
1541 301 1582 339 et

107 353 276 398 Μεσόλα
303 356 390 396 sive
416 353 616 395 Μεσσάλα
644 367 681 397 v.
715 355 938 397 Tzsehuck.
972 355 1022 397 ad
1049 357 1183 399 Strab.
1213 359 1312 402 VIII.
1346 361 1456 404 165.3
1486 365 1580 416 qui-

100 423 179 465 bus
219 421 453 473 Stephanus
488 421 695 472 gentilicia
727 421 912 473 assignat
940 421 1103 463 diversa
1128 418 1386 480 Ἱππολαΐτης
1415 432 1454 468 et
1484 431 1580 469 Με-

99 484 287 540 σολάτης,
318 486 448 526 adhue
479 487 599 526 animi
630 485 810 538 pende03
841 497 932 526 nam
963 492 1006 527 ut
1027 485 1242 538 Μενέλαος
1272 492 1410 544 oppidi
1430 504 1579 535 nomen

100 555 174 596 fuit
203 558 244 595 et
273 553 370 593 urbs
402 551 538 592 Priola
578 563 601 591 a
633 551 769 593 Schol.
810 551 938 592 Paris.
979 551 1029 593 ad
1065 555 1200 606 Apoll.
1230 556 1276 597 ΙΙ.
1307 558 1399 599 783.
1443 556 1579 612 Πριό-

97 621 195 668 λαος
225 623 418 670 vocatur,
461 618 518 657 ita
548 617 640 669 fingi
671 621 810 669 potest
840 617 921 658 loci
950 629 1099 660 nomen
1130 621 1258 662 fuisse
1291 618 1509 672 Ἱππόλαος
1538 629 1579 666 et

98 686 331 727 femininum
344 679 525 723 Ἱππόλα.
587 681 668 724 Sed
697 683 826 734 magis
853 683 1003 723 inclino
1026 684 1077 726 ad
1101 687 1416 743 simplicitatem,
1446 689 1578 731 idem-

98 763 177 804 que
207 751 358 792 firmius
390 748 633 789 contendam
664 747 713 788 de
739 744 843 802 Ἰόλη
871 750 982 790 viola
1011 751 1258 794 Violantilla.
1324 754 1383 795 De
1409 749 1576 809 Ὀμόλη,

96 812 264 869 ἀσβόλη,
299 811 474 868 ἀπαιόλη
505 826 623 856 nemo
649 814 827 866 ambigit.
886 815 958 855 His
984 815 1273 869 Theognostus
1291 831 1329 872 p.
1354 819 1442 862 111.
1473 823 1599 874 θερε

96 878 197 934 σόλη
228 880 359 934 addit,
398 881 508 933 quod
538 881 750 922 seientiam
781 883 965 921 nostram
997 881 1119 934 sugit3
1170 883 1372 925 Arcadius
1410 883 1576 941 τριβόλη

94 946 135 987 id
174 950 238 986 est
278 946 427 986 tribula
464 947 551 986 sive
581 945 815 994 tribulum‚⁴
853 956 877 985 a
905 946 1028 997 τρίβω
1059 946 1304 990 declinatum
1333 951 1419 992 iota
1449 952 1574 1005 longo

96 1010 302 1052 diversum
341 1022 365 1052 a
404 1010 637 1062 composito
678 1010 893 1061 τρίβολος.5
950 1010 1154 1053 Omissum
1195 1020 1259 1055 est
1296 1016 1376 1057 illis
1412 1012 1575 1072 Ἀβιόλη

95 1073 253 1129 σπέρμα
286 1090 326 1117 τι
370 1077 466 1118 Hes.
514 1076 578 1117 oui
622 1074 753 1115 simile
792 1074 1124 1126 andronymioum
1163 1090 1374 1122 romanum
1408 1083 1574 1126 Aviola.

94 1144 288 1184 Neutrius
318 1143 483 1195 generis
514 1140 700 1192 exempla
729 1139 839 1179 nulla
867 1140 945 1180 nisi
970 1141 1179 1184 obsoleta:
1211 1143 1414 1199 κρέμβολα
1431 1144 1490 1201 ἐφ’
1512 1144 1575 1198 οἷς

93 1205 165 1257 τὰς
182 1205 336 1261 ’κρόκας
356 1206 636 1249 ἐντυλίσσουσι
654 1206 749 1246 Hes.
772 1206 951 1246 sortasse
973 1218 1023 1247 ex
1041 1206 1319 1263 κροκέμβολον
1349 1215 1574 1269 concisum,

93 1271 275 1314 νάκολον
302 1270 349 1314 τὸ
379 1269 623 1325 ἀκάθαρτον
651 1270 834 1323 ejusdem
863 1271 1019 1326 glossa,
1051 1275 1115 1315 cui
1143 1278 1312 1329 propria
1338 1277 1511 1334 Νακόλη
1533 1287 1573 1323 et

95 1337 289 1388 Νάκολος
309 1340 448 1394 Steph.
478 1339 577 1380 nihil
605 1338 708 1378 lueis
740 1336 935 1388 afferunt3
965 1338 1084 1390 βίολα
1110 1337 1162 1381 τὰ
1181 1340 1324 1384 πέδιλα
1343 1346 1455 1387 Suid.
1472 1359 1574 1389 sus-

94 1411 256 1458 pectum
280 1409 364 1459 est,
393 1401 727 1457 κολοκορδόκολα
744 1403 865 1444 Anth.
883 1403 1093 1446 lusorium.
1142 1408 1229 1449 Neo
1247 1410 1374 1451 multa
1394 1413 1571 1454 affinium

94 1472 422 1512 terminationum
461 1467 667 1517 αἰθόλικες
705 1468 749 1510 αἱ
785 1466 1034 1523 φλύκταιναι
1071 1466 1152 1511 ἀπὸ
1191 1475 1267 1515 τοῦ
1296 1476 1433 1517 αἴθειν
1460 1479 1572 1521 Ero—

96 1538 190 1578 tian‚
222 1542 261 1578 et
293 1536 430 1578 Galen.
461 1535 571 1589 quod
598 1536 639 1575 in
668 1535 784 1576 libris
815 1532 1024 1584 αἰθάλικες
1054 1541 1093 1577 et
1123 1536 1334 1589 αἰθύλικες
1355 1544 1572 1597 scribitur;

93 1603 166 1644 sed
195 1603 293 1644 illud
323 1603 487 1644 testium
517 1601 609 1653 plus
640 1600 763 1641 habet
784 1606 823 1641 et
845 1601 895 1642 ad
915 1602 1145 1654 analogiam
1168 1607 1336 1657 perinde
1356 1611 1571 1663 eonvenit;

93 1680 185 1709 nam
225 1669 469 1721 primitivum
509 1672 573 1708 est
612 1667 715 1719 αἴθη
751 1663 971 1719 πομφόλυξ
1008 1668 1103 1709 Hes.
1142 1670 1193 1710 ab
1229 1672 1341 1712 αἴθω
1371 1673 1569 1717 deflexum

94 1738 137 1774 ut
169 1733 219 1774 ab
251 1734 342 1774 aliis
372 1732 514 1773 urendi
551 1732 688 1773 verbis
720 1743 949 1783 synonyma
977 1735 1175 1782 καυσαλίς
1210 1740 1250 1777 et
1279 1735 1460 1791 φαύσιγξ
1488 1753 1569 1792 pu-

94 1799 214 1840 stula.
282 1798 543 1840 Consimilem
589 1796 790 1849 quandam
829 1798 934 1837 cutis
972 1799 1329 1843 inflammationem
1367 1805 1570 1856 signifieat

92 1862 259 1917 πόμφος
287 1864 328 1904 in
356 1864 474 1916 Hipp.
504 1863 688 1904 Muliebr.
719 1862 763 1902 ΙΙ.
794 1862 884 1903 775.
918 1863 959 1903 T.
984 1863 1029 1904 ΙΙ.
1061 1863 1106 1904 ἐν
1132 1867 1227 1919 τῇσι
1252 1865 1430 1923 κνήμῃσι
1457 1868 1568 1923 πόμ-

93 1945 168 1984 φοι
196 1926 432 1970 ἀνίστανται
461 1929 485 1969 i.
506 1940 540 1969 e.
574 1927 797 1980 tubercula,
828 1928 974 1980 quibus
1006 1931 1159 1973 slmiles
1190 1937 1372 1976 tumores
1401 1936 1569 1990 βομβῶ-

180 2099 218 2142 3)
251 2098 315 2133 Pro
340 2097 403 2131 τοῦ
424 2093 590 2130 Μεσόλου
614 2095 736 2141 Steph.
772 2106 800 2132 s.
831 2100 1036 2142 Δεξαμεναί
1066 2099 1148 2134 alibi
1178 2110 1206 2135 s.
1242 2103 1408 2146 Σαμυλία
1442 2105 1569 2149 legitur

91 2153 270 2188 ΆῙοτύλου.
318 2150 562 2198 Κρατιστόλου
590 2153 624 2185 in
652 2152 736 2187 Plat.
766 2153 874 2197 Epist.
906 2155 948 2189 II.
972 2165 1032 2199 pro
1054 2156 1322 2199 Κρατιστολιὲυυ
1346 2161 1466 2195 merim
1486 2171 1569 2196 sus..

26 2251 37 2258 ,
92 2213 243 2254 pectum.

180 2277 220 2320 4)
254 2276 305 2310 Α1)
332 2274 541 2323 HIeronymo
567 2284 665 2308 serra
701 2275 827 2309 dicitur
854 2277 918 2310 hoo
949 2281 1004 2311 est
1040 2276 1057 2310 ὁ
1085 2277 1335 2322 ‹tragoedum-
1358 2289 1460 2323 quein
1487 2282 1570 2317 dicit

96 2330 346 2367 Grammaticus
370 2332 405 2363 in
430 2329 629 2365 Endlicher.
656 2330 814 2366 Analeet.
841 2331 867 2365 1.
897 2333 970 2368 107.

180 2397 217 2440 5)
251 2397 338 2431 llino
363 2395 630 2431 Choerobosous
655 2398 782 2440 repetit
805 2407 929 2433 nomen
953 2399 1166 2443 τριβολέιηρ·
1198 2400 1269 2431 ἔστι
1290 2399 1327 2432 δὲ
1345 2399 1442 2438 εἶδος
1460 2402 1568 2445 (ἐκάν-

92 2454 170 2493 θης,
200 2454 358 2486 ninnrum
382 2449 399 2484 ὁ
427 2451 596 2495 τρίβολος,
623 2452 714 2487 unde
733 2462 799 2486 non
823 2454 980 2497 intelligo
1000 2455 1174 2498 quomodo
1194 2455 1397 2502 τριβολέιηρ
1417 2459 1571 2494 existere

93 2508 253 2551 potuerit,
279 2517 393 2551 neque
423 2507 458 2541 id
486 2507 632 2542 credidit
655 2508 869 2543 Hermannus
887 2519 1011 2544 nomen
1033 2511 1099 2544 hoc
1119 2512 1344 2554 interpretans
1369 2513 1571 2556 Weqsperre

95 2561 232 2604 (τρίβου
257 2563 424 2607 ὄλεθρος)
451 2562 578 2606 Opuso.
607 2562 642 2596 T.
666 2562 722 2596 VI.
752 2563 825 2598 131.
861 2565 1001 2608 Sappho
1022 2566 1166 2600 tortasse
1189 2565 1388 2599 rusticulum
1411 2567 1569 2603 tribulam

95 2616 271 2651 l'rum‘eutis
298 2617 496 2653 deterendis
522 2618 688 2653 inducere
715 2622 850 2653 suetum
875 2620 1069 2655 similemve
1098 2622 1129 2655 ei
1150 2623 1304 2664 rupicem
1321 2622 1572 2664 τριβυλιλάτην

94 2671 149 2706 vel
177 2671 413 2716 τριβηλατῆρα
438 2674 594 2715 vocavit,
630 2672 746 2707 addila
781 2677 1006 2710 excusatmne
1042 2675 1081 2709 οὔ
1114 2675 1185 2721 γάρ
1215 2674 1427 2721 Ἀρκάδεσσι
1460 2677 1569 2721 λώβα,

96 2726 131 2758 id
155 2727 247 2769 apud
272 2727 419 2761 Arcades
443 2728 568 2771 probro
592 2739 658 2761 non
682 2732 744 2761 est.

1234 2786 1294 2827 0*
