1699 3021
282 159 350 200 DE
381 156 561 200 NoiuiN.
592 156 645 197 1N
673 145 728 197 ἦ
753 156 1098 198 EXEUNTIBUS.
1139 159 1181 200 c,
1208 159 1235 201 1.
1273 165 1310 209 §-
1334 161 1369 204 1.
1499 164 1562 207 87

86 278 230 313 tenore
266 280 291 309 a
328 267 458 319 primo
500 265 790 306 transiluerunt
820 264 872 306 ad
902 265 1074 306 tertium.
1129 266 1220 309 Duo
1252 279 1357 320 quae
1386 276 1558 328 restant,

85 332 267 384 σταλάζω
292 334 380 374 sive
410 328 635 381 σταλάσσω,
667 325 959 379 ἀνασταλύζω3
979 335 1019 371 et
1038 328 1249 383 παλάσσω,
1280 335 1316 374 si
1347 336 1398 376 ad
1427 335 1557 388 στάζω

84 406 124 443 et
153 397 298 441 πάσσω
327 398 552 450 referimus,
584 396 829 437 inevitabilis
861 399 924 436 est
943 397 1180 447 epenthesis
1200 401 1432 442 concessio.
1476 403 1558 445 Sed

84 466 271 517 effugium
307 463 588 515 qualecunque
619 461 817 514 praebent
853 461 1147 503 Philoxeniana
1186 464 1365 506 themata
1399 467 1482 506 στῶ
1518 474 1557 509 et

80 534 159 582 πώ,
191 541 296 582 quae
326 529 509 581 quamvis
541 527 591 567 ab
622 527 776 567 aurium
808 526 1104 568 consuetudine
1130 528 1390 584 abhorreant,
1422 536 1557 580 tamen

81 608 165 639 non
186 606 329 647 negem
349 595 433 634 sieri
454 604 581 645 posse
602 597 644 632 ut
673 597 712 633 et
739 593 876 633 verbis
904 593 983 633 illis
1004 594 1214 634 materiam
1233 596 1495 646 praebuerint
1516 603 1556 641 et

82 661 315 704 nominibus
345 659 470 711 στίλη,
506 654 731 711 σταληδών,
762 654 933 711 πηλός,4
963 660 1080 709 eujus
1111 670 1371 711 synonymon
1398 659 1557 713 πάσκος

83 727 203 768 limus
241 724 432 765 indicium
470 724 639 776 praebet
668 723 781 764 verbi
811 723 901 775 puri
930 719 1046 774 πάω,
1076 724 1182 765 unde
1213 730 1252 765 et
1281 723 1428 767 πάσσω
1459 731 1556 771 oriri

80 793 214 844 potuit
244 795 283 831 et
311 787 450 830 πάλλω
481 793 523 830 ut
554 800 578 830 a
609 789 682 840 σῶ,
713 789 778 829 oui
802 787 895 828 σείω
916 790 1133 843 successit,
1163 787 1302 831 σάσσω
1322 797 1361 832 et
1378 790 1555 837 σοὲλλω.5

78 856 240 898 Fundus
270 856 391 907 hujus
424 859 607 895 texturae
638 859 678 895 et
708 855 826 905 quasi
853 858 1012 894 stamen
1035 855 1287 910 estlambda,
1316 850 1425 909 quod
1454 861 1554 901 utin

78 923 187 963 omni
225 920 520 961 vocabulorum
561 919 829 960 fabricatione
855 924 994 971 partes
1025 931 1194 972 magnas
1225 923 1424 975 agit‚.ita
1453 936 1552 966 sae-

77 987 246 1040 pissime
275 985 413 1025 verbis
443 985 636 1025 inseritur
664 986 797 1036 puris:
828 982 923 1032 ψάω
944 982 1100 1034 ψάλλω,
1131 978 1236 1038 βδέω
1256 986 1431 1039 βδύλλω,
1462 987 1552 1043 βύω

76 1050 226 1106 βύλλω,
257 1054 296 1091 et
318 1060 342 1090 a
365 1050 593 1091 thematiois
624 1047 798 1099 σκάλλω,
829 1048 976 1100 σάλλω,
1004 1047 1165 1100 στέλλω,
1186 1049 1357 1093 σκύλλω.
1401 1051 1551 1095 Φάλλω

76 1118 196 1160 video
228 1117 264 1158 si
291 1115 383 1157 fidei
402 1117 506 1157 satis
524 1116 677 1156 habet0
707 1120 818 1156 certe
838 1129 861 1157 a
878 1114 975 1169 φάω
994 1117 1112 1157 luceo
1145 1115 1307 1158 ductum
1338 1122 1414 1172 est,
1444 1120 1550 1162 unde

164 1282 201 1326 3)
234 1282 320 1315 Hinc
346 1280 538 1319 mortum-{³
562 1281 803 1325 ινεσδάκρινιος
838 1281 920 1316 Hes.
959 1285 995 1315 ut
1028 1282 1148 1317 flentes
1183 1283 1288 1317 verba
1316 1284 1488 1327 singultim
1517 1290 1551 1321 et

74 1339 173 1382 quasi
199 1338 355 1380 guttatim
382 1337 569 1381 proferunt.
606 1337 811 1380 Calpurnius
837 1338 1004 1369 stillantes
1026 1347 1120 1369 voces
1146 1341 1180 1372 et
1205 1339 1426 1379 singultantia
1449 1340 1550 1373 verba

74 1392 342 1429 balbutientibus
378 1393 507 1427 tribuit.
562 1394 603 1427 Et
636 1394 729 1427 corvi
763 1393 949 1435 glutientes
981 1393 1062 1429 τοὺς
1091 1393 1322 1438 σταλαγμοὺς
1348 1398 1549 1438 μιμεῖσθαι

73 1449 229 1484 dicuntur
253 1457 285 1481 v.
310 1447 410 1482 Voss.
437 1449 480 1482 ad
504 1449 596 1483 Arat.
622 1449 699 1485 972.

161 1514 199 1557 4)
224 1513 419 1556 Hesychius
452 1514 617 1552 ΙΙιιλάξαι
649 1515 794 1557 βρέξαι·
839 1514 946 1547 ἔνθεν
983 1515 1045 1547 καὶ
1078 1515 1186 1556 πηλὸς
1221 1515 1269 1560 γῆ
1309 1518 1545 1561 βεβρεγμένη.

71 1569 159 1604 Hinc
186 1568 330 1604 fortasse
355 1569 481 1613 πάλμα
508 1571 627 1614 palus,
662 1569 754 1613 quod
780 1573 814 1604 et
839 1570 956 1614 πέλμα
980 1571 1141 1606 scribitur
1166 1582 1195 1606 v.
1222 1573 1274 1606 Du
1286 1572 1392 1615 Cang.
1420 1576 1454 1608 et
1478 1582 1545 1607 au-

72 1626 203 1668 tiquum
228 1624 338 1666 τέλμα
363 1629 397 1660 et
424 1625 540 1669 τελμίς
565 1624 581 1659 ὁ
608 1624 647 1658 ἐκ
674 1623 860 1668 τελμάτων
884 1625 992 1665 πηλός
1016 1627 1089 1661 ΕΜ,
1117 1628 1283 1663 Similiter
1315 1630 1445 1664 variant
1469 1639 1543 1672 τερ-

70 1677 208 1723 μησσός
234 1682 268 1713 et
290 1680 503 1723 Περμησσός
527 1691 558 1715 v.
586 1681 767 1715 Hermann.
795 1680 922 1723 Opusc.
950 1681 985 1714 T.
1004 1682 1059 1725 Vl,
1081 1683 1109 1717 1.
1132 1684 1205 1718 153.
1232 1682 1389 1719 Τενθεύς
1413 1681 1430 1716 ὁ
1456 1684 1542 1716 Πεν-

71 1732 158 1770 θεύς
183 1732 265 1777 παρ’
285 1732 465 1778 “Εκαταίῳ
489 1735 587 1769 Phot.
614 1733 706 1770 ταώς
730 1744 837 1777 pavo,
861 1733 1034 1768 κάλλαιυν
1058 1738 1158 1780 palea
1183 1741 1251 1773 etc.

159 1799 196 1842 5)
231 1800 541 1844 Κατασεσαγμένα
567 1804 876 1845 κατασεσεισμὲνα
903 1802 984 1837 Hes.
1011 1802 1067 1835 ubi
1089 1804 1437 1847 xtcrrcrno‘cchcyque'ua
1459 1814 1542 1838 (201¹-

70 1855 184 1897 rigunt
209 1857 326 1887 contra
361 1855 516 1890 ordinem
550 1857 724 1890 literarum
757 1858 919 1901 nullaque
957 1857 1084 1893 idonea
1108 1860 1253 1894 ratione.
1303 1859 1388 1893 Nam
1419 1857 1541 1891 σάσσω

69 1909 235 1951 consorcia
261 1908 344 1942 nihil
370 1910 462 1944 aliud
490 1915 543 1946 est
568 1921 669 1955 quam
694 1914 775 1945 σείω
802 1924 1008 1956 conquass03
1044 1914 1238 1957 quassando
1264 1916 1354 1950 enim
1379 1915 1455 1948 laxa
1482 1924 1542 1948 ra-

69 1973 176 2007 raque
202 1964 387 2007 Stipauius,
423 1966 457 1999 id
494 1966 586 2010 quod
615 1967 739 2002 Graeci
766 1968 883 2002 dicunt
908 1967 1052 2012 κρούειν
1079 1968 1119 2000 τὰ
1142 1971 1257 2012 μέτρα
1283 1971 1344 2002 καὶ
1370 1969 1544 2002 traconem

69 2019 234 2063 Harpocr.
268 2028 297 2053 s.
322 2020 610 2066 Παρακρούεται.
655 2022 742 2056 Hinc
764 2025 898 2068 μέτρον
921 2024 1184 2067 σεσαλευμένον
1208 2026 1242 2059 in
1266 2025 1395 2068 Evang.
1424 2024 1541 2060 Lucae

68 2075 124 2109 VI.
153 2075 207 2111 38.
237 2074 330 2118 quod
354 2074 651 2118 Luitierus,vertit
677 2079 727 2110 eiu
753 2081 924 2120 ¹‹Jemceetelt
953 2081 1094 2122 Muass,
1119 2080 1290 2122 significat
1315 2082 1542 2124 σεσαγμένον

70 2132 143 2165 sive
170 2129 346 2173 κυρυστόν
370 2131 520 2174 plenum.
571 2132 692 2175 quue
719 2135 895 2169 intellectu
921 2134 1086 2177 Agathias
1112 2135 1280 2167 σιιλιὶσσω
1305 2137 1420 2178 posuit
1437 2135 1538 2169 Antli.

68 2185 123 2219 XI.
151 2195 182 2218 n.
208 2186 261 2220 57.
288 2188 445 2231 γαστέρα
471 2187 542 2231 μὲν
566 2187 765 2220 ammam«,
792 2191 908 2233 γέρων
933 2190 1064 2223 domet:
1083 2190 1230 2234 Βάκχῳ,
1258 2200 1324 2224 non
1350 2201 1410 2234 pro
1435 2189 1537 2222 σεσά-

67 2241 169 2273 λευτο
194 2243 230 2274 ut
253 2241 437 2276 Jacobsius
459 2244 621 2278 statuisse
646 2243 782 2277 videtur
809 2243 923 2278 ebrios
952 2247 1038 2288 οἴνῳ
1063 2245 1282 2278 σαλεύεσθαι
1304 2246 1540 2280 demonstrans

68 2296 215 2331 Aniinm.
242 2297 278 2330 T.
304 2296 360 2331 XI.
386 2299 438 2333 70.
465 2298 527 2333 sed
554 2308 613 2342 pro
640 2300 792 2331 σίσακιο
816 2301 933 2342 plenus
956 2305 1041 2341 erat,
1069 2303 1167 2342 cujus
1192 2301 1454 2344 significationis
1478 2310 1538 2335 ra-

68 2354 167 2388 ritate
193 2352 351 2395 Scaliger
374 2358 548 2397 permotus
575 2358 627 2389 est
651 2358 686 2388 ut
710 2354 879 2388 ἐσέσακτο
909 2357 1108 2398 corrigeret.

158 2419 195 2461 6)
235 2417 360 2451 Φάλαι
393 2418 459 2462 ὅρα
495 2418 641 2456 σκόπει,
685 2421 765 2455 llos.
802 2422 892 2465 quod
928 2424 1093 2456 incertum
1121 2427 1229 2455 utrum
1255 2424 1354 2457 tertia
1388 2431 1538 2465 persona

67 2474 113 2507 sit
145 2473 247 2516 φαλᾷ
279 2471 348 2518 ὁρᾷ
384 2479 530 2512 σκοπεῖ,
570 2484 612 2508 an
644 2477 866 2519 imperativus
899 2477 1015 2520 qaam
1048 2478 1170 2510 similis
1208 2477 1384 2511 homerico
1420 2477 1537 2520 φῖλαι.

67 2528 155 2562 Hinc
179 2532 289 2562 ortum
315 2533 368 2564 est
391 2530 600 2574 πιιμφιιλᾷν
624 2530 661 2563 τὸ
685 2531 779 2574 μειὰ
803 2532 999 2573 πτοιήσεως
1021 2532 1247 2575 περιβλέπειν
1265 2533 1381 2567 Schol.
1404 2532 1468 2575 Ap.
1490 2531 1535 2566 II.

68 2583 153 2620 127..
169 2584 262 2627 quod
289 2583 325 2618 lit
347 2585 468 2620 crebro
494 2590 587 2620 motu
614 2590 648 2621 et
672 2588 859 2622 nictatione
887 2588 1083 2630 oculorum,
1110 2592 1237 2622 motum
1257 2592 1369 2624 autem
1387 2589 1537 2631 spissum

67 2642 104 2674 et.
127 2638 317 2674 vibrantem
352 2641 511 2684 exprimit
547 2642 689 2678 verbum
726 2642 970 2689 ἀμαρύσσων,
997 2643 1089 2678 unde
1115 2641 1319 2686 ἀμὰρυττιιι
1342 2643 1536 2687 ὀφθαλμοὶ

67 2698 101 2729 et
127 2694 404 2738 κιλλαμαρὺζειν
427 2696 614 2731 ι’λλώπτειν
642 2698 724 2734 Hes.
753 2698 916 2742 idemque
943 2696 1170 2743 ἀμαρύσσειν
1200 2701 1236 2734 et
1257 2697 1539 2742 μαρμιιρύσσειν
