1731 3021
126 170 220 212 420
601 164 1032 208 DISSERTATIO
1071 164 1136 207 IX.

127 276 334 322 consentit
361 275 448 316 EM.
481 274 574 328 673,
606 275 668 317 15.
727 276 795 317 Sic
834 276 954 316 etIam
992 275 1157 315 nomina
1189 274 1357 327 propria
1395 284 1419 314 a
1458 273 1604 314 suturis

126 344 257 397 repeti
287 344 465 394 possunt
496 344 577 381 tum
607 341 921 382 derivativorum
952 340 1171 381 verborum
1200 344 1244 380 ut
1258 337 1438 390 Ἕλιξος,
1469 336 1606 391 Χάρα-

129 410 218 460 ξος,
258 403 491 455 Σκέδασος,
537 403 740 454 Κέλευσος
782 407 904 458 Corp.
945 406 1073 446 Inser.
1114 417 1151 446 n.
1184 405 1273 447 105.
1314 409 1354 446 et
1383 406 1462 445 alia
1491 406 1606 457 prius

129 476 355 516 memorata
385 476 467 512 tum
494 473 786 524 primitivorum
807 473 973 524 Δρῆσος
1001 467 1115 522 παρὰ
1143 466 1216 511 τὸν
1245 468 1383 521 δράσω
1412 468 1609 523 μέλλοντα

131 537 188 588 ὡς
203 537 339 592 κτήσω
359 538 524 590 Κτῆσος
541 535 610 577 καὶ
629 535 743 591 ρήσω
757 534 904 591 Ῥῆσος
927 538 1013 578 EM.
1044 537 1136 588 287,
1169 536 1233 577 40.
1255 537 1401 588 quibus
1427 536 1544 588 plura
1569 539 1610 574 et

133 607 311 648 certiora
335 604 468 645 afferri
488 607 679 655 poterant
697 605 859 653 Πεῖσος,
890 605 1040 650 ,Σῶσος
1066 606 1142 643 ete.
1167 614 1257 643 eum
1282 602 1470 642 affinibus
1500 597 1612 653 Κτή-

133 682 240 724 σων,
279 667 486 719 Παύσων,
528 666 730 721 Κλήσων,
761 666 936 721 Κλησώ,
969 664 1127 717 Σωσώ,
1163 665 1291 707 Φυσώ
1320 668 1493 709 Natura
1521 667 1612 708 Em-

135 737 294 791 pedoel.
323 748 360 777 v.
390 734 454 776 28.
512 734 561 774 Et
590 735 624 775 si
656 735 792 785 poetiS
824 746 986 786 quoque
1016 735 1057 773 in
1087 734 1163 774 hae
1203 744 1330 773 eausa
1368 733 1612 774 sententiam

136 804 272 845 dicere
302 802 410 852 licet,
443 796 624 850 Περσεύς
652 800 885 840 nominatus
919 805 981 840 est
1004 796 1173 839 οὕνεκεν
1193 796 1313 838 ἄστεα
1331 795 1482 850 πέρθεν
1505 793 1613 837 ἀπεί-

135 869 283 922 ρεσίων
320 861 559 917 ἀνθρώπων
598 864 702 915 (ΕΜ.
743 863 835 917 665,
866 864 949 915 45.)
987 869 1024 904 et
1048 860 1295 914 Ὀδυσσεύς,
1337 868 1381 903 111
1411 863 1613 904 Homerus

138 935 206 987 ait,
239 932 334 986 quia
359 934 476 982 pater
508 931 596 981 ejus
629 925 845 969 ὠδύσσατο
873 931 1047 976 πολλοῖς.
1108 930 1207 970 Τ11111
1251 932 1467 982 praeterea
1503 923 1615 981 παρὰ

136 996 183 1039 τὸ
209 997 309 1050 μίξω
340 994 492 1044 Μίξων
520 992 589 1035 καὶ
618 994 773 1043 Μιξίας
803 990 858 1041 ὥς
888 991 1008 1034 σώσω
1039 995 1217 1046 Σωσίας,
1246 992 1346 1044 λέξω
1365 993 1510 1042 Λεξίας
1527 993 1613 1033 EM.

138 1063 232 1114 588,
262 1062 328 1103 32.
389 1060 470 1101 Sed
509 1071 599 1101 011111
626 1061 858 1101 nominibus
887 1061 929 1100 in
951 1051 1043 1111 ἶας,
1086 1072 1190 1113 quae
1221 1061 1300 1101 3110
1331 1060 1425 1100 1000
1458 1062 1616 1099 tracta-

139 1131 296 1180 bimus,
326 1127 541 1167 maximam
569 1126 913 1168 neoessitudinem
944 1130 983 1167 et
1016 1126 1162 1167 erebra
1192 1125 1437 1165 commercia
1464 1124 1617 1164 habent

140 1208 209 1249 ea,
239 1203 412 1246 quorum
442 1203 568 1232 eausa
597 1191 702 1231 hano
733 1192 838 1232 viam
867 1192 1045 1242 ingressi
1075 1203 1227 1232 sumus.
1278 1190 1380 1231 Nam
1401 1189 1451 1230 ab
1472 1188 1616 1230 eodem

142 1266 251 1303 certe
281 1258 407 1300 verbo
441 1256 661 1297 derivatum
693 1261 755 1297 est
786 1259 971 1311 Φρασίας
1000 1258 1112 1298 Dem.
1146 1267 1179 1296 e.
1211 1255 1308 1296 Call.
1341 1255 1459 1308 1236,
1479 1254 1543 1295 25.
1577 1257 1617 1295 et

146 1323 332 1379 Φράσιος
367 1323 501 1364 Nonn.
529 1320 685 1361 XXXII.
716 1321 807 1363 234.
851 1323 960 1375 quod
991 1321 1213 1363 seeundum
1242 1320 1463 1362 Herodtani
1492 1330 1618 1371 regu-

141 1393 222 1433 lam
260 1392 551 1442 paroxytonon
589 1398 685 1427 esse
727 1386 849 1428 debet
886 1400 922 1430 v.
962 1388 1102 1429 Lehrs.
1140 1388 1264 1428 Arist.
1294 1386 1386 1428 280.
1424 1386 1620 1439 Τιμησίας

143 1454 495 1499 Clazomeniorum
524 1452 717 1503 princeps
748 1451 853 1494 idem
889 1450 1083 1506 Τιμήσιος
1111 1453 1342 1492 nominatur
1371 1464 1406 1492 v.
1436 1452 1621 1502 Wytten-

143 1522 261 1565 bach.
301 1519 350 1560 ad
387 1518 490 1559 Plut.
529 1517 574 1557 II.
606 1516 670 1558 96.
701 1517 744 1558 Β.
775 1517 905 1570 (655.)
936 1517 1151 1571 Δαμασίας
1188 1518 1229 1557 111
1258 1517 1422 1558 Lueian.
1452 1516 1619 1568 Lexiph.

146 1593 185 1637 ς,
217 1586 280 1629 12.
309 1595 439 1635 nuper
468 1583 694 1633 repositum
725 1594 799 1634 pro
825 1580 1050 1634 Λαμάσιος,
1080 1582 1266 1633 idemque
1286 1582 1423 1622 valent
1447 1577 1622 1631 Ἀλεξίας

149 1658 188 1694 et
213 1647 385 1699 Ἀλέξιος
415 1653 452 1689 et
482 1652 621 1687 cetera
648 1647 767 1698 hujus
792 1648 969 1700 generis,
1000 1659 1105 1699 quae
1127 1647 1384 1688 Grammatiei
1404 1649 1622 1698 conjuncte

148 1728 237 1759 cum
268 1713 482 1766 adjectivis
514 1717 760 1753 contexunt:
791 1708 817 1765 ἡ
847 1709 916 1753 διὰ
944 1713 1020 1753 τοῦ
1051 1704 1113 1760 {o}
1141 1708 1367 1766 παραγωγὴ
1396 1709 1509 1765 παρὰ
1535 1709 1624 1765 μέλ.-

147 1787 272 1824 λοντα
308 1775 504 1833 γενομένη
533 1778 672 1832 τρίτην
710 1774 791 1818 ἀπὸ
820 1774 960 1826 τέλους
988 1776 1064 1830 ἔχει
1090 1775 1166 1830 τὴν
1196 1774 1342 1828 ὀξεῖαν,
1378 1774 1621 1830 Ὀρθώσιος,

149 1846 358 1901 Αίνήσιος,
383 1840 619 1896 Ἀρκείσιος,
652 1840 866 1896 ἀνάρσιος,
898 1841 1084 1895 κτήσιος,
1116 1841 1246 1894 ἄξιος,
1278 1841 1489 1893 ἀσπάσιος,
1518 1846 1624 1884 θαυ·

148 1912 305 1969 μάσιος.
365 1907 578 1959 Ὀξύνεται
611 1906 654 1949 δὲ
691 1905 879 1960 ἀνεψιός,
923 1907 1050 1959 δεξιός
1086 1910 1172 1950 ΕΜ.
1206 1910 1296 1963 156,
1326 1910 1362 1951 G.
1428 1910 1502 1950 Hic
1539 1910 1622 1961 pri-

148 1992 256 2022 mum
297 1975 619 2018 animadvertere
657 1975 754 2015 libet
795 1975 1111 2027 adjectivorum,
1151 1986 1256 2028 quae
1295 1975 1344 2016 ab
1376 1975 1553 2027 antiquis
1582 1975 1624 2016 in

151 2053 403 2087 communem
433 2052 549 2081 usum
575 2045 741 2092 recepta
765 2045 872 2091 sunt,
904 2042 1171 2092 paueitate1n3
1201 2052 1293 2081 nam
1313 2044 1477 2092 praeter
1497 2035 1624 2080 ἀσπά-

151 2120 257 2159 σιος,
310 2105 443 2157 ἄξιος,
490 2103 635 2156 δεξιός,
687 2106 821 2146 01111113
869 2110 937 2146 3111
976 2105 1267 2156 andronymiea
1303 2108 1398 2145 sunt
1437 2101 1625 2154 Αἰδέσιος

152 2176 311 2227 (omiss.
348 2174 389 2213 in
427 2172 516 2224 Th.)
555 2184 591 2211 v.
632 2171 917 2222 Wyttenbaeh.
963 2171 1012 2210 ad
1052 2171 1207 2221 Eunap.
1246 2181 1284 2221 p.
1326 2169 1390 2210 69.
1426 2168 1625 2219 Εἰκάσιος

154 2240 333 2295 (omiss.)
360 2238 480 2278 Paus.
510 2237 572 2277 VI.
607 2235 669 2288 17,
690 2235 726 2277 3.
750 2234 955 2286 Γελάσιος,
979 2232 1151 2281 Ἱλάσιος
1182 2238 1258 2275 ete.
1297 2238 1365 2274 aut
1386 2234 1553 2276 deorum
1584 2240 1624 2277 et

154 2308 380 2348 divinorum
399 2302 639 2344 solemnium
659 2296 886 2352 ἆλαλάξιος,
910 2297 1079 2353 ἀκέσιος,
1104 2296 1304 2352 γενέσιος,
1336 2296 1514 2352 ἐλάσιος,
1555 2316 1625 2342 κα-

152 2368 339 2424 θάρσιος,
360 2367 531 2414 κλείσιος
552 2366 753 2418 (Clusius)
776 2364 927 2416 λύσιος,
947 2362 1165 2418 ὀρθώσιος,
1186 2361 1340 2417 ῥύσιος,
1358 2363 1518 2420 φύξιος,
1547 2382 1626 2420 φα-

152 2434 275 2489 γήσια
310 2439 350 2475 et
388 2434 586 2474 comicum
622 2431 901 2483 perbibeffla‚0
938 2436 1007 2472 aut
1037 2435 1229 2472 auctores
1264 2431 1446 2471 novitios
1475 2431 1627 2473 habent

154 2499 335 2555 αἰτήσιος
370 2495 392 2539 ὁ
421 2497 547 2539 αἰτῶν
578 2496 688 2539 Suid.
721 2492 931 2549 ἓορτάσιος
969 2495 1136 2547 Gregor.
1167 2495 1267 2536 Naz.
1297 2492 1470 2544 τελέσιος
1497 2493 1627 2550 ἡμέρα

241 2651 278 2693 6)
305 2649 444 2687 Φύξιον
471 2651 571 2693 ἴχνος
596 2649 706 2684 Nonn.
734 2647 818 2682 XIV.
840 2647 915 2682 322.
936 2649 970 2682 et
988 2647 1055 2682 alia
1071 2649 1212 2691 poetice
1237 2650 1400 2692 usurpata
1419 2649 1624 2684 sententiam

154 2715 219 2739 non
241 2706 460 2739 labefactant.
