<?xml version="1.0" encoding="UTF-8"?>
<!DOCTYPE html PUBLIC "-//W3C//DTD XHTML 1.0 Transitional//EN"
    "http://www.w3.org/TR/xhtml1/DTD/xhtml1-transitional.dtd">
<html xmlns="http://www.w3.org/1999/xhtml" xml:lang="en" lang="en">
 <head>
  <title>
</title>
<meta http-equiv="Content-Type" content="text/html;charset=utf-8" />
  <meta name='ocr-system' content='tesseract 3.04.00' />
  <meta name='ocr-capabilities' content='ocr_page ocr_carea ocr_par ocr_line ocrx_word'/>
</head>
<body>
  <div class='ocr_page' id='page_1' title='image "./pathologiaesermo00lobeuoft_0208.png"; bbox 0 0 1731 3021; ppageno 0'>
   <div class='ocr_carea' id='block_1_1' title="bbox 138 157 1156 203">
    <p class='ocr_par' dir='ltr' id='par_1_1' title="bbox 138 157 1156 203">
     <span class='ocr_line' id='line_1_1' title="bbox 138 157 1156 203; baseline 0.001 -3"><span class='ocrx_word' id='word_1_1' title='bbox 138 159 225 202; x_wconf 79' lang='lat'>190</span> <span class='ocrx_word' id='word_1_2' title='bbox 606 157 1043 203; x_wconf 87' lang='lat' dir='ltr'>DISSERTATIO</span> <span class='ocrx_word' id='word_1_3' title='bbox 1094 160 1156 202; x_wconf 91' lang='lat' dir='ltr'>IV.</span> 
     </span>
    </p>
   </div>
   <div class='ocr_carea' id='block_1_2' title="bbox 122 264 1614 2300">
    <p class='ocr_par' dir='ltr' id='par_1_2' title="bbox 122 264 1614 2300">
     <span class='ocr_line' id='line_1_2' title="bbox 135 264 1614 326; baseline 0.003 -17"><span class='ocrx_word' id='word_1_4' title='bbox 135 264 329 322; x_wconf 78' lang='grc' dir='ltr'><strong><em>κτητικὸν</em></strong></span> <span class='ocrx_word' id='word_1_5' title='bbox 349 264 501 322; x_wconf 81' lang='grc' dir='ltr'><em>ὁμοίως</em></span> <span class='ocrx_word' id='word_1_6' title='bbox 532 268 811 311; x_wconf 81' lang='lat' dir='ltr'>Choerobosc.</span> <span class='ocrx_word' id='word_1_7' title='bbox 843 270 973 310; x_wconf 83' lang='lat' dir='ltr'>Cram.</span> <span class='ocrx_word' id='word_1_8' title='bbox 997 270 1042 311; x_wconf 88' lang='lat' dir='ltr'>Il.</span> <span class='ocrx_word' id='word_1_9' title='bbox 1067 270 1155 313; x_wconf 77' lang='lat'><strong>179.</strong></span> <span class='ocrx_word' id='word_1_10' title='bbox 1176 271 1261 312; x_wconf 82' lang='lat' dir='ltr'>EM.</span> <span class='ocrx_word' id='word_1_11' title='bbox 1284 271 1381 314; x_wconf 88' lang='lat' dir='ltr'><strong>Gud.</strong></span> <span class='ocrx_word' id='word_1_12' title='bbox 1405 284 1443 325; x_wconf 88' lang='lat' dir='ltr'>p.</span> <span class='ocrx_word' id='word_1_13' title='bbox 1465 271 1531 326; x_wconf 86' lang='lat'>20,</span> <span class='ocrx_word' id='word_1_14' title='bbox 1550 273 1614 314; x_wconf 89' lang='grc'>51.</span> 
     </span>
     <span class='ocr_line' id='line_1_3' title="bbox 137 335 1610 389; baseline 0.003 -14"><span class='ocrx_word' id='word_1_15' title='bbox 137 335 213 376; x_wconf 84' lang='lat' dir='ltr'>Ubi</span> <span class='ocrx_word' id='word_1_16' title='bbox 231 346 330 376; x_wconf 88' lang='lat' dir='ltr'>vero</span> <span class='ocrx_word' id='word_1_17' title='bbox 353 346 441 376; x_wconf 88' lang='lat' dir='ltr'>cum</span> <span class='ocrx_word' id='word_1_18' title='bbox 462 341 635 377; x_wconf 88' lang='lat' dir='ltr'>accentu</span> <span class='ocrx_word' id='word_1_19' title='bbox 660 338 840 377; x_wconf 87' lang='lat' dir='ltr'>variatur</span> <span class='ocrx_word' id='word_1_20' title='bbox 869 336 1086 389; x_wconf 84' lang='lat' dir='ltr'>scriptura,</span> <span class='ocrx_word' id='word_1_21' title='bbox 1116 347 1184 377; x_wconf 88' lang='lat' dir='ltr'>res</span> <span class='ocrx_word' id='word_1_22' title='bbox 1215 338 1299 378; x_wconf 90' lang='lat' dir='ltr'>fere</span> <span class='ocrx_word' id='word_1_23' title='bbox 1319 338 1369 379; x_wconf 87' lang='lat' dir='ltr'>ad</span> <span class='ocrx_word' id='word_1_24' title='bbox 1390 339 1520 380; x_wconf 90' lang='lat' dir='ltr'>aleam</span> <span class='ocrx_word' id='word_1_25' title='bbox 1544 350 1610 380; x_wconf 90' lang='lat' dir='ltr'>re-</span> 
     </span>
     <span class='ocr_line' id='line_1_4' title="bbox 137 400 1606 455; baseline 0.002 -13"><span class='ocrx_word' id='word_1_26' title='bbox 137 401 213 455; x_wconf 86' lang='lat' dir='ltr'>dit,</span> <span class='ocrx_word' id='word_1_27' title='bbox 252 402 378 442; x_wconf 89' lang='lat' dir='ltr'>veluti</span> <span class='ocrx_word' id='word_1_28' title='bbox 417 412 511 442; x_wconf 90' lang='lat' dir='ltr'>num</span> <span class='ocrx_word' id='word_1_29' title='bbox 551 402 736 454; x_wconf 78' lang='lat' dir='ltr'>frigidum</span> <span class='ocrx_word' id='word_1_30' title='bbox 768 405 807 442; x_wconf 88' lang='lat' dir='ltr'>et</span> <span class='ocrx_word' id='word_1_31' title='bbox 839 402 1048 453; x_wconf 84' lang='lat' dir='ltr'>perflabile</span> <span class='ocrx_word' id='word_1_32' title='bbox 1078 400 1276 455; x_wconf 79' lang='grc' dir='ltr'><em>ψυχεινόν</em></span> <span class='ocrx_word' id='word_1_33' title='bbox 1306 403 1519 445; x_wconf 80' lang='lat' dir='ltr'>(licendum</span> <span class='ocrx_word' id='word_1_34' title='bbox 1558 405 1606 445; x_wconf 87' lang='lat' dir='ltr'>sil</span> 
     </span>
     <span class='ocr_line' id='line_1_5' title="bbox 135 463 1614 522; baseline 0.001 -14"><span class='ocrx_word' id='word_1_35' title='bbox 135 472 179 508; x_wconf 85' lang='lat' dir='ltr'>ut</span> <span class='ocrx_word' id='word_1_36' title='bbox 227 463 407 508; x_wconf 68' lang='grc' dir='ltr'><em>ἀλεεινόν</em></span> <span class='ocrx_word' id='word_1_37' title='bbox 443 479 493 507; x_wconf 87' lang='lat' dir='ltr'>an</span> <span class='ocrx_word' id='word_1_38' title='bbox 528 465 706 520; x_wconf 75' lang='grc' dir='ltr'><em>ψύχινου</em></span> <span class='ocrx_word' id='word_1_39' title='bbox 740 472 783 508; x_wconf 92' lang='lat' dir='ltr'>ut</span> <span class='ocrx_word' id='word_1_40' title='bbox 812 468 1007 516; x_wconf 73' lang='grc' dir='ltr'>αἴθιυον,</span> <span class='ocrx_word' id='word_1_41' title='bbox 1050 469 1090 508; x_wconf 90' lang='lat' dir='ltr'>in</span> <span class='ocrx_word' id='word_1_42' title='bbox 1129 469 1276 521; x_wconf 87' lang='lat' dir='ltr'>quibus</span> <span class='ocrx_word' id='word_1_43' title='bbox 1317 470 1408 510; x_wconf 88' lang='lat' dir='ltr'>libri</span> <span class='ocrx_word' id='word_1_44' title='bbox 1446 471 1614 522; x_wconf 88' lang='lat' dir='ltr'>saepis—</span> 
     </span>
     <span class='ocr_line' id='line_1_6' title="bbox 135 533 1612 587; baseline 0.002 -14"><span class='ocrx_word' id='word_1_45' title='bbox 135 534 237 574; x_wconf 84' lang='lat' dir='ltr'>sime</span> <span class='ocrx_word' id='word_1_46' title='bbox 269 533 528 586; x_wconf 79' lang='lat' dir='ltr'>discordant,</span> <span class='ocrx_word' id='word_1_47' title='bbox 568 535 740 576; x_wconf 82' lang='lat' dir='ltr'>Aristot.</span> <span class='ocrx_word' id='word_1_48' title='bbox 772 534 907 575; x_wconf 82' lang='lat' dir='ltr'><strong>Probl.</strong></span> <span class='ocrx_word' id='word_1_49' title='bbox 936 534 1091 575; x_wconf 85' lang='lat' dir='ltr'><strong>XXXV.</strong></span> <span class='ocrx_word' id='word_1_50' title='bbox 1112 535 1149 575; x_wconf 72' lang='lat'>4.</span> <span class='ocrx_word' id='word_1_51' title='bbox 1183 535 1384 587; x_wconf 87' lang='lat' dir='ltr'>Theophr.</span> <span class='ocrx_word' id='word_1_52' title='bbox 1406 536 1526 577; x_wconf 89' lang='lat' dir='ltr'>Caus.</span> <span class='ocrx_word' id='word_1_53' title='bbox 1550 535 1612 577; x_wconf 87' lang='lat' dir='ltr'><strong>Ill.</strong></span> 
     </span>
     <span class='ocr_line' id='line_1_7' title="bbox 134 599 1611 654; baseline 0.003 -15"><span class='ocrx_word' id='word_1_54' title='bbox 134 599 173 640; x_wconf 88' lang='grc'>4.</span> <span class='ocrx_word' id='word_1_55' title='bbox 201 599 368 640; x_wconf 89' lang='lat' dir='ltr'>Aristid.</span> <span class='ocrx_word' id='word_1_56' title='bbox 409 599 475 641; x_wconf 90' lang='lat' dir='ltr'><strong>Or.</strong></span> <span class='ocrx_word' id='word_1_57' title='bbox 514 600 670 640; x_wconf 86' lang='lat' dir='ltr'>XXVII.</span> <span class='ocrx_word' id='word_1_58' title='bbox 702 599 794 642; x_wconf 70' lang='lat'><strong>347.</strong></span> <span class='ocrx_word' id='word_1_59' title='bbox 824 613 860 641; x_wconf 85' lang='lat' dir='ltr'>v.</span> <span class='ocrx_word' id='word_1_60' title='bbox 901 602 1095 642; x_wconf 88' lang='lat' dir='ltr'>Boisson.</span> <span class='ocrx_word' id='word_1_61' title='bbox 1127 601 1177 642; x_wconf 82' lang='lat' dir='ltr'>ad</span> <span class='ocrx_word' id='word_1_62' title='bbox 1216 602 1421 642; x_wconf 87' lang='lat' dir='ltr'>Aristaen.</span> <span class='ocrx_word' id='word_1_63' title='bbox 1452 613 1489 654; x_wconf 92' lang='lat' dir='ltr'>p.</span> <span class='ocrx_word' id='word_1_64' title='bbox 1520 601 1611 643; x_wconf 90' lang='lat'><strong>273.</strong></span> 
     </span>
     <span class='ocr_line' id='line_1_8' title="bbox 134 662 1611 720; baseline 0.001 -15"><span class='ocrx_word' id='word_1_65' title='bbox 134 666 202 706; x_wconf 90' lang='lat' dir='ltr'>ubi</span> <span class='ocrx_word' id='word_1_66' title='bbox 231 662 405 718; x_wconf 76' lang='grc' dir='ltr'><em>ψυχινός</em></span> <span class='ocrx_word' id='word_1_67' title='bbox 433 665 689 717; x_wconf 74' lang='lat' dir='ltr'>redarguitur</span> <span class='ocrx_word' id='word_1_68' title='bbox 720 670 892 706; x_wconf 84' lang='lat' dir='ltr'>accentu</span> <span class='ocrx_word' id='word_1_69' title='bbox 935 670 978 706; x_wconf 90' lang='lat' dir='ltr'>ut</span> <span class='ocrx_word' id='word_1_70' title='bbox 1007 663 1216 707; x_wconf 79' lang='grc' dir='ltr'><em>θαλπινόν</em></span> <span class='ocrx_word' id='word_1_71' title='bbox 1255 668 1351 708; x_wconf 90' lang='lat' dir='ltr'>Hes.</span> <span class='ocrx_word' id='word_1_72' title='bbox 1385 679 1418 708; x_wconf 92' lang='lat' dir='ltr'>s.</span> <span class='ocrx_word' id='word_1_73' title='bbox 1445 664 1611 720; x_wconf 81' lang='grc' dir='ltr'>Ἰάχεον,</span> 
     </span>
     <span class='ocr_line' id='line_1_9' title="bbox 133 728 1612 784; baseline 0.001 -13"><span class='ocrx_word' id='word_1_74' title='bbox 133 741 208 784; x_wconf 88' lang='lat' dir='ltr'>pro</span> <span class='ocrx_word' id='word_1_75' title='bbox 241 743 320 783; x_wconf 86' lang='lat' dir='ltr'>quo</span> <span class='ocrx_word' id='word_1_76' title='bbox 353 732 393 771; x_wconf 92' lang='lat' dir='ltr'>in</span> <span class='ocrx_word' id='word_1_77' title='bbox 422 732 507 772; x_wconf 91' lang='lat' dir='ltr'>EM.</span> <span class='ocrx_word' id='word_1_78' title='bbox 539 744 571 772; x_wconf 92' lang='lat' dir='ltr'>s.</span> <span class='ocrx_word' id='word_1_79' title='bbox 601 728 756 784; x_wconf 83' lang='grc' dir='ltr'><em>Ἰσχνόν</em></span> <span class='ocrx_word' id='word_1_80' title='bbox 788 728 968 783; x_wconf 81' lang='grc' dir='ltr'><em>(ἰαχνόν)</em></span> <span class='ocrx_word' id='word_1_81' title='bbox 1002 732 1255 772; x_wconf 80' lang='lat' dir='ltr'>emendatius</span> <span class='ocrx_word' id='word_1_82' title='bbox 1282 733 1475 773; x_wconf 76' lang='lat' dir='ltr'>scribitur</span> <span class='ocrx_word' id='word_1_83' title='bbox 1502 734 1612 773; x_wconf 80' lang='grc' dir='ltr'><em>θαλ-</em></span> 
     </span>
     <span class='ocr_line' id='line_1_10' title="bbox 132 793 1612 850; baseline 0.003 -14"><span class='ocrx_word' id='word_1_84' title='bbox 132 793 286 838; x_wconf 79' lang='grc' dir='ltr'><strong>πεινόν.</strong></span> <span class='ocrx_word' id='word_1_85' title='bbox 346 796 428 838; x_wconf 88' lang='lat' dir='ltr'>Sed</span> <span class='ocrx_word' id='word_1_86' title='bbox 457 794 650 849; x_wconf 76' lang='grc' dir='ltr'><em>ταχεινός,</em></span> <span class='ocrx_word' id='word_1_87' title='bbox 682 796 792 848; x_wconf 91' lang='lat' dir='ltr'>quod</span> <span class='ocrx_word' id='word_1_88' title='bbox 821 797 1119 848; x_wconf 87' lang='lat' dir='ltr'>Moschopulus</span> <span class='ocrx_word' id='word_1_89' title='bbox 1148 798 1190 837; x_wconf 89' lang='lat' dir='ltr'>in</span> <span class='ocrx_word' id='word_1_90' title='bbox 1220 798 1456 850; x_wconf 83' lang='lat' dir='ltr'>paronymis</span> <span class='ocrx_word' id='word_1_91' title='bbox 1486 800 1612 840; x_wconf 79' lang='lat' dir='ltr'>refert</span> 
     </span>
     <span class='ocr_line' id='line_1_11' title="bbox 134 862 1611 918; baseline 0.003 -15"><span class='ocrx_word' id='word_1_92' title='bbox 134 867 174 903; x_wconf 89' lang='lat' dir='ltr'>et</span> <span class='ocrx_word' id='word_1_93' title='bbox 213 862 361 903; x_wconf 89' lang='lat' dir='ltr'>Suidas</span> <span class='ocrx_word' id='word_1_94' title='bbox 404 874 567 914; x_wconf 87' lang='lat' dir='ltr'>quoque</span> <span class='ocrx_word' id='word_1_95' title='bbox 597 862 774 914; x_wconf 89' lang='lat' dir='ltr'>recepit,</span> <span class='ocrx_word' id='word_1_96' title='bbox 813 873 896 902; x_wconf 88' lang='lat' dir='ltr'>non</span> <span class='ocrx_word' id='word_1_97' title='bbox 927 863 1018 915; x_wconf 89' lang='lat' dir='ltr'>plus</span> <span class='ocrx_word' id='word_1_98' title='bbox 1050 864 1311 904; x_wconf 81' lang='lat' dir='ltr'>auctoritatis</span> <span class='ocrx_word' id='word_1_99' title='bbox 1339 865 1462 905; x_wconf 86' lang='lat' dir='ltr'>habet</span> <span class='ocrx_word' id='word_1_100' title='bbox 1492 877 1611 918; x_wconf 89' lang='lat' dir='ltr'>quam</span> 
     </span>
     <span class='ocr_line' id='line_1_12' title="bbox 131 925 1608 984; baseline 0.003 -16"><span class='ocrx_word' id='word_1_101' title='bbox 131 925 339 981; x_wconf 77' lang='grc' dir='ltr'><em>τραχεινός</em></span> <span class='ocrx_word' id='word_1_102' title='bbox 367 928 481 968; x_wconf 82' lang='lat' dir='ltr'>Eust.</span> <span class='ocrx_word' id='word_1_103' title='bbox 512 928 604 981; x_wconf 77' lang='grc'>541,</span> <span class='ocrx_word' id='word_1_104' title='bbox 634 927 698 969; x_wconf 87' lang='grc'>30.</span> <span class='ocrx_word' id='word_1_105' title='bbox 733 928 783 968; x_wconf 86' lang='lat' dir='ltr'>ab</span> <span class='ocrx_word' id='word_1_106' title='bbox 816 927 959 968; x_wconf 86' lang='lat' dir='ltr'>eodem</span> <span class='ocrx_word' id='word_1_107' title='bbox 993 928 1119 969; x_wconf 89' lang='lat' dir='ltr'>Suida</span> <span class='ocrx_word' id='word_1_108' title='bbox 1149 934 1187 970; x_wconf 91' lang='lat' dir='ltr'>et</span> <span class='ocrx_word' id='word_1_109' title='bbox 1214 929 1448 971; x_wconf 85' lang='lat' dir='ltr'>Herodiano</span> <span class='ocrx_word' id='word_1_110' title='bbox 1478 931 1608 984; x_wconf 87' lang='lat' dir='ltr'>Epim.</span> 
     </span>
     <span class='ocr_line' id='line_1_13' title="bbox 134 989 1609 1049; baseline 0.002 -13"><span class='ocrx_word' id='word_1_111' title='bbox 134 995 223 1036; x_wconf 78' lang='lat'><strong>175.</strong></span> <span class='ocrx_word' id='word_1_112' title='bbox 262 998 531 1035; x_wconf 87' lang='lat' dir='ltr'>memoratum</span> <span class='ocrx_word' id='word_1_113' title='bbox 573 999 613 1035; x_wconf 88' lang='lat' dir='ltr'>et</span> <span class='ocrx_word' id='word_1_114' title='bbox 648 991 785 1046; x_wconf 77' lang='grc' dir='ltr'><em>ὄμφαξ</em></span> <span class='ocrx_word' id='word_1_115' title='bbox 814 990 860 1034; x_wconf 85' lang='grc' dir='ltr'>τὸ</span> <span class='ocrx_word' id='word_1_116' title='bbox 891 989 1049 1043; x_wconf 76' lang='grc' dir='ltr'><em>ὀξεινόν</em></span> <span class='ocrx_word' id='word_1_117' title='bbox 1077 995 1163 1035; x_wconf 85' lang='grc' dir='ltr'>ΕΜ.</span> <span class='ocrx_word' id='word_1_118' title='bbox 1208 1007 1281 1047; x_wconf 89' lang='lat' dir='ltr'>pro</span> <span class='ocrx_word' id='word_1_119' title='bbox 1323 1008 1402 1049; x_wconf 91' lang='lat' dir='ltr'>quo</span> <span class='ocrx_word' id='word_1_120' title='bbox 1434 998 1609 1048; x_wconf 78' lang='lat' dir='ltr'>Hesych.</span> 
     </span>
     <span class='ocr_line' id='line_1_14' title="bbox 131 1057 1611 1114; baseline 0.003 -14"><span class='ocrx_word' id='word_1_121' title='bbox 131 1061 285 1101; x_wconf 89' lang='lat' dir='ltr'>rectius</span> <span class='ocrx_word' id='word_1_122' title='bbox 327 1057 486 1110; x_wconf 76' lang='grc' dir='ltr'>ὅξινον,</span> <span class='ocrx_word' id='word_1_123' title='bbox 528 1071 604 1100; x_wconf 88' lang='lat' dir='ltr'>nec</span> <span class='ocrx_word' id='word_1_124' title='bbox 644 1061 731 1101; x_wconf 90' lang='lat' dir='ltr'>scio</span> <span class='ocrx_word' id='word_1_125' title='bbox 773 1061 841 1100; x_wconf 84' lang='lat' dir='ltr'>ubi</span> <span class='ocrx_word' id='word_1_126' title='bbox 878 1057 1065 1113; x_wconf 72' lang='grc' dir='ltr'>βαρεινός</span> <span class='ocrx_word' id='word_1_127' title='bbox 1102 1062 1332 1102; x_wconf 81' lang='lat' dir='ltr'>inveniatur</span> <span class='ocrx_word' id='word_1_128' title='bbox 1372 1074 1452 1114; x_wconf 89' lang='lat' dir='ltr'>quo</span> <span class='ocrx_word' id='word_1_129' title='bbox 1485 1064 1611 1104; x_wconf 84' lang='lat' dir='ltr'>utitur</span> 
     </span>
     <span class='ocr_line' id='line_1_15' title="bbox 133 1124 1609 1179; baseline 0.003 -14"><span class='ocrx_word' id='word_1_130' title='bbox 133 1125 351 1177; x_wconf 83' lang='lat' dir='ltr'>Goettling.</span> <span class='ocrx_word' id='word_1_131' title='bbox 392 1125 440 1167; x_wconf 91' lang='lat' dir='ltr'>de</span> <span class='ocrx_word' id='word_1_132' title='bbox 479 1127 576 1166; x_wconf 79' lang='lat' dir='ltr'><strong>Acc.</strong></span> <span class='ocrx_word' id='word_1_133' title='bbox 607 1125 699 1167; x_wconf 87' lang='lat'>303.</span> <span class='ocrx_word' id='word_1_134' title='bbox 765 1127 844 1167; x_wconf 92' lang='lat' dir='ltr'>Pro</span> <span class='ocrx_word' id='word_1_135' title='bbox 879 1124 1062 1179; x_wconf 75' lang='grc' dir='ltr'><em>φωτινός</em></span> <span class='ocrx_word' id='word_1_136' title='bbox 1089 1127 1232 1167; x_wconf 86' lang='lat' dir='ltr'>Jambl.</span> <span class='ocrx_word' id='word_1_137' title='bbox 1265 1127 1314 1167; x_wconf 86' lang='lat' dir='ltr'>de</span> <span class='ocrx_word' id='word_1_138' title='bbox 1343 1128 1464 1178; x_wconf 81' lang='lat' dir='ltr'><strong>Myst.</strong></span> <span class='ocrx_word' id='word_1_139' title='bbox 1496 1129 1542 1170; x_wconf 92' lang='lat' dir='ltr'>II.</span> <span class='ocrx_word' id='word_1_140' title='bbox 1571 1129 1609 1170; x_wconf 84' lang='lat'>4.</span> 
     </span>
     <span class='ocr_line' id='line_1_16' title="bbox 131 1191 1611 1245; baseline 0.002 -13"><span class='ocrx_word' id='word_1_141' title='bbox 131 1203 168 1243; x_wconf 91' lang='lat' dir='ltr'>p.</span> <span class='ocrx_word' id='word_1_142' title='bbox 198 1191 278 1245; x_wconf 79' lang='lat'>45,</span> <span class='ocrx_word' id='word_1_143' title='bbox 317 1192 381 1235; x_wconf 79' lang='lat'>49.</span> <span class='ocrx_word' id='word_1_144' title='bbox 422 1196 462 1233; x_wconf 85' lang='lat' dir='ltr'>et</span> <span class='ocrx_word' id='word_1_145' title='bbox 509 1193 654 1233; x_wconf 89' lang='lat' dir='ltr'>Soran.</span> <span class='ocrx_word' id='word_1_146' title='bbox 688 1192 782 1233; x_wconf 87' lang='lat' dir='ltr'><strong>Mul.</strong></span> <span class='ocrx_word' id='word_1_147' title='bbox 822 1205 859 1245; x_wconf 87' lang='lat' dir='ltr'>p.</span> <span class='ocrx_word' id='word_1_148' title='bbox 890 1191 982 1234; x_wconf 85' lang='lat'><strong>219.</strong></span> <span class='ocrx_word' id='word_1_149' title='bbox 1038 1192 1253 1233; x_wconf 87' lang='lat' dir='ltr'>Florianus</span> <span class='ocrx_word' id='word_1_150' title='bbox 1292 1193 1460 1234; x_wconf 87' lang='lat' dir='ltr'>Lobeck</span> <span class='ocrx_word' id='word_1_151' title='bbox 1496 1199 1611 1235; x_wconf 90' lang='lat' dir='ltr'>recte</span> 
     </span>
     <span class='ocr_line' id='line_1_17' title="bbox 130 1254 1608 1310; baseline 0.003 -12"><span class='ocrx_word' id='word_1_152' title='bbox 130 1258 299 1309; x_wconf 81' lang='lat' dir='ltr'>scripsit</span> <span class='ocrx_word' id='word_1_153' title='bbox 337 1254 548 1310; x_wconf 78' lang='grc' dir='ltr'><strong>φωτεινός.</strong></span> <span class='ocrx_word' id='word_1_154' title='bbox 606 1258 787 1298; x_wconf 83' lang='lat' dir='ltr'>Duorum</span> <span class='ocrx_word' id='word_1_155' title='bbox 818 1270 924 1310; x_wconf 88' lang='lat' dir='ltr'>quae</span> <span class='ocrx_word' id='word_1_156' title='bbox 954 1258 1252 1310; x_wconf 91' lang='lat' dir='ltr'>Moschopulus</span> <span class='ocrx_word' id='word_1_157' title='bbox 1281 1270 1304 1299; x_wconf 91' lang='lat' dir='ltr'>a</span> <span class='ocrx_word' id='word_1_158' title='bbox 1336 1260 1537 1302; x_wconf 87' lang='lat' dir='ltr'>femininis</span> <span class='ocrx_word' id='word_1_159' title='bbox 1567 1261 1608 1301; x_wconf 91' lang='lat' dir='ltr'>in</span> 
     </span>
     <span class='ocr_line' id='line_1_18' title="bbox 129 1317 1608 1378; baseline 0.003 -16"><span class='ocrx_word' id='word_1_160' title='bbox 129 1317 157 1362; x_wconf 79' lang='grc' dir='ltr'><em>ἆ</em></span> <span class='ocrx_word' id='word_1_161' title='bbox 186 1324 428 1364; x_wconf 77' lang='lat' dir='ltr'>exeuntibus</span> <span class='ocrx_word' id='word_1_162' title='bbox 461 1324 642 1364; x_wconf 82' lang='lat' dir='ltr'>derivata</span> <span class='ocrx_word' id='word_1_163' title='bbox 674 1324 782 1377; x_wconf 88' lang='lat' dir='ltr'>dicit,</span> <span class='ocrx_word' id='word_1_164' title='bbox 814 1324 921 1376; x_wconf 88' lang='lat' dir='ltr'>apud</span> <span class='ocrx_word' id='word_1_165' title='bbox 952 1325 1210 1376; x_wconf 87' lang='lat' dir='ltr'>posteriores</span> <span class='ocrx_word' id='word_1_166' title='bbox 1241 1325 1454 1366; x_wconf 87' lang='lat' dir='ltr'>breviores</span> <span class='ocrx_word' id='word_1_167' title='bbox 1482 1337 1608 1378; x_wconf 92' lang='lat' dir='ltr'>repe-</span> 
     </span>
     <span class='ocr_line' id='line_1_19' title="bbox 128 1385 1608 1443; baseline 0.003 -14"><span class='ocrx_word' id='word_1_168' title='bbox 128 1390 286 1429; x_wconf 90' lang='lat' dir='ltr'>riuntur</span> <span class='ocrx_word' id='word_1_169' title='bbox 316 1391 470 1430; x_wconf 85' lang='lat' dir='ltr'>formae</span> <span class='ocrx_word' id='word_1_170' title='bbox 499 1385 661 1437; x_wconf 75' lang='grc' dir='ltr'><em>εὐδινός</em></span> <span class='ocrx_word' id='word_1_171' title='bbox 691 1394 731 1430; x_wconf 83' lang='lat' dir='ltr'>et</span> <span class='ocrx_word' id='word_1_172' title='bbox 761 1391 971 1442; x_wconf 85' lang='lat' dir='ltr'>proprium</span> <span class='ocrx_word' id='word_1_173' title='bbox 1000 1385 1166 1442; x_wconf 72' lang='lat' dir='ltr'>“wadg</span> <span class='ocrx_word' id='word_1_174' title='bbox 1201 1391 1243 1431; x_wconf 89' lang='lat' dir='ltr'>in</span> <span class='ocrx_word' id='word_1_175' title='bbox 1274 1390 1395 1443; x_wconf 88' lang='lat' dir='ltr'><strong>Corp.</strong></span> <span class='ocrx_word' id='word_1_176' title='bbox 1424 1391 1550 1433; x_wconf 90' lang='lat' dir='ltr'>Inscr.</span> <span class='ocrx_word' id='word_1_177' title='bbox 1580 1392 1608 1433; x_wconf 95' lang='lat' dir='ltr'>I.</span> 
     </span>
     <span class='ocr_line' id='line_1_20' title="bbox 129 1454 1608 1510; baseline 0.001 -14"><span class='ocrx_word' id='word_1_178' title='bbox 129 1454 221 1496; x_wconf 91' lang='lat'><strong>270.</strong></span> <span class='ocrx_word' id='word_1_179' title='bbox 253 1467 290 1507; x_wconf 90' lang='lat' dir='ltr'>p.</span> <span class='ocrx_word' id='word_1_180' title='bbox 319 1454 412 1497; x_wconf 77' lang='lat'><strong>375.</strong></span> <span class='ocrx_word' id='word_1_181' title='bbox 444 1460 483 1496; x_wconf 92' lang='lat' dir='ltr'>et</span> <span class='ocrx_word' id='word_1_182' title='bbox 514 1456 605 1497; x_wconf 86' lang='lat' dir='ltr'>aliis</span> <span class='ocrx_word' id='word_1_183' title='bbox 635 1456 761 1510; x_wconf 90' lang='lat' dir='ltr'>locis,</span> <span class='ocrx_word' id='word_1_184' title='bbox 792 1461 1028 1509; x_wconf 90' lang='lat' dir='ltr'>utrumque,</span> <span class='ocrx_word' id='word_1_185' title='bbox 1058 1457 1137 1497; x_wconf 86' lang='lat' dir='ltr'>nisi</span> <span class='ocrx_word' id='word_1_186' title='bbox 1169 1468 1283 1510; x_wconf 90' lang='lat' dir='ltr'>erro,</span> <span class='ocrx_word' id='word_1_187' title='bbox 1323 1458 1608 1498; x_wconf 87' lang='lat' dir='ltr'>contractione</span> 
     </span>
     <span class='ocr_line' id='line_1_21' title="bbox 128 1520 1607 1575; baseline 0.003 -15"><span class='ocrx_word' id='word_1_188' title='bbox 128 1520 315 1561; x_wconf 81' lang='lat' dir='ltr'>affectum</span> <span class='ocrx_word' id='word_1_189' title='bbox 344 1521 549 1574; x_wconf 80' lang='lat' dir='ltr'>longaque</span> <span class='ocrx_word' id='word_1_190' title='bbox 580 1522 824 1574; x_wconf 81' lang='lat' dir='ltr'>penultima3</span> <span class='ocrx_word' id='word_1_191' title='bbox 854 1533 1097 1574; x_wconf 86' lang='lat' dir='ltr'>quamquam</span> <span class='ocrx_word' id='word_1_192' title='bbox 1124 1522 1383 1563; x_wconf 86' lang='lat' dir='ltr'>Grammatici</span> <span class='ocrx_word' id='word_1_193' title='bbox 1414 1524 1481 1575; x_wconf 92' lang='lat' dir='ltr'>qui</span> <span class='ocrx_word' id='word_1_194' title='bbox 1508 1523 1607 1565; x_wconf 91' lang='lat' dir='ltr'>illud</span> 
     </span>
     <span class='ocr_line' id='line_1_22' title="bbox 126 1586 1608 1641; baseline 0.003 -16"><span class='ocrx_word' id='word_1_195' title='bbox 126 1586 233 1626; x_wconf 89' lang='lat' dir='ltr'>inter</span> <span class='ocrx_word' id='word_1_196' title='bbox 263 1587 506 1638; x_wconf 86' lang='lat' dir='ltr'>temporalia</span> <span class='ocrx_word' id='word_1_197' title='bbox 536 1588 784 1641; x_wconf 86' lang='lat' dir='ltr'>retulerunt,</span> <span class='ocrx_word' id='word_1_198' title='bbox 823 1599 905 1628; x_wconf 89' lang='lat' dir='ltr'>non</span> <span class='ocrx_word' id='word_1_199' title='bbox 942 1589 1060 1629; x_wconf 86' lang='lat' dir='ltr'>aliter</span> <span class='ocrx_word' id='word_1_200' title='bbox 1090 1589 1390 1641; x_wconf 88' lang='lat' dir='ltr'>pronunciasse</span> <span class='ocrx_word' id='word_1_201' title='bbox 1420 1589 1608 1630; x_wconf 87' lang='lat' dir='ltr'>videntur</span> 
     </span>
     <span class='ocr_line' id='line_1_23' title="bbox 128 1649 1608 1708; baseline 0.003 -17"><span class='ocrx_word' id='word_1_202' title='bbox 128 1662 248 1703; x_wconf 87' lang='lat' dir='ltr'>quam</span> <span class='ocrx_word' id='word_1_203' title='bbox 285 1649 462 1704; x_wconf 74' lang='grc' dir='ltr'>θερινός.</span> <span class='ocrx_word' id='word_1_204' title='bbox 522 1653 604 1694; x_wconf 90' lang='lat' dir='ltr'>Sed</span> <span class='ocrx_word' id='word_1_205' title='bbox 647 1654 756 1705; x_wconf 86' lang='lat' dir='ltr'>quod</span> <span class='ocrx_word' id='word_1_206' title='bbox 793 1651 970 1701; x_wconf 80' lang='grc' dir='ltr'><em>ποθινός</em></span> <span class='ocrx_word' id='word_1_207' title='bbox 1006 1655 1047 1694; x_wconf 90' lang='lat' dir='ltr'>in</span> <span class='ocrx_word' id='word_1_208' title='bbox 1076 1655 1197 1695; x_wconf 85' lang='lat' dir='ltr'><strong>Anth.</strong></span> <span class='ocrx_word' id='word_1_209' title='bbox 1237 1654 1385 1706; x_wconf 83' lang='lat' dir='ltr'>legitur</span> <span class='ocrx_word' id='word_1_210' title='bbox 1415 1659 1608 1708; x_wconf 88' lang='lat' dir='ltr'>correpta</span> 
     </span>
     <span class='ocr_line' id='line_1_24' title="bbox 127 1717 1606 1772; baseline 0.003 -15"><span class='ocrx_word' id='word_1_211' title='bbox 127 1717 282 1771; x_wconf 90' lang='lat' dir='ltr'>media,</span> <span class='ocrx_word' id='word_1_212' title='bbox 324 1719 514 1770; x_wconf 88' lang='lat' dir='ltr'>poeticae</span> <span class='ocrx_word' id='word_1_213' title='bbox 543 1718 822 1770; x_wconf 87' lang='lat' dir='ltr'>imputandum</span> <span class='ocrx_word' id='word_1_214' title='bbox 854 1723 918 1761; x_wconf 88' lang='lat' dir='ltr'>est</span> <span class='ocrx_word' id='word_1_215' title='bbox 950 1720 1152 1761; x_wconf 83' lang='lat' dir='ltr'>licentiae.</span> <span class='ocrx_word' id='word_1_216' title='bbox 1211 1720 1254 1761; x_wconf 92' lang='lat' dir='ltr'>Si</span> <span class='ocrx_word' id='word_1_217' title='bbox 1285 1720 1375 1772; x_wconf 91' lang='lat' dir='ltr'>quis</span> <span class='ocrx_word' id='word_1_218' title='bbox 1405 1731 1504 1761; x_wconf 89' lang='lat' dir='ltr'>vero</span> <span class='ocrx_word' id='word_1_219' title='bbox 1535 1732 1606 1762; x_wconf 88' lang='lat' dir='ltr'>re—</span> 
     </span>
     <span class='ocr_line' id='line_1_25' title="bbox 127 1780 1606 1838; baseline 0.001 -13"><span class='ocrx_word' id='word_1_220' title='bbox 127 1785 261 1837; x_wconf 87' lang='lat' dir='ltr'>quirat</span> <span class='ocrx_word' id='word_1_221' title='bbox 291 1794 362 1825; x_wconf 92' lang='lat' dir='ltr'>cur</span> <span class='ocrx_word' id='word_1_222' title='bbox 392 1780 584 1837; x_wconf 72' lang='grc' dir='ltr'>ἀχθειγός</span> <span class='ocrx_word' id='word_1_223' title='bbox 614 1789 653 1825; x_wconf 78' lang='lat' dir='ltr'>et</span> <span class='ocrx_word' id='word_1_224' title='bbox 683 1782 854 1838; x_wconf 80' lang='grc' dir='ltr'><em>φαεινός</em></span> <span class='ocrx_word' id='word_1_225' title='bbox 883 1797 907 1825; x_wconf 86' lang='lat' dir='ltr'>a</span> <span class='ocrx_word' id='word_1_226' title='bbox 935 1786 1169 1827; x_wconf 90' lang='lat' dir='ltr'>nominibus</span> <span class='ocrx_word' id='word_1_227' title='bbox 1199 1785 1337 1838; x_wconf 88' lang='lat' dir='ltr'>potius</span> <span class='ocrx_word' id='word_1_228' title='bbox 1367 1789 1606 1838; x_wconf 86' lang='lat' dir='ltr'>repetantur</span> 
     </span>
     <span class='ocr_line' id='line_1_26' title="bbox 126 1847 1604 1905; baseline 0.003 -16"><span class='ocrx_word' id='word_1_229' title='bbox 126 1861 246 1902; x_wconf 88' lang='lat' dir='ltr'>quam</span> <span class='ocrx_word' id='word_1_230' title='bbox 276 1863 299 1891; x_wconf 91' lang='lat' dir='ltr'>a</span> <span class='ocrx_word' id='word_1_231' title='bbox 329 1851 479 1903; x_wconf 87' lang='lat' dir='ltr'>verbis,</span> <span class='ocrx_word' id='word_1_232' title='bbox 521 1861 688 1891; x_wconf 88' lang='lat' dir='ltr'>causam</span> <span class='ocrx_word' id='word_1_233' title='bbox 714 1850 846 1892; x_wconf 79' lang='lat' dir='ltr'>reddit</span> <span class='ocrx_word' id='word_1_234' title='bbox 874 1851 960 1892; x_wconf 89' lang='lat' dir='ltr'><strong>EM.</strong></span> <span class='ocrx_word' id='word_1_235' title='bbox 991 1851 1056 1905; x_wconf 82' lang='lat'>58,</span> <span class='ocrx_word' id='word_1_236' title='bbox 1086 1852 1151 1893; x_wconf 87' lang='lat'>50.</span> <span class='ocrx_word' id='word_1_237' title='bbox 1183 1847 1386 1904; x_wconf 79' lang='grc' dir='ltr'><em>ἀλεγεινός</em></span> <span class='ocrx_word' id='word_1_238' title='bbox 1415 1847 1494 1893; x_wconf 80' lang='grc' dir='ltr'>οὐκ</span> <span class='ocrx_word' id='word_1_239' title='bbox 1522 1848 1604 1893; x_wconf 77' lang='grc' dir='ltr'>ἀπὸ</span> 
     </span>
     <span class='ocr_line' id='line_1_27' title="bbox 125 1911 1604 1971; baseline 0.002 -15"><span class='ocrx_word' id='word_1_240' title='bbox 125 1917 202 1956; x_wconf 80' lang='grc' dir='ltr'>τοῦ</span> <span class='ocrx_word' id='word_1_241' title='bbox 231 1912 361 1968; x_wconf 80' lang='grc' dir='ltr'><em>ἀλέγω</em></span> <span class='ocrx_word' id='word_1_242' title='bbox 391 1911 488 1957; x_wconf 80' lang='grc' dir='ltr'><em>οὐδὲ</em></span> <span class='ocrx_word' id='word_1_243' title='bbox 518 1911 600 1956; x_wconf 82' lang='grc' dir='ltr'>ἀπὸ</span> <span class='ocrx_word' id='word_1_244' title='bbox 628 1917 704 1957; x_wconf 85' lang='grc' dir='ltr'>τοῦ</span> <span class='ocrx_word' id='word_1_245' title='bbox 728 1915 823 1957; x_wconf 78' lang='grc' dir='ltr'><em>ἐλεῶ</em></span> <span class='ocrx_word' id='word_1_246' title='bbox 845 1914 1025 1967; x_wconf 76' lang='grc' dir='ltr'>ἐλεεινός,</span> <span class='ocrx_word' id='word_1_247' title='bbox 1055 1914 1191 1970; x_wconf 77' lang='grc' dir='ltr'><em>ἐπειδη</em></span> <span class='ocrx_word' id='word_1_248' title='bbox 1211 1914 1356 1970; x_wconf 80' lang='grc' dir='ltr'><em>ὤφειλε</em></span> <span class='ocrx_word' id='word_1_249' title='bbox 1369 1915 1604 1971; x_wconf 76' lang='grc' dir='ltr'><em>γράφεσθαι</em></span> 
     </span>
     <span class='ocr_line' id='line_1_28' title="bbox 126 1977 1600 2036; baseline 0.003 -15"><span class='ocrx_word' id='word_1_250' title='bbox 126 1977 195 2021; x_wconf 76' lang='grc' dir='ltr'>διὰ</span> <span class='ocrx_word' id='word_1_251' title='bbox 222 1982 299 2021; x_wconf 85' lang='grc' dir='ltr'>τοῦ</span> <span class='ocrx_word' id='word_1_252' title='bbox 326 1993 359 2022; x_wconf 82' lang='grc' dir='ltr'>ι·</span> <span class='ocrx_word' id='word_1_253' title='bbox 387 1977 438 2021; x_wconf 76' lang='grc' dir='ltr'>τὰ</span> <span class='ocrx_word' id='word_1_254' title='bbox 459 1978 537 2034; x_wconf 83' lang='grc' dir='ltr'>γὰρ</span> <span class='ocrx_word' id='word_1_255' title='bbox 567 1982 622 2031; x_wconf 79' lang='grc' dir='ltr'>εἰς</span> <span class='ocrx_word' id='word_1_256' title='bbox 649 1998 722 2032; x_wconf 77' lang='grc' dir='ltr'>νος</span> <span class='ocrx_word' id='word_1_257' title='bbox 751 1979 929 2032; x_wconf 56' lang='lat' dir='ltr'>&amp;gemm</span> <span class='ocrx_word' id='word_1_258' title='bbox 953 1998 1009 2036; x_wconf 80' lang='grc' dir='ltr'>μη</span> <span class='ocrx_word' id='word_1_259' title='bbox 1039 1980 1141 2023; x_wconf 79' lang='grc' dir='ltr'><em>ὄντα</em></span> <span class='ocrx_word' id='word_1_260' title='bbox 1168 1979 1400 2036; x_wconf 80' lang='grc' dir='ltr'><em>παρώνυμα</em></span> <span class='ocrx_word' id='word_1_261' title='bbox 1427 1980 1496 2024; x_wconf 84' lang='grc' dir='ltr'>δια</span> <span class='ocrx_word' id='word_1_262' title='bbox 1523 1985 1600 2026; x_wconf 85' lang='grc' dir='ltr'>τοῦ</span> 
     </span>
     <span class='ocr_line' id='line_1_29' title="bbox 124 2044 1601 2101; baseline 0.004 -16"><span class='ocrx_word' id='word_1_263' title='bbox 124 2046 147 2085; x_wconf 77' lang='grc' dir='ltr'><em>ἶ</em></span> <span class='ocrx_word' id='word_1_264' title='bbox 175 2044 395 2100; x_wconf 75' lang='grc' dir='ltr'><em>γράφεται,</em></span> <span class='ocrx_word' id='word_1_265' title='bbox 426 2046 608 2101; x_wconf 77' lang='grc' dir='ltr'>ταχινός,</span> <span class='ocrx_word' id='word_1_266' title='bbox 639 2047 813 2097; x_wconf 78' lang='grc' dir='ltr'><em>πυκινός</em></span> <span class='ocrx_word' id='word_1_267' title='bbox 841 2054 918 2090; x_wconf 86' lang='lat' dir='ltr'><strong>etc.</strong></span> <span class='ocrx_word' id='word_1_268' title='bbox 977 2049 1169 2089; x_wconf 79' lang='lat' dir='ltr'>Attamen</span> <span class='ocrx_word' id='word_1_269' title='bbox 1198 2049 1291 2089; x_wconf 86' lang='lat' dir='ltr'>huic</span> <span class='ocrx_word' id='word_1_270' title='bbox 1321 2048 1488 2090; x_wconf 82' lang='lat' dir='ltr'>decreto</span> <span class='ocrx_word' id='word_1_271' title='bbox 1521 2050 1601 2091; x_wconf 90' lang='lat' dir='ltr'>ob—</span> 
     </span>
     <span class='ocr_line' id='line_1_30' title="bbox 124 2110 1600 2168; baseline 0.003 -16"><span class='ocrx_word' id='word_1_272' title='bbox 124 2113 235 2153; x_wconf 84' lang='lat' dir='ltr'>sistit</span> <span class='ocrx_word' id='word_1_273' title='bbox 263 2110 445 2155; x_wconf 80' lang='grc' dir='ltr'><em>Λαεινόν</em></span> <span class='ocrx_word' id='word_1_274' title='bbox 474 2113 681 2168; x_wconf 84' lang='grc' dir='ltr'><em>καύσιμον</em></span> <span class='ocrx_word' id='word_1_275' title='bbox 709 2116 885 2167; x_wconf 84' lang='lat' dir='ltr'>Hesych.</span> <span class='ocrx_word' id='word_1_276' title='bbox 916 2126 940 2155; x_wconf 88' lang='lat' dir='ltr'>a</span> <span class='ocrx_word' id='word_1_277' title='bbox 972 2111 1059 2155; x_wconf 83' lang='grc' dir='ltr'>δάω</span> <span class='ocrx_word' id='word_1_278' title='bbox 1084 2114 1225 2168; x_wconf 84' lang='grc' dir='ltr'><em>(δαίω)</em></span> <span class='ocrx_word' id='word_1_279' title='bbox 1256 2115 1395 2166; x_wconf 89' lang='lat' dir='ltr'>potius</span> <span class='ocrx_word' id='word_1_280' title='bbox 1426 2126 1546 2167; x_wconf 89' lang='lat' dir='ltr'>quam</span> <span class='ocrx_word' id='word_1_281' title='bbox 1576 2127 1600 2156; x_wconf 85' lang='lat' dir='ltr'>a</span> 
     </span>
     <span class='ocr_line' id='line_1_31' title="bbox 122 2175 1600 2234; baseline 0.003 -16"><span class='ocrx_word' id='word_1_282' title='bbox 122 2175 241 2229; x_wconf 76' lang='grc' dir='ltr'>δάος,</span> <span class='ocrx_word' id='word_1_283' title='bbox 283 2184 322 2220; x_wconf 91' lang='lat' dir='ltr'>et</span> <span class='ocrx_word' id='word_1_284' title='bbox 351 2177 530 2229; x_wconf 82' lang='grc' dir='ltr'><strong><em>πετεινός</em></strong></span> <span class='ocrx_word' id='word_1_285' title='bbox 566 2182 733 2223; x_wconf 90' lang='lat' dir='ltr'>verbale</span> <span class='ocrx_word' id='word_1_286' title='bbox 770 2181 893 2234; x_wconf 88' lang='lat' dir='ltr'>idque</span> <span class='ocrx_word' id='word_1_287' title='bbox 928 2181 1064 2234; x_wconf 88' lang='lat' dir='ltr'>poetis</span> <span class='ocrx_word' id='word_1_288' title='bbox 1094 2191 1177 2221; x_wconf 91' lang='lat' dir='ltr'>non</span> <span class='ocrx_word' id='word_1_289' title='bbox 1213 2181 1472 2234; x_wconf 80' lang='lat' dir='ltr'>infrequens,</span> <span class='ocrx_word' id='word_1_290' title='bbox 1504 2181 1600 2233; x_wconf 91' lang='lat' dir='ltr'>quin</span> 
     </span>
     <span class='ocr_line' id='line_1_32' title="bbox 123 2244 1600 2300; baseline 0.003 -16"><span class='ocrx_word' id='word_1_291' title='bbox 123 2245 244 2285; x_wconf 84' lang='lat' dir='ltr'>etiam</span> <span class='ocrx_word' id='word_1_292' title='bbox 273 2256 298 2285; x_wconf 92' lang='lat' dir='ltr'>a</span> <span class='ocrx_word' id='word_1_293' title='bbox 328 2245 515 2299; x_wconf 76' lang='lat' dir='ltr'>Lycurgo</span> <span class='ocrx_word' id='word_1_294' title='bbox 545 2251 786 2300; x_wconf 86' lang='lat' dir='ltr'>usurpatum</span> <span class='ocrx_word' id='word_1_295' title='bbox 817 2257 851 2288; x_wconf 90' lang='lat' dir='ltr'>c.</span> <span class='ocrx_word' id='word_1_296' title='bbox 883 2247 1025 2287; x_wconf 91' lang='lat' dir='ltr'>Leocr.</span> <span class='ocrx_word' id='word_1_297' title='bbox 1055 2244 1147 2288; x_wconf 90' lang='lat'><strong>229.</strong></span> <span class='ocrx_word' id='word_1_298' title='bbox 1177 2256 1296 2298; x_wconf 87' lang='lat' dir='ltr'>quem</span> <span class='ocrx_word' id='word_1_299' title='bbox 1324 2246 1460 2287; x_wconf 91' lang='lat' dir='ltr'>locum</span> <span class='ocrx_word' id='word_1_300' title='bbox 1486 2246 1600 2288; x_wconf 89' lang='lat' dir='ltr'>Tho-</span> 
     </span>
    </p>
   </div>
   <div class='ocr_carea' id='block_1_3' title="bbox 119 2436 1595 2761">
    <p class='ocr_par' dir='ltr' id='par_1_3' title="bbox 119 2436 1595 2761">
     <span class='ocr_line' id='line_1_33' title="bbox 127 2436 1594 2482; baseline 0.001 -13"><span class='ocrx_word' id='word_1_301' title='bbox 127 2436 255 2471; x_wconf 73' lang='lat' dir='ltr'>Nescio</span> <span class='ocrx_word' id='word_1_302' title='bbox 283 2447 350 2481; x_wconf 89' lang='lat' dir='ltr'>quo</span> <span class='ocrx_word' id='word_1_303' title='bbox 370 2439 449 2481; x_wconf 80' lang='lat' dir='ltr'>Jure</span> <span class='ocrx_word' id='word_1_304' title='bbox 475 2441 635 2482; x_wconf 78' lang='lat' dir='ltr'>gravetur</span> <span class='ocrx_word' id='word_1_305' title='bbox 659 2436 827 2475; x_wconf 59' lang='grc' dir='ltr'>(Ιηὲειίὀς</span> <span class='ocrx_word' id='word_1_306' title='bbox 853 2438 955 2473; x_wconf 82' lang='lat' dir='ltr'><strong>Anth.</strong></span> <span class='ocrx_word' id='word_1_307' title='bbox 983 2439 1037 2473; x_wconf 82' lang='lat' dir='ltr'>IV.</span> <span class='ocrx_word' id='word_1_308' title='bbox 1068 2439 1096 2481; x_wconf 92' lang='lat'>1,</span> <span class='ocrx_word' id='word_1_309' title='bbox 1124 2439 1179 2474; x_wconf 89' lang='lat'>29.</span> <span class='ocrx_word' id='word_1_310' title='bbox 1206 2448 1284 2473; x_wconf 87' lang='lat' dir='ltr'>nam</span> <span class='ocrx_word' id='word_1_311' title='bbox 1310 2437 1487 2482; x_wconf 74' lang='grc' dir='ltr'>φαεννός,</span> <span class='ocrx_word' id='word_1_312' title='bbox 1512 2436 1594 2480; x_wconf 70' lang='grc' dir='ltr'>ὑψι-</span> 
     </span>
     <span class='ocr_line' id='line_1_34' title="bbox 123 2489 1595 2538; baseline 0.005 -17"><span class='ocrx_word' id='word_1_313' title='bbox 123 2489 292 2533; x_wconf 68' lang='grc' dir='ltr'>(μὲεννος,</span> <span class='ocrx_word' id='word_1_314' title='bbox 317 2492 615 2537; x_wconf 55' lang='grc' dir='ltr'>χρυσοφάξννος,</span> <span class='ocrx_word' id='word_1_315' title='bbox 641 2495 779 2538; x_wconf 80' lang='lat' dir='ltr'>proprie</span> <span class='ocrx_word' id='word_1_316' title='bbox 807 2495 943 2530; x_wconf 77' lang='lat' dir='ltr'>aeolica</span> <span class='ocrx_word' id='word_1_317' title='bbox 967 2505 1034 2529; x_wconf 84' lang='lat' dir='ltr'>non</span> <span class='ocrx_word' id='word_1_318' title='bbox 1059 2498 1155 2536; x_wconf 77' lang='lat' dir='ltr'>sunt3</span> <span class='ocrx_word' id='word_1_319' title='bbox 1185 2493 1338 2527; x_wconf 72' lang='grc' dir='ltr'><em>Φαεννιὶ</em></span> <span class='ocrx_word' id='word_1_320' title='bbox 1364 2493 1502 2529; x_wconf 76' lang='lat' dir='ltr'>Gratiae</span> <span class='ocrx_word' id='word_1_321' title='bbox 1526 2503 1595 2528; x_wconf 86' lang='lat'>110—</span> 
     </span>
     <span class='ocr_line' id='line_1_35' title="bbox 122 2545 1595 2594; baseline 0.005 -17"><span class='ocrx_word' id='word_1_322' title='bbox 122 2554 199 2579; x_wconf 87' lang='lat' dir='ltr'>men</span> <span class='ocrx_word' id='word_1_323' title='bbox 225 2545 378 2581; x_wconf 74' lang='lat' dir='ltr'>doricum</span> <span class='ocrx_word' id='word_1_324' title='bbox 406 2548 505 2582; x_wconf 85' lang='lat' dir='ltr'>Paus.</span> <span class='ocrx_word' id='word_1_325' title='bbox 536 2547 591 2582; x_wconf 90' lang='lat' dir='ltr'>IX.</span> <span class='ocrx_word' id='word_1_326' title='bbox 618 2548 672 2591; x_wconf 87' lang='grc'>35,</span> <span class='ocrx_word' id='word_1_327' title='bbox 700 2551 729 2585; x_wconf 90' lang='grc'>1.</span> <span class='ocrx_word' id='word_1_328' title='bbox 760 2551 793 2583; x_wconf 89' lang='lat' dir='ltr'>in</span> <span class='ocrx_word' id='word_1_329' title='bbox 819 2550 896 2584; x_wconf 89' lang='lat' dir='ltr'><strong>cod.</strong></span> <span class='ocrx_word' id='word_1_330' title='bbox 922 2549 1033 2593; x_wconf 86' lang='lat' dir='ltr'><strong>Mosq.</strong></span> <span class='ocrx_word' id='word_1_331' title='bbox 1052 2553 1287 2594; x_wconf 81' lang='lat' dir='ltr'>paroxytonon</span> <span class='ocrx_word' id='word_1_332' title='bbox 1305 2553 1369 2585; x_wconf 82' lang='lat' dir='ltr'>est.</span> <span class='ocrx_word' id='word_1_333' title='bbox 1419 2549 1504 2584; x_wconf 90' lang='lat' dir='ltr'>Cum</span> <span class='ocrx_word' id='word_1_334' title='bbox 1529 2550 1595 2585; x_wconf 86' lang='lat' dir='ltr'>hac</span> 
     </span>
     <span class='ocr_line' id='line_1_36' title="bbox 121 2600 1591 2648; baseline 0.004 -16"><span class='ocrx_word' id='word_1_335' title='bbox 121 2600 229 2635; x_wconf 78' lang='lat' dir='ltr'>forma</span> <span class='ocrx_word' id='word_1_336' title='bbox 253 2604 403 2638; x_wconf 85' lang='lat' dir='ltr'>concinit</span> <span class='ocrx_word' id='word_1_337' title='bbox 429 2606 587 2641; x_wconf 69' lang='grc' dir='ltr'>Φαεννίς</span> <span class='ocrx_word' id='word_1_338' title='bbox 610 2603 649 2638; x_wconf 92' lang='grc' dir='ltr'>Χ.</span> <span class='ocrx_word' id='word_1_339' title='bbox 679 2605 729 2647; x_wconf 87' lang='grc'>12,</span> <span class='ocrx_word' id='word_1_340' title='bbox 755 2606 786 2641; x_wconf 89' lang='lat'>5.</span> <span class='ocrx_word' id='word_1_341' title='bbox 815 2609 849 2640; x_wconf 87' lang='lat' dir='ltr'>et</span> <span class='ocrx_word' id='word_1_342' title='bbox 873 2604 1031 2637; x_wconf 68' lang='grc' dir='ltr'>Φαεννώ</span> <span class='ocrx_word' id='word_1_343' title='bbox 1054 2605 1180 2640; x_wconf 88' lang='lat' dir='ltr'>Zosim.</span> <span class='ocrx_word' id='word_1_344' title='bbox 1210 2606 1254 2639; x_wconf 91' lang='lat' dir='ltr'><strong>ll.</strong></span> <span class='ocrx_word' id='word_1_345' title='bbox 1277 2606 1331 2648; x_wconf 85' lang='lat'>36,</span> <span class='ocrx_word' id='word_1_346' title='bbox 1356 2606 1387 2642; x_wconf 88' lang='lat'>2.</span> <span class='ocrx_word' id='word_1_347' title='bbox 1417 2616 1494 2641; x_wconf 89' lang='lat' dir='ltr'>cum</span> <span class='ocrx_word' id='word_1_348' title='bbox 1513 2609 1591 2638; x_wconf 73' lang='grc' dir='ltr'>Φα·</span> 
     </span>
     <span class='ocr_line' id='line_1_37' title="bbox 119 2653 1592 2706; baseline 0.004 -19"><span class='ocrx_word' id='word_1_349' title='bbox 119 2653 214 2691; x_wconf 60' lang='grc' dir='ltr'>ειινός</span> <span class='ocrx_word' id='word_1_350' title='bbox 238 2665 320 2691; x_wconf 89' lang='lat' dir='ltr'>vero</span> <span class='ocrx_word' id='word_1_351' title='bbox 345 2660 497 2695; x_wconf 78' lang='grc' dir='ltr'><em>Φαεινίς</em></span> <span class='ocrx_word' id='word_1_352' title='bbox 516 2659 621 2694; x_wconf 90' lang='lat' dir='ltr'><strong>Thuc.</strong></span> <span class='ocrx_word' id='word_1_353' title='bbox 649 2660 703 2694; x_wconf 88' lang='lat' dir='ltr'>IV.</span> <span class='ocrx_word' id='word_1_354' title='bbox 733 2660 805 2695; x_wconf 84' lang='lat'><strong>132.</strong></span> <span class='ocrx_word' id='word_1_355' title='bbox 854 2660 892 2694; x_wconf 91' lang='lat' dir='ltr'>In</span> <span class='ocrx_word' id='word_1_356' title='bbox 915 2659 1152 2695; x_wconf 89' lang='lat' dir='ltr'>Choerobosci</span> <span class='ocrx_word' id='word_1_357' title='bbox 1177 2661 1199 2695; x_wconf 93' lang='lat' dir='ltr'>l.</span> <span class='ocrx_word' id='word_1_358' title='bbox 1219 2671 1249 2695; x_wconf 89' lang='lat' dir='ltr'>c.</span> <span class='ocrx_word' id='word_1_359' title='bbox 1269 2671 1331 2705; x_wconf 89' lang='lat' dir='ltr'>pro</span> <span class='ocrx_word' id='word_1_360' title='bbox 1350 2662 1491 2706; x_wconf 87' lang='lat' dir='ltr'>proprio</span> <span class='ocrx_word' id='word_1_361' title='bbox 1507 2663 1592 2693; x_wconf 79' lang='grc' dir='ltr'>Φω-</span> 
     </span>
     <span class='ocr_line' id='line_1_38' title="bbox 119 2709 1544 2761; baseline 0.004 -19"><span class='ocrx_word' id='word_1_362' title='bbox 119 2709 234 2747; x_wconf 69' lang='grc' dir='ltr'>ηινός</span> <span class='ocrx_word' id='word_1_363' title='bbox 257 2711 403 2749; x_wconf 83' lang='lat' dir='ltr'>sortasse</span> <span class='ocrx_word' id='word_1_364' title='bbox 428 2714 635 2757; x_wconf 73' lang='lat' dir='ltr'>adjectivum</span> <span class='ocrx_word' id='word_1_365' title='bbox 659 2715 818 2750; x_wconf 81' lang='lat' dir='ltr'>substitui</span> <span class='ocrx_word' id='word_1_366' title='bbox 845 2719 983 2759; x_wconf 85' lang='lat' dir='ltr'>oportet</span> <span class='ocrx_word' id='word_1_367' title='bbox 1008 2720 1041 2753; x_wconf 90' lang='lat' dir='ltr'>et</span> <span class='ocrx_word' id='word_1_368' title='bbox 1064 2726 1126 2759; x_wconf 87' lang='lat' dir='ltr'>pro</span> <span class='ocrx_word' id='word_1_369' title='bbox 1152 2715 1320 2757; x_wconf 78' lang='grc' dir='ltr'><em>κτητικόν</em></span> <span class='ocrx_word' id='word_1_370' title='bbox 1341 2737 1386 2744; x_wconf 91' lang='grc'>-</span> <span class='ocrx_word' id='word_1_371' title='bbox 1409 2715 1544 2761; x_wconf 71' lang='grc' dir='ltr'>κύριον.</span> 
     </span>
    </p>
   </div>
  </div>
 </body>
</html>
