<?xml version="1.0" encoding="UTF-8"?>
<!DOCTYPE html PUBLIC "-//W3C//DTD XHTML 1.0 Transitional//EN"
    "http://www.w3.org/TR/xhtml1/DTD/xhtml1-transitional.dtd">
<html xmlns="http://www.w3.org/1999/xhtml" xml:lang="en" lang="en">
 <head>
  <title>
</title>
<meta http-equiv="Content-Type" content="text/html;charset=utf-8" />
  <meta name='ocr-system' content='tesseract 3.04.00' />
  <meta name='ocr-capabilities' content='ocr_page ocr_carea ocr_par ocr_line ocrx_word'/>
</head>
<body>
  <div class='ocr_page' id='page_1' title='image "./pathologiaesermo00lobeuoft_0429.png"; bbox 0 0 1747 3005; ppageno 0'>
   <div class='ocr_carea' id='block_1_1' title="bbox 269 178 1587 232">
    <p class='ocr_par' dir='ltr' id='par_1_1' title="bbox 269 178 1587 232">
     <span class='ocr_line' id='line_1_1' title="bbox 269 178 1587 232; baseline 0.007 -11"><span class='ocrx_word' id='word_1_1' title='bbox 269 180 336 221; x_wconf 88' lang='lat' dir='ltr'>DE</span> <span class='ocrx_word' id='word_1_2' title='bbox 358 178 482 220; x_wconf 82' lang='lat' dir='ltr'>NOM.</span> <span class='ocrx_word' id='word_1_3' title='bbox 505 178 723 228; x_wconf 85' lang='lat' dir='ltr'><strong>QUORUM</strong></span> <span class='ocrx_word' id='word_1_4' title='bbox 747 179 895 221; x_wconf 89' lang='lat' dir='ltr'>CHAR.</span> <span class='ocrx_word' id='word_1_5' title='bbox 914 179 1014 221; x_wconf 89' lang='lat' dir='ltr'>EST</span> <span class='ocrx_word' id='word_1_6' title='bbox 1034 180 1206 223; x_wconf 80' lang='lat' dir='ltr'><strong>SIGMA.</strong></span> <span class='ocrx_word' id='word_1_7' title='bbox 1237 184 1279 224; x_wconf 88' lang='lat' dir='ltr'>C.</span> <span class='ocrx_word' id='word_1_8' title='bbox 1303 183 1329 224; x_wconf 91' lang='grc' dir='ltr'>Ι.</span> <span class='ocrx_word' id='word_1_9' title='bbox 1355 185 1442 232; x_wconf 72' lang='lat'>§.2</span> <span class='ocrx_word' id='word_1_10' title='bbox 1508 186 1587 230; x_wconf 74' lang='lat'>411</span> 
     </span>
    </p>
   </div>
   <div class='ocr_carea' id='block_1_2' title="bbox 106 287 1592 2234">
    <p class='ocr_par' dir='ltr' id='par_1_2' title="bbox 106 287 1592 2234">
     <span class='ocr_line' id='line_1_2' title="bbox 124 287 1592 341; baseline 0.005 -13"><span class='ocrx_word' id='word_1_11' title='bbox 124 289 174 329; x_wconf 89' lang='lat' dir='ltr'>iis</span> <span class='ocrx_word' id='word_1_12' title='bbox 205 287 421 341; x_wconf 83' lang='lat' dir='ltr'>affingunt,</span> <span class='ocrx_word' id='word_1_13' title='bbox 461 289 511 329; x_wconf 88' lang='lat' dir='ltr'>ab</span> <span class='ocrx_word' id='word_1_14' title='bbox 553 289 699 339; x_wconf 86' lang='lat' dir='ltr'>etymis</span> <span class='ocrx_word' id='word_1_15' title='bbox 734 288 928 340; x_wconf 81' lang='lat' dir='ltr'>pleraque</span> <span class='ocrx_word' id='word_1_16' title='bbox 965 289 1118 340; x_wconf 82' lang='lat' dir='ltr'>ignotis</span> <span class='ocrx_word' id='word_1_17' title='bbox 1145 289 1266 332; x_wconf 88' lang='lat' dir='ltr'>ducta</span> <span class='ocrx_word' id='word_1_18' title='bbox 1295 292 1336 332; x_wconf 91' lang='lat' dir='ltr'>in</span> <span class='ocrx_word' id='word_1_19' title='bbox 1365 293 1480 335; x_wconf 91' lang='lat' dir='ltr'>libris</span> <span class='ocrx_word' id='word_1_20' title='bbox 1511 306 1592 337; x_wconf 89' lang='lat' dir='ltr'>no-</span> 
     </span>
     <span class='ocr_line' id='line_1_3' title="bbox 124 352 1587 408; baseline 0.005 -14"><span class='ocrx_word' id='word_1_21' title='bbox 124 354 221 394; x_wconf 90' lang='lat' dir='ltr'>stris</span> <span class='ocrx_word' id='word_1_22' title='bbox 243 364 318 393; x_wconf 86' lang='lat' dir='ltr'>nec</span> <span class='ocrx_word' id='word_1_23' title='bbox 338 354 443 393; x_wconf 87' lang='lat' dir='ltr'>inter</span> <span class='ocrx_word' id='word_1_24' title='bbox 458 365 504 394; x_wconf 91' lang='lat' dir='ltr'>se</span> <span class='ocrx_word' id='word_1_25' title='bbox 525 352 789 405; x_wconf 80' lang='lat' dir='ltr'>concordant,</span> <span class='ocrx_word' id='word_1_26' title='bbox 810 364 887 393; x_wconf 87' lang='lat' dir='ltr'>nec</span> <span class='ocrx_word' id='word_1_27' title='bbox 916 365 1005 394; x_wconf 91' lang='lat' dir='ltr'>cum</span> <span class='ocrx_word' id='word_1_28' title='bbox 1025 357 1258 408; x_wconf 76' lang='lat' dir='ltr'>praeceptis</span> <span class='ocrx_word' id='word_1_29' title='bbox 1282 358 1587 402; x_wconf 90' lang='lat' dir='ltr'>Technicorum.</span> 
     </span>
     <span class='ocr_line' id='line_1_4' title="bbox 129 415 1590 478; baseline 0.005 -20"><span class='ocrx_word' id='word_1_30' title='bbox 129 415 190 458; x_wconf 84' lang='grc' dir='ltr'>Τὰ</span> <span class='ocrx_word' id='word_1_31' title='bbox 208 418 262 465; x_wconf 80' lang='grc' dir='ltr'>εἰς</span> <span class='ocrx_word' id='word_1_32' title='bbox 279 429 378 471; x_wconf 80' lang='grc' dir='ltr'><em>ησος</em></span> <span class='ocrx_word' id='word_1_33' title='bbox 399 415 585 467; x_wconf 76' lang='grc' dir='ltr'>ὀξύνεται</span> <span class='ocrx_word' id='word_1_34' title='bbox 611 416 856 471; x_wconf 80' lang='grc' dir='ltr'><em>Ταρτησσός,</em></span> <span class='ocrx_word' id='word_1_35' title='bbox 875 417 1128 472; x_wconf 80' lang='grc' dir='ltr'><em>Λυρνησσός,</em></span> <span class='ocrx_word' id='word_1_36' title='bbox 1142 420 1425 475; x_wconf 81' lang='grc' dir='ltr'><em>Λυκαβησσός·</em></span> <span class='ocrx_word' id='word_1_37' title='bbox 1443 422 1490 465; x_wconf 85' lang='grc' dir='ltr'>τὸ</span> <span class='ocrx_word' id='word_1_38' title='bbox 1500 423 1590 478; x_wconf 81' lang='grc' dir='ltr'><em>μέν·</em></span> 
     </span>
     <span class='ocr_line' id='line_1_5' title="bbox 119 481 1591 543; baseline 0.005 -20"><span class='ocrx_word' id='word_1_39' title='bbox 119 497 184 524; x_wconf 82' lang='grc' dir='ltr'>τοι</span> <span class='ocrx_word' id='word_1_40' title='bbox 207 481 400 536; x_wconf 72' lang='grc' dir='ltr'><em>Καρησός</em></span> <span class='ocrx_word' id='word_1_41' title='bbox 410 481 513 531; x_wconf 68' lang='grc' dir='ltr'><em>τινὲς</em></span> <span class='ocrx_word' id='word_1_42' title='bbox 531 482 771 537; x_wconf 76' lang='grc' dir='ltr'><em>βαρύνουσι.</em></span> <span class='ocrx_word' id='word_1_43' title='bbox 802 484 857 524; x_wconf 82' lang='grc' dir='ltr'>Εἰ</span> <span class='ocrx_word' id='word_1_44' title='bbox 877 481 918 524; x_wconf 82' lang='grc' dir='ltr'>δὲ</span> <span class='ocrx_word' id='word_1_45' title='bbox 936 499 973 524; x_wconf 86' lang='grc' dir='ltr'>τι</span> <span class='ocrx_word' id='word_1_46' title='bbox 991 482 1225 537; x_wconf 85' lang='grc' dir='ltr'><em>βαρύτονον</em></span> <span class='ocrx_word' id='word_1_47' title='bbox 1242 487 1315 540; x_wconf 79' lang='grc' dir='ltr'><em>εἴη,</em></span> <span class='ocrx_word' id='word_1_48' title='bbox 1337 487 1591 543; x_wconf 81' lang='grc' dir='ltr'><em>παρώνυμον</em></span> 
     </span>
     <span class='ocr_line' id='line_1_6' title="bbox 120 545 1591 605; baseline 0.004 -16"><span class='ocrx_word' id='word_1_49' title='bbox 120 546 173 589; x_wconf 77' lang='grc' dir='ltr'><em>ἂν</em></span> <span class='ocrx_word' id='word_1_50' title='bbox 201 549 261 601; x_wconf 80' lang='grc' dir='ltr'>εἴη</span> <span class='ocrx_word' id='word_1_51' title='bbox 289 545 344 596; x_wconf 77' lang='grc' dir='ltr'>ὡς</span> <span class='ocrx_word' id='word_1_52' title='bbox 381 546 426 589; x_wconf 82' lang='grc' dir='ltr'>τὸ</span> <span class='ocrx_word' id='word_1_53' title='bbox 457 547 717 602; x_wconf 73' lang='grc' dir='ltr'><em>Μάρπησσος</em></span> <span class='ocrx_word' id='word_1_54' title='bbox 754 545 835 589; x_wconf 80' lang='grc' dir='ltr'>ἀπὸ</span> <span class='ocrx_word' id='word_1_55' title='bbox 873 550 948 590; x_wconf 77' lang='grc' dir='ltr'>τοῦ</span> <span class='ocrx_word' id='word_1_56' title='bbox 978 547 1220 603; x_wconf 74' lang='grc' dir='ltr'><em>Μάρπησσα</em></span> <span class='ocrx_word' id='word_1_57' title='bbox 1247 550 1274 605; x_wconf 81' lang='grc' dir='ltr'><em>ἢ</em></span> <span class='ocrx_word' id='word_1_58' title='bbox 1303 551 1506 595; x_wconf 77' lang='grc' dir='ltr'><em>σύνθετον</em></span> <span class='ocrx_word' id='word_1_59' title='bbox 1536 552 1591 604; x_wconf 81' lang='grc' dir='ltr'>ὦς</span> 
     </span>
     <span class='ocr_line' id='line_1_7' title="bbox 119 611 1590 672; baseline 0.005 -18"><span class='ocrx_word' id='word_1_60' title='bbox 119 611 388 667; x_wconf 80' lang='grc' dir='ltr'><em>Μυόννησος,</em></span> <span class='ocrx_word' id='word_1_61' title='bbox 418 613 662 668; x_wconf 73' lang='grc' dir='ltr'><em>χερσόνησος</em></span> <span class='ocrx_word' id='word_1_62' title='bbox 690 616 782 655; x_wconf 85' lang='lat' dir='ltr'>Arc.</span> <span class='ocrx_word' id='word_1_63' title='bbox 809 616 871 655; x_wconf 77' lang='lat'>77.</span> <span class='ocrx_word' id='word_1_64' title='bbox 903 616 970 667; x_wconf 90' lang='lat' dir='ltr'>qui</span> <span class='ocrx_word' id='word_1_65' title='bbox 1000 621 1068 656; x_wconf 88' lang='lat' dir='ltr'>aut</span> <span class='ocrx_word' id='word_1_66' title='bbox 1099 618 1233 665; x_wconf 84' lang='lat' dir='ltr'>omnia</span> <span class='ocrx_word' id='word_1_67' title='bbox 1254 618 1323 658; x_wconf 89' lang='lat' dir='ltr'>illa</span> <span class='ocrx_word' id='word_1_68' title='bbox 1342 619 1402 659; x_wconf 90' lang='lat' dir='ltr'>sic</span> <span class='ocrx_word' id='word_1_69' title='bbox 1423 624 1465 660; x_wconf 88' lang='lat' dir='ltr'>ut</span> <span class='ocrx_word' id='word_1_70' title='bbox 1487 633 1590 672; x_wconf 78' lang='lat' dir='ltr'>syn-</span> 
     </span>
     <span class='ocr_line' id='line_1_8' title="bbox 120 680 1588 736; baseline 0.005 -16"><span class='ocrx_word' id='word_1_71' title='bbox 120 680 231 720; x_wconf 90' lang='lat' dir='ltr'>theta</span> <span class='ocrx_word' id='word_1_72' title='bbox 260 680 361 720; x_wconf 88' lang='lat' dir='ltr'>haec</span> <span class='ocrx_word' id='word_1_73' title='bbox 390 681 556 731; x_wconf 87' lang='lat' dir='ltr'>scripsit</span> <span class='ocrx_word' id='word_1_74' title='bbox 586 685 655 720; x_wconf 80' lang='lat' dir='ltr'>aut</span> <span class='ocrx_word' id='word_1_75' title='bbox 684 692 788 732; x_wconf 91' lang='lat' dir='ltr'>quae</span> <span class='ocrx_word' id='word_1_76' title='bbox 818 692 937 720; x_wconf 89' lang='lat' dir='ltr'>unum</span> <span class='ocrx_word' id='word_1_77' title='bbox 969 682 1097 732; x_wconf 82' lang='lat' dir='ltr'>sigma</span> <span class='ocrx_word' id='word_1_78' title='bbox 1125 681 1276 722; x_wconf 88' lang='lat' dir='ltr'>habent</span> <span class='ocrx_word' id='word_1_79' title='bbox 1307 687 1345 723; x_wconf 91' lang='lat' dir='ltr'>et</span> <span class='ocrx_word' id='word_1_80' title='bbox 1376 696 1479 736; x_wconf 90' lang='lat' dir='ltr'>quae</span> <span class='ocrx_word' id='word_1_81' title='bbox 1510 686 1588 727; x_wconf 92' lang='lat' dir='ltr'>duo</span> 
     </span>
     <span class='ocr_line' id='line_1_9' title="bbox 120 744 1590 805; baseline 0.005 -20"><span class='ocrx_word' id='word_1_82' title='bbox 120 744 261 785; x_wconf 87' lang='lat' dir='ltr'>eadem</span> <span class='ocrx_word' id='word_1_83' title='bbox 302 746 490 796; x_wconf 71' lang='lat' dir='ltr'>pensrvit</span> <span class='ocrx_word' id='word_1_84' title='bbox 529 746 687 805; x_wconf 74' lang='lat' dir='ltr'>trutina.</span> <span class='ocrx_word' id='word_1_85' title='bbox 757 746 916 787; x_wconf 87' lang='lat' dir='ltr'>Clarius</span> <span class='ocrx_word' id='word_1_86' title='bbox 958 746 1137 798; x_wconf 87' lang='lat' dir='ltr'>loquitur</span> <span class='ocrx_word' id='word_1_87' title='bbox 1179 747 1492 800; x_wconf 84' lang='lat' dir='ltr'>Theognostus:</span> <span class='ocrx_word' id='word_1_88' title='bbox 1539 749 1590 792; x_wconf 87' lang='grc' dir='ltr'>τὰ</span> 
     </span>
     <span class='ocr_line' id='line_1_10' title="bbox 118 801 1589 870; baseline 0.006 -21"><span class='ocrx_word' id='word_1_89' title='bbox 118 806 296 858; x_wconf 79' lang='grc' dir='ltr'><em>ὀξύτονα</em></span> <span class='ocrx_word' id='word_1_90' title='bbox 325 806 392 849; x_wconf 83' lang='grc' dir='ltr'>δια</span> <span class='ocrx_word' id='word_1_91' title='bbox 420 807 498 850; x_wconf 78' lang='grc' dir='ltr'>δύο</span> <span class='ocrx_word' id='word_1_92' title='bbox 528 801 578 851; x_wconf 85' lang='lat'>66</span> <span class='ocrx_word' id='word_1_93' title='bbox 606 808 837 864; x_wconf 47' lang='grc' dir='ltr'><em>γράφονται</em></span> <span class='ocrx_word' id='word_1_94' title='bbox 860 809 1154 864; x_wconf 63' lang='grc' dir='ltr'><em>]Ἁυκαλησσός,</em></span> <span class='ocrx_word' id='word_1_95' title='bbox 1193 811 1449 867; x_wconf 83' lang='grc' dir='ltr'><em>Ταρτησσός,</em></span> <span class='ocrx_word' id='word_1_96' title='bbox 1479 818 1589 870; x_wconf 85' lang='grc' dir='ltr'><em>Λυρ-</em></span> 
     </span>
     <span class='ocr_line' id='line_1_11' title="bbox 116 871 1588 932; baseline 0.006 -17"><span class='ocrx_word' id='word_1_97' title='bbox 116 872 279 927; x_wconf 81' lang='grc' dir='ltr'><em>νησσός,</em></span> <span class='ocrx_word' id='word_1_98' title='bbox 306 871 561 926; x_wconf 55' lang='grc' dir='ltr'>Έλβιχσσος’</span> <span class='ocrx_word' id='word_1_99' title='bbox 547 874 679 928; x_wconf 77' lang='grc' dir='ltr'><em>ὄνομα</em></span> <span class='ocrx_word' id='word_1_100' title='bbox 698 878 918 929; x_wconf 48' lang='grc' dir='ltr'><em>ποτααοῦμ</em></span> <span class='ocrx_word' id='word_1_101' title='bbox 943 873 1183 929; x_wconf 74' lang='grc' dir='ltr'><em>Ὀρδησσός,</em></span> <span class='ocrx_word' id='word_1_102' title='bbox 1207 877 1447 932; x_wconf 79' lang='grc' dir='ltr'><em>Μοδησσός,</em></span> <span class='ocrx_word' id='word_1_103' title='bbox 1479 884 1588 923; x_wconf 78' lang='grc' dir='ltr'><em>Σαλ-</em></span> 
     </span>
     <span class='ocr_line' id='line_1_12' title="bbox 114 937 1586 1001; baseline 0.006 -22"><span class='ocrx_word' id='word_1_104' title='bbox 114 937 333 992; x_wconf 62' lang='grc' dir='ltr'><em>μυὸησσίς.</em></span> <span class='ocrx_word' id='word_1_105' title='bbox 398 937 455 980; x_wconf 87' lang='grc' dir='ltr'>Τὸ</span> <span class='ocrx_word' id='word_1_106' title='bbox 487 939 664 993; x_wconf 76' lang='grc' dir='ltr'><em>Κέησος,</em></span> <span class='ocrx_word' id='word_1_107' title='bbox 706 943 906 995; x_wconf 72' lang='grc' dir='ltr'><em>Βρίλησος</em></span> <span class='ocrx_word' id='word_1_108' title='bbox 942 939 988 982; x_wconf 78' lang='grc' dir='ltr'>δι’</span> <span class='ocrx_word' id='word_1_109' title='bbox 1021 939 1113 989; x_wconf 77' lang='grc' dir='ltr'><em>ἑνὸς</em></span> <span class='ocrx_word' id='word_1_110' title='bbox 1140 954 1164 983; x_wconf 90' lang='lat'><strong>6</strong></span> <span class='ocrx_word' id='word_1_111' title='bbox 1192 942 1434 997; x_wconf 73' lang='grc' dir='ltr'><em>γραφόμενα</em></span> <span class='ocrx_word' id='word_1_112' title='bbox 1461 945 1586 1001; x_wconf 87' lang='grc' dir='ltr'><em>βαρύ-</em></span> 
     </span>
     <span class='ocr_line' id='line_1_13' title="bbox 114 1002 1588 1067; baseline 0.004 -20"><span class='ocrx_word' id='word_1_113' title='bbox 114 1020 265 1047; x_wconf 81' lang='grc' dir='ltr'><em>νονται.</em></span> <span class='ocrx_word' id='word_1_114' title='bbox 332 1002 388 1045; x_wconf 88' lang='grc' dir='ltr'>Τὸ</span> <span class='ocrx_word' id='word_1_115' title='bbox 419 1003 680 1059; x_wconf 61' lang='grc' dir='ltr'><em>ΛῙάρπησσος</em></span> <span class='ocrx_word' id='word_1_116' title='bbox 706 1005 958 1060; x_wconf 81' lang='grc' dir='ltr'><em>παρώνυμον</em></span> <span class='ocrx_word' id='word_1_117' title='bbox 987 1003 1042 1055; x_wconf 77' lang='grc' dir='ltr'>ὡς</span> <span class='ocrx_word' id='word_1_118' title='bbox 1071 1005 1289 1060; x_wconf 63' lang='grc' dir='ltr'><em>Μέλισσος.</em></span> <span class='ocrx_word' id='word_1_119' title='bbox 1346 1011 1420 1052; x_wconf 84' lang='lat' dir='ltr'>Hic</span> <span class='ocrx_word' id='word_1_120' title='bbox 1448 1010 1588 1067; x_wconf 82' lang='grc' dir='ltr'><em>Κάρη-</em></span> 
     </span>
     <span class='ocr_line' id='line_1_14' title="bbox 115 1070 1584 1126; baseline 0.006 -14"><span class='ocrx_word' id='word_1_121' title='bbox 115 1081 187 1119; x_wconf 83' lang='grc' dir='ltr'>σος</span> <span class='ocrx_word' id='word_1_122' title='bbox 216 1070 474 1112; x_wconf 80' lang='lat' dir='ltr'>scribendum</span> <span class='ocrx_word' id='word_1_123' title='bbox 514 1083 608 1113; x_wconf 89' lang='lat' dir='ltr'>csse</span> <span class='ocrx_word' id='word_1_124' title='bbox 649 1085 722 1124; x_wconf 88' lang='lat' dir='ltr'>pro</span> <span class='ocrx_word' id='word_1_125' title='bbox 754 1070 915 1125; x_wconf 77' lang='grc' dir='ltr'><em>Κέησος</em></span> <span class='ocrx_word' id='word_1_126' title='bbox 945 1078 1116 1126; x_wconf 86' lang='lat' dir='ltr'>apparet</span> <span class='ocrx_word' id='word_1_127' title='bbox 1156 1086 1177 1115; x_wconf 92' lang='lat' dir='ltr'>e</span> <span class='ocrx_word' id='word_1_128' title='bbox 1209 1076 1301 1116; x_wconf 88' lang='lat' dir='ltr'>Sch.</span> <span class='ocrx_word' id='word_1_129' title='bbox 1332 1076 1375 1116; x_wconf 93' lang='lat' dir='ltr'>Il.</span> <span class='ocrx_word' id='word_1_130' title='bbox 1406 1077 1488 1119; x_wconf 92' lang='lat' dir='ltr'>XII.</span> <span class='ocrx_word' id='word_1_131' title='bbox 1520 1079 1584 1121; x_wconf 88' lang='lat'>20.</span> 
     </span>
     <span class='ocr_line' id='line_1_15' title="bbox 114 1135 1584 1191; baseline 0.005 -14"><span class='ocrx_word' id='word_1_132' title='bbox 114 1137 182 1177; x_wconf 90' lang='lat' dir='ltr'>ubi</span> <span class='ocrx_word' id='word_1_133' title='bbox 215 1137 513 1187; x_wconf 78' lang='lat' dir='ltr'>Tyrannionem</span> <span class='ocrx_word' id='word_1_134' title='bbox 552 1137 722 1189; x_wconf 81' lang='lat' dir='ltr'>legimus</span> <span class='ocrx_word' id='word_1_135' title='bbox 755 1135 949 1191; x_wconf 74' lang='grc' dir='ltr'><em>Καρησός</em></span> <span class='ocrx_word' id='word_1_136' title='bbox 987 1139 1209 1190; x_wconf 83' lang='lat' dir='ltr'>scripsisse</span> <span class='ocrx_word' id='word_1_137' title='bbox 1248 1143 1584 1185; x_wconf 82' lang='lat' dir='ltr'>consuetudinem</span> 
     </span>
     <span class='ocr_line' id='line_1_16' title="bbox 114 1202 1586 1257; baseline 0.005 -14"><span class='ocrx_word' id='word_1_138' title='bbox 114 1202 346 1243; x_wconf 89' lang='lat' dir='ltr'>accolarum</span> <span class='ocrx_word' id='word_1_139' title='bbox 376 1207 611 1255; x_wconf 83' lang='lat' dir='ltr'>sequutum,</span> <span class='ocrx_word' id='word_1_140' title='bbox 653 1204 934 1244; x_wconf 81' lang='lat' dir='ltr'>Aristarchum</span> <span class='ocrx_word' id='word_1_141' title='bbox 973 1214 1070 1244; x_wconf 87' lang='lat' dir='ltr'>vero</span> <span class='ocrx_word' id='word_1_142' title='bbox 1102 1204 1180 1244; x_wconf 85' lang='lat' dir='ltr'>hoc</span> <span class='ocrx_word' id='word_1_143' title='bbox 1211 1215 1358 1245; x_wconf 90' lang='lat' dir='ltr'>nomen</span> <span class='ocrx_word' id='word_1_144' title='bbox 1387 1217 1586 1257; x_wconf 85' lang='lat' dir='ltr'>gravasse</span> 
     </span>
     <span class='ocr_line' id='line_1_17' title="bbox 114 1267 1587 1324; baseline 0.004 -16"><span class='ocrx_word' id='word_1_145' title='bbox 114 1267 409 1318; x_wconf 86' lang='lat' dir='ltr'>comprobante</span> <span class='ocrx_word' id='word_1_146' title='bbox 446 1267 678 1307; x_wconf 86' lang='lat' dir='ltr'>Herodiano</span> <span class='ocrx_word' id='word_1_147' title='bbox 719 1273 940 1319; x_wconf 87' lang='lat' dir='ltr'>propterea</span> <span class='ocrx_word' id='word_1_148' title='bbox 978 1268 1087 1320; x_wconf 89' lang='lat' dir='ltr'>quod</span> <span class='ocrx_word' id='word_1_149' title='bbox 1126 1274 1307 1319; x_wconf 72' lang='lat' dir='ltr'>oxytona</span> <span class='ocrx_word' id='word_1_150' title='bbox 1346 1270 1424 1311; x_wconf 89' lang='lat' dir='ltr'>duo</span> <span class='ocrx_word' id='word_1_151' title='bbox 1457 1274 1587 1324; x_wconf 83' lang='lat' dir='ltr'>sigma</span> 
     </span>
     <span class='ocr_line' id='line_1_18' title="bbox 111 1328 1583 1385; baseline 0.004 -13"><span class='ocrx_word' id='word_1_152' title='bbox 111 1332 287 1372; x_wconf 85' lang='lat' dir='ltr'>habeant</span> <span class='ocrx_word' id='word_1_153' title='bbox 317 1328 650 1383; x_wconf 75' lang='grc' dir='ltr'><em>Ἀλικαρνησσός,</em></span> <span class='ocrx_word' id='word_1_154' title='bbox 691 1329 985 1385; x_wconf 72' lang='grc' dir='ltr'><em>Λυκαβησσός,</em></span> <span class='ocrx_word' id='word_1_155' title='bbox 1032 1331 1287 1385; x_wconf 66' lang='grc' dir='ltr'><em>Ταρτησσός,</em></span> <span class='ocrx_word' id='word_1_156' title='bbox 1325 1335 1421 1374; x_wconf 90' lang='lat' dir='ltr'>illud</span> <span class='ocrx_word' id='word_1_157' title='bbox 1452 1348 1583 1379; x_wconf 88' lang='lat' dir='ltr'>unum.</span> 
     </span>
     <span class='ocr_line' id='line_1_19' title="bbox 112 1394 1584 1451; baseline 0.003 -13"><span class='ocrx_word' id='word_1_158' title='bbox 112 1398 173 1439; x_wconf 88' lang='lat' dir='ltr'>Ita</span> <span class='ocrx_word' id='word_1_159' title='bbox 202 1394 392 1450; x_wconf 81' lang='grc' dir='ltr'><em>Χάλησος</em></span> <span class='ocrx_word' id='word_1_160' title='bbox 410 1396 546 1436; x_wconf 83' lang='lat' dir='ltr'>Aetoli</span> <span class='ocrx_word' id='word_1_161' title='bbox 573 1396 782 1447; x_wconf 86' lang='lat' dir='ltr'>cujusdam</span> <span class='ocrx_word' id='word_1_162' title='bbox 803 1408 951 1438; x_wconf 89' lang='lat' dir='ltr'>nomen</span> <span class='ocrx_word' id='word_1_163' title='bbox 980 1397 1224 1448; x_wconf 72' lang='lat' dir='ltr'>barytonum</span> <span class='ocrx_word' id='word_1_164' title='bbox 1251 1404 1313 1439; x_wconf 90' lang='lat' dir='ltr'>est</span> <span class='ocrx_word' id='word_1_165' title='bbox 1342 1399 1483 1451; x_wconf 65' lang='lat' dir='ltr'>Polyb.</span> <span class='ocrx_word' id='word_1_166' title='bbox 1503 1402 1584 1442; x_wconf 90' lang='lat' dir='ltr'>XX.</span> 
     </span>
     <span class='ocr_line' id='line_1_20' title="bbox 111 1458 1583 1520; baseline 0.003 -18"><span class='ocrx_word' id='word_1_167' title='bbox 111 1463 149 1516; x_wconf 82' lang='lat'>9,</span> <span class='ocrx_word' id='word_1_168' title='bbox 179 1462 216 1503; x_wconf 85' lang='lat'>2.</span> <span class='ocrx_word' id='word_1_169' title='bbox 256 1460 434 1515; x_wconf 80' lang='grc' dir='ltr'><em>Εὕησος,</em></span> <span class='ocrx_word' id='word_1_170' title='bbox 468 1458 673 1514; x_wconf 69' lang='grc' dir='ltr'>Κάβησος,</span> <span class='ocrx_word' id='word_1_171' title='bbox 705 1460 924 1516; x_wconf 76' lang='grc' dir='ltr'><em>Σάρδησος</em></span> <span class='ocrx_word' id='word_1_172' title='bbox 953 1464 994 1502; x_wconf 83' lang='lat' dir='ltr'>in</span> <span class='ocrx_word' id='word_1_173' title='bbox 1024 1462 1112 1503; x_wconf 81' lang='lat' dir='ltr'>cod.</span> <span class='ocrx_word' id='word_1_174' title='bbox 1144 1464 1354 1517; x_wconf 79' lang='lat' dir='ltr'>Stephani,</span> <span class='ocrx_word' id='word_1_175' title='bbox 1389 1463 1583 1520; x_wconf 75' lang='grc' dir='ltr'><em>Πρυμνη-</em></span> 
     </span>
     <span class='ocr_line' id='line_1_21' title="bbox 111 1525 1585 1581; baseline 0.003 -13"><span class='ocrx_word' id='word_1_176' title='bbox 111 1537 183 1575; x_wconf 84' lang='grc' dir='ltr'>σος</span> <span class='ocrx_word' id='word_1_177' title='bbox 210 1528 388 1569; x_wconf 87' lang='lat' dir='ltr'>Hierocl.</span> <span class='ocrx_word' id='word_1_178' title='bbox 410 1527 583 1578; x_wconf 77' lang='lat' dir='ltr'>Synecd.</span> <span class='ocrx_word' id='word_1_179' title='bbox 611 1539 644 1568; x_wconf 95' lang='lat' dir='ltr'>c.</span> <span class='ocrx_word' id='word_1_180' title='bbox 667 1527 730 1569; x_wconf 80' lang='lat'>26.</span> <span class='ocrx_word' id='word_1_181' title='bbox 762 1528 835 1569; x_wconf 90' lang='lat' dir='ltr'>sed</span> <span class='ocrx_word' id='word_1_182' title='bbox 864 1525 1115 1581; x_wconf 80' lang='grc' dir='ltr'><em>Πρυμνησός</em></span> <span class='ocrx_word' id='word_1_183' title='bbox 1146 1534 1359 1580; x_wconf 72' lang='lat' dir='ltr'>oxytonon</span> <span class='ocrx_word' id='word_1_184' title='bbox 1388 1530 1428 1570; x_wconf 91' lang='lat' dir='ltr'>in</span> <span class='ocrx_word' id='word_1_185' title='bbox 1461 1533 1585 1573; x_wconf 82' lang='lat' dir='ltr'>onini-</span> 
     </span>
     <span class='ocr_line' id='line_1_22' title="bbox 111 1592 1581 1646; baseline 0.004 -12"><span class='ocrx_word' id='word_1_186' title='bbox 111 1593 188 1634; x_wconf 91' lang='lat' dir='ltr'>bus</span> <span class='ocrx_word' id='word_1_187' title='bbox 217 1593 333 1634; x_wconf 89' lang='lat' dir='ltr'>codd.</span> <span class='ocrx_word' id='word_1_188' title='bbox 362 1593 483 1633; x_wconf 89' lang='lat' dir='ltr'>Paus.</span> <span class='ocrx_word' id='word_1_189' title='bbox 514 1593 558 1632; x_wconf 76' lang='lat' dir='ltr'>V.</span> <span class='ocrx_word' id='word_1_190' title='bbox 589 1592 652 1645; x_wconf 80' lang='lat'>21,</span> <span class='ocrx_word' id='word_1_191' title='bbox 683 1593 719 1634; x_wconf 85' lang='lat'>5.</span> <span class='ocrx_word' id='word_1_192' title='bbox 753 1594 912 1634; x_wconf 85' lang='lat' dir='ltr'>incolae</span> <span class='ocrx_word' id='word_1_193' title='bbox 947 1595 1232 1646; x_wconf 75' lang='grc' dir='ltr'><em>Πρυμνησσεῐς</em></span> <span class='ocrx_word' id='word_1_194' title='bbox 1262 1596 1411 1636; x_wconf 89' lang='lat' dir='ltr'>Sestin.</span> <span class='ocrx_word' id='word_1_195' title='bbox 1434 1597 1496 1638; x_wconf 90' lang='lat' dir='ltr'>IX.</span> <span class='ocrx_word' id='word_1_196' title='bbox 1518 1598 1581 1640; x_wconf 82' lang='lat'>66.</span> 
     </span>
     <span class='ocr_line' id='line_1_23' title="bbox 106 1654 1583 1711; baseline 0.005 -14"><span class='ocrx_word' id='word_1_197' title='bbox 106 1654 302 1710; x_wconf 81' lang='grc' dir='ltr'><em>Ἀσσησός</em></span> <span class='ocrx_word' id='word_1_198' title='bbox 330 1657 477 1698; x_wconf 89' lang='lat' dir='ltr'>Herod.</span> <span class='ocrx_word' id='word_1_199' title='bbox 507 1658 533 1698; x_wconf 93' lang='lat' dir='ltr'>I.</span> <span class='ocrx_word' id='word_1_200' title='bbox 567 1657 627 1698; x_wconf 80' lang='lat'>19.</span> <span class='ocrx_word' id='word_1_201' title='bbox 659 1663 699 1698; x_wconf 90' lang='lat' dir='ltr'>ct</span> <span class='ocrx_word' id='word_1_202' title='bbox 729 1658 807 1697; x_wconf 90' lang='lat' dir='ltr'>alia</span> <span class='ocrx_word' id='word_1_203' title='bbox 837 1658 1087 1711; x_wconf 84' lang='lat' dir='ltr'>hujusmodi,</span> <span class='ocrx_word' id='word_1_204' title='bbox 1132 1670 1302 1710; x_wconf 87' lang='lat' dir='ltr'>quorum</span> <span class='ocrx_word' id='word_1_205' title='bbox 1334 1662 1583 1711; x_wconf 86' lang='lat' dir='ltr'>perdifficilis</span> 
     </span>
     <span class='ocr_line' id='line_1_24' title="bbox 111 1722 1583 1778; baseline 0.003 -14"><span class='ocrx_word' id='word_1_206' title='bbox 111 1727 176 1764; x_wconf 88' lang='lat' dir='ltr'>est</span> <span class='ocrx_word' id='word_1_207' title='bbox 207 1722 463 1776; x_wconf 77' lang='lat' dir='ltr'>dijudicatio,</span> <span class='ocrx_word' id='word_1_208' title='bbox 506 1724 599 1774; x_wconf 84' lang='lat' dir='ltr'>quia</span> <span class='ocrx_word' id='word_1_209' title='bbox 639 1728 678 1763; x_wconf 90' lang='lat' dir='ltr'>et</span> <span class='ocrx_word' id='word_1_210' title='bbox 707 1724 746 1762; x_wconf 92' lang='lat' dir='ltr'>in</span> <span class='ocrx_word' id='word_1_211' title='bbox 777 1728 949 1763; x_wconf 88' lang='lat' dir='ltr'>accentu</span> <span class='ocrx_word' id='word_1_212' title='bbox 979 1735 1119 1775; x_wconf 87' lang='lat' dir='ltr'>parum</span> <span class='ocrx_word' id='word_1_213' title='bbox 1150 1723 1240 1763; x_wconf 87' lang='lat' dir='ltr'>fidei</span> <span class='ocrx_word' id='word_1_214' title='bbox 1273 1730 1312 1764; x_wconf 90' lang='lat' dir='ltr'>et</span> <span class='ocrx_word' id='word_1_215' title='bbox 1342 1727 1472 1778; x_wconf 83' lang='lat' dir='ltr'>sigma</span> <span class='ocrx_word' id='word_1_216' title='bbox 1500 1739 1583 1769; x_wconf 90' lang='lat' dir='ltr'>non</span> 
     </span>
     <span class='ocr_line' id='line_1_25' title="bbox 111 1788 1580 1839; baseline 0.004 -10"><span class='ocrx_word' id='word_1_217' title='bbox 111 1788 243 1829; x_wconf 85' lang='lat' dir='ltr'>solum</span> <span class='ocrx_word' id='word_1_218' title='bbox 270 1788 310 1826; x_wconf 88' lang='lat' dir='ltr'>in</span> <span class='ocrx_word' id='word_1_219' title='bbox 340 1788 454 1828; x_wconf 87' lang='lat' dir='ltr'>libris</span> <span class='ocrx_word' id='word_1_220' title='bbox 486 1788 558 1828; x_wconf 88' lang='lat' dir='ltr'>scd</span> <span class='ocrx_word' id='word_1_221' title='bbox 590 1789 708 1828; x_wconf 79' lang='lat' dir='ltr'>ctiam</span> <span class='ocrx_word' id='word_1_222' title='bbox 729 1789 767 1827; x_wconf 91' lang='lat' dir='ltr'>in</span> <span class='ocrx_word' id='word_1_223' title='bbox 789 1789 960 1828; x_wconf 84' lang='lat' dir='ltr'>numinis</span> <span class='ocrx_word' id='word_1_224' title='bbox 985 1793 1023 1828; x_wconf 89' lang='lat' dir='ltr'>et</span> <span class='ocrx_word' id='word_1_225' title='bbox 1043 1788 1245 1839; x_wconf 86' lang='lat' dir='ltr'>lapidibus</span> <span class='ocrx_word' id='word_1_226' title='bbox 1268 1789 1440 1832; x_wconf 88' lang='lat' dir='ltr'>literatis</span> <span class='ocrx_word' id='word_1_227' title='bbox 1459 1793 1580 1834; x_wconf 90' lang='lat' dir='ltr'>modo</span> 
     </span>
     <span class='ocr_line' id='line_1_26' title="bbox 112 1852 1583 1900; baseline 0.004 -7"><span class='ocrx_word' id='word_1_228' title='bbox 112 1853 271 1893; x_wconf 85' lang='lat' dir='ltr'>additur</span> <span class='ocrx_word' id='word_1_229' title='bbox 300 1852 421 1893; x_wconf 89' lang='lat' dir='ltr'>modo</span> <span class='ocrx_word' id='word_1_230' title='bbox 454 1853 635 1893; x_wconf 87' lang='lat' dir='ltr'>demitur.</span> <span class='ocrx_word' id='word_1_231' title='bbox 701 1853 851 1893; x_wconf 85' lang='lat' dir='ltr'>Eadem</span> <span class='ocrx_word' id='word_1_232' title='bbox 891 1854 1166 1893; x_wconf 78' lang='lat' dir='ltr'>inconstantii</span> <span class='ocrx_word' id='word_1_233' title='bbox 1205 1859 1268 1894; x_wconf 90' lang='lat' dir='ltr'>est</span> <span class='ocrx_word' id='word_1_234' title='bbox 1306 1858 1511 1899; x_wconf 89' lang='lat' dir='ltr'>nominum</span> <span class='ocrx_word' id='word_1_235' title='bbox 1540 1859 1583 1900; x_wconf 88' lang='lat' dir='ltr'>in</span> 
     </span>
     <span class='ocr_line' id='line_1_27' title="bbox 110 1918 1582 1971; baseline 0.004 -13"><span class='ocrx_word' id='word_1_236' title='bbox 110 1928 209 1966; x_wconf 79' lang='grc' dir='ltr'><em>ασος</em></span> <span class='ocrx_word' id='word_1_237' title='bbox 240 1920 468 1959; x_wconf 73' lang='lat' dir='ltr'>exeuntium</span> <span class='ocrx_word' id='word_1_238' title='bbox 498 1918 571 1958; x_wconf 86' lang='lat' dir='ltr'>sed</span> <span class='ocrx_word' id='word_1_239' title='bbox 598 1919 662 1957; x_wconf 90' lang='lat' dir='ltr'>hic</span> <span class='ocrx_word' id='word_1_240' title='bbox 693 1918 771 1958; x_wconf 85' lang='lat' dir='ltr'>alia</span> <span class='ocrx_word' id='word_1_241' title='bbox 799 1918 987 1959; x_wconf 83' lang='lat' dir='ltr'>molestia</span> <span class='ocrx_word' id='word_1_242' title='bbox 1018 1919 1175 1959; x_wconf 81' lang='lat' dir='ltr'>accedit</span> <span class='ocrx_word' id='word_1_243' title='bbox 1206 1931 1255 1959; x_wconf 76' lang='lat' dir='ltr'>ex</span> <span class='ocrx_word' id='word_1_244' title='bbox 1284 1924 1582 1971; x_wconf 87' lang='lat' dir='ltr'>permutatione</span> 
     </span>
     <span class='ocr_line' id='line_1_28' title="bbox 110 1975 1583 2039; baseline 0.003 -15"><span class='ocrx_word' id='word_1_245' title='bbox 110 1985 316 2025; x_wconf 87' lang='lat' dir='ltr'>literarum</span> <span class='ocrx_word' id='word_1_246' title='bbox 344 1994 394 2024; x_wconf 87' lang='lat'>66</span> <span class='ocrx_word' id='word_1_247' title='bbox 424 1990 464 2025; x_wconf 83' lang='lat' dir='ltr'>et</span> <span class='ocrx_word' id='word_1_248' title='bbox 492 1975 546 2024; x_wconf 72' lang='grc' dir='ltr'>τ-τ.</span> <span class='ocrx_word' id='word_1_249' title='bbox 604 1983 704 2023; x_wconf 82' lang='lat' dir='ltr'>Nam</span> <span class='ocrx_word' id='word_1_250' title='bbox 738 1981 985 2034; x_wconf 79' lang='grc' dir='ltr'><em>Παρνασσός</em></span> <span class='ocrx_word' id='word_1_251' title='bbox 1014 1984 1172 2035; x_wconf 88' lang='lat' dir='ltr'>quidem</span> <span class='ocrx_word' id='word_1_252' title='bbox 1203 1996 1350 2037; x_wconf 85' lang='lat' dir='ltr'>nunqu</span> <span class='ocrx_word' id='word_1_253' title='bbox 1344 1998 1405 2026; x_wconf 86' lang='lat' dir='ltr'>nn</span> <span class='ocrx_word' id='word_1_254' title='bbox 1436 1999 1509 2039; x_wconf 91' lang='lat' dir='ltr'>per</span> <span class='ocrx_word' id='word_1_255' title='bbox 1538 2003 1583 2029; x_wconf 78' lang='grc' dir='ltr'>ττ</span> 
     </span>
     <span class='ocr_line' id='line_1_29' title="bbox 109 2045 1581 2102; baseline 0.002 -11"><span class='ocrx_word' id='word_1_256' title='bbox 109 2050 320 2102; x_wconf 83' lang='lat' dir='ltr'>scribitur,</span> <span class='ocrx_word' id='word_1_257' title='bbox 360 2061 435 2090; x_wconf 80' lang='lat' dir='ltr'>nec</span> <span class='ocrx_word' id='word_1_258' title='bbox 467 2046 701 2101; x_wconf 64' lang='grc' dir='ltr'><em>Γαργηττός</em></span> <span class='ocrx_word' id='word_1_259' title='bbox 741 2061 812 2101; x_wconf 85' lang='lat' dir='ltr'>per</span> <span class='ocrx_word' id='word_1_260' title='bbox 843 2058 904 2102; x_wconf 84' lang='lat'>66,</span> <span class='ocrx_word' id='word_1_261' title='bbox 943 2061 1017 2100; x_wconf 88' lang='lat' dir='ltr'>pro</span> <span class='ocrx_word' id='word_1_262' title='bbox 1041 2045 1272 2102; x_wconf 73' lang='grc' dir='ltr'><em>Ὑμηττόςὸ</em></span> <span class='ocrx_word' id='word_1_263' title='bbox 1299 2063 1397 2092; x_wconf 85' lang='lat' dir='ltr'>vero</span> <span class='ocrx_word' id='word_1_264' title='bbox 1430 2054 1471 2093; x_wconf 87' lang='lat' dir='ltr'>in</span> <span class='ocrx_word' id='word_1_265' title='bbox 1496 2054 1581 2095; x_wconf 91' lang='lat' dir='ltr'>He-</span> 
     </span>
     <span class='ocr_line' id='line_1_30' title="bbox 108 2111 1581 2169; baseline 0.003 -13"><span class='ocrx_word' id='word_1_266' title='bbox 108 2115 196 2156; x_wconf 90' lang='lat' dir='ltr'>rod.</span> <span class='ocrx_word' id='word_1_267' title='bbox 229 2115 290 2155; x_wconf 73' lang='lat' dir='ltr'>Vl.</span> <span class='ocrx_word' id='word_1_268' title='bbox 324 2115 413 2156; x_wconf 77' lang='lat'><strong>137.</strong></span> <span class='ocrx_word' id='word_1_269' title='bbox 445 2111 651 2169; x_wconf 58' lang='lat' dir='ltr'>‘rumcog</span> <span class='ocrx_word' id='word_1_270' title='bbox 689 2120 732 2154; x_wconf 85' lang='lat' dir='ltr'>ut</span> <span class='ocrx_word' id='word_1_271' title='bbox 773 2112 999 2167; x_wconf 79' lang='grc' dir='ltr'><em>Βριλησσός</em></span> <span class='ocrx_word' id='word_1_272' title='bbox 1037 2116 1123 2156; x_wconf 84' lang='lat' dir='ltr'>Sive</span> <span class='ocrx_word' id='word_1_273' title='bbox 1165 2114 1385 2169; x_wconf 76' lang='grc' dir='ltr'><em>Βριλησός,</em></span> <span class='ocrx_word' id='word_1_274' title='bbox 1426 2118 1499 2159; x_wconf 81' lang='lat' dir='ltr'>sed</span> <span class='ocrx_word' id='word_1_275' title='bbox 1541 2124 1581 2160; x_wconf 83' lang='lat' dir='ltr'>el.</span> 
     </span>
     <span class='ocr_line' id='line_1_31' title="bbox 107 2171 1583 2234; baseline 0.002 -13"><span class='ocrx_word' id='word_1_276' title='bbox 107 2181 187 2222; x_wconf 90' lang='lat' dir='ltr'>hoc</span> <span class='ocrx_word' id='word_1_277' title='bbox 223 2191 511 2233; x_wconf 86' lang='lat' dir='ltr'>nonnunquam</span> <span class='ocrx_word' id='word_1_278' title='bbox 551 2192 623 2232; x_wconf 89' lang='lat' dir='ltr'>per</span> <span class='ocrx_word' id='word_1_279' title='bbox 650 2171 705 2230; x_wconf 73' lang='grc' dir='ltr'>τ-τ,</span> <span class='ocrx_word' id='word_1_280' title='bbox 747 2180 975 2232; x_wconf 86' lang='lat' dir='ltr'>triplicique</span> <span class='ocrx_word' id='word_1_281' title='bbox 1005 2181 1125 2222; x_wconf 88' lang='lat' dir='ltr'>modo</span> <span class='ocrx_word' id='word_1_282' title='bbox 1160 2179 1450 2234; x_wconf 75' lang='grc' dir='ltr'><em>Λυκαβησσός,</em></span> <span class='ocrx_word' id='word_1_283' title='bbox 1500 2185 1583 2224; x_wconf 87' lang='grc' dir='ltr'>Λυ-</span> 
     </span>
    </p>
   </div>
   <div class='ocr_carea' id='block_1_3' title="bbox 281 410 383 414">
    <p class='ocr_par' dir='ltr' id='par_1_3' title="bbox 281 410 383 414">
     <span class='ocr_line' id='line_1_32' title="bbox 281 410 383 414; baseline 0 0"><span class='ocrx_word' id='word_1_284' title='bbox 281 410 383 414; x_wconf 95' lang='lat' dir='ltr'> </span> 
     </span>
    </p>
   </div>
   <div class='ocr_carea' id='block_1_4' title="bbox 112 1910 221 1915">
    <p class='ocr_par' dir='ltr' id='par_1_4' title="bbox 112 1910 221 1915">
     <span class='ocr_line' id='line_1_33' title="bbox 112 1910 221 1915; baseline 0 0"><span class='ocrx_word' id='word_1_285' title='bbox 112 1910 221 1915; x_wconf 95' lang='lat' dir='ltr'> </span> 
     </span>
    </p>
   </div>
   <div class='ocr_carea' id='block_1_5' title="bbox 110 2364 1581 2751">
    <p class='ocr_par' dir='ltr' id='par_1_5' title="bbox 110 2364 1581 2630">
     <span class='ocr_line' id='line_1_34' title="bbox 199 2364 1581 2410; baseline 0.004 -12"><span class='ocrx_word' id='word_1_286' title='bbox 199 2366 236 2406; x_wconf 82' lang='grc'>7)</span> <span class='ocrx_word' id='word_1_287' title='bbox 271 2364 344 2398; x_wconf 86' lang='lat' dir='ltr'>Hoc</span> <span class='ocrx_word' id='word_1_288' title='bbox 369 2367 521 2407; x_wconf 80' lang='lat' dir='ltr'>ignotum</span> <span class='ocrx_word' id='word_1_289' title='bbox 547 2369 617 2408; x_wconf 73' lang='lat' dir='ltr'>est3</span> <span class='ocrx_word' id='word_1_290' title='bbox 643 2365 838 2410; x_wconf 58' lang='lat' dir='ltr'>&#39;Aesvfiffdi</span> <span class='ocrx_word' id='word_1_291' title='bbox 860 2365 1024 2409; x_wconf 52' lang='grc' dir='ltr'>ποταμός</span> <span class='ocrx_word' id='word_1_292' title='bbox 1061 2367 1207 2410; x_wconf 76' lang='lat' dir='ltr'>Appian.</span> <span class='ocrx_word' id='word_1_293' title='bbox 1245 2365 1317 2400; x_wconf 83' lang='lat' dir='ltr'>Civ.</span> <span class='ocrx_word' id='word_1_294' title='bbox 1349 2366 1404 2401; x_wconf 87' lang='lat' dir='ltr'>IV.</span> <span class='ocrx_word' id='word_1_295' title='bbox 1442 2368 1516 2404; x_wconf 85' lang='lat'>103.</span> <span class='ocrx_word' id='word_1_296' title='bbox 1546 2373 1581 2404; x_wconf 80' lang='lat' dir='ltr'>et</span> 
     </span>
     <span class='ocr_line' id='line_1_35' title="bbox 110 2418 1574 2465; baseline 0.002 -13"><span class='ocrx_word' id='word_1_297' title='bbox 110 2418 323 2462; x_wconf 64' lang='grc' dir='ltr'><em>Περμησσός</em></span> <span class='ocrx_word' id='word_1_298' title='bbox 349 2429 368 2453; x_wconf 90' lang='lat' dir='ltr'>a</span> <span class='ocrx_word' id='word_1_299' title='bbox 392 2422 518 2463; x_wconf 86' lang='lat' dir='ltr'>scripto</span> <span class='ocrx_word' id='word_1_300' title='bbox 546 2421 681 2463; x_wconf 85' lang='lat' dir='ltr'>longius</span> <span class='ocrx_word' id='word_1_301' title='bbox 717 2422 905 2464; x_wconf 82' lang='lat' dir='ltr'>recedunt3</span> <span class='ocrx_word' id='word_1_302' title='bbox 942 2431 1067 2456; x_wconf 88' lang='lat' dir='ltr'>nnnme</span> <span class='ocrx_word' id='word_1_303' title='bbox 1096 2420 1310 2463; x_wconf 47' lang='lat' dir='ltr'>&#39;Ed‘estfflmss</span> <span class='ocrx_word' id='word_1_304' title='bbox 1344 2422 1398 2456; x_wconf 85' lang='lat' dir='ltr'>vel</span> <span class='ocrx_word' id='word_1_305' title='bbox 1430 2422 1574 2465; x_wconf 71' lang='grc' dir='ltr'>Ἰἰρβησ-</span> 
     </span>
     <span class='ocr_line' id='line_1_36' title="bbox 111 2473 1579 2519; baseline 0.004 -13"><span class='ocrx_word' id='word_1_306' title='bbox 111 2473 172 2510; x_wconf 74' lang='grc' dir='ltr'>σός</span> <span class='ocrx_word' id='word_1_307' title='bbox 197 2473 313 2516; x_wconf 74' lang='grc' dir='ltr'><em>ὄνομα</em></span> <span class='ocrx_word' id='word_1_308' title='bbox 341 2474 476 2511; x_wconf 70' lang='grc' dir='ltr'><em>πόλεως</em></span> <span class='ocrx_word' id='word_1_309' title='bbox 500 2476 661 2519; x_wconf 79' lang='lat' dir='ltr'>scripsit?</span> <span class='ocrx_word' id='word_1_310' title='bbox 690 2486 766 2510; x_wconf 81' lang='lat' dir='ltr'>llam</span> <span class='ocrx_word' id='word_1_311' title='bbox 792 2476 893 2513; x_wconf 73' lang='grc' dir='ltr'>πόλις</span> <span class='ocrx_word' id='word_1_312' title='bbox 918 2480 952 2511; x_wconf 75' lang='lat' dir='ltr'>ct</span> <span class='ocrx_word' id='word_1_313' title='bbox 976 2475 1138 2519; x_wconf 66' lang='grc' dir='ltr'>ποιαμός</span> <span class='ocrx_word' id='word_1_314' title='bbox 1163 2477 1303 2519; x_wconf 78' lang='lat' dir='ltr'>saepius</span> <span class='ocrx_word' id='word_1_315' title='bbox 1332 2477 1485 2512; x_wconf 74' lang='lat' dir='ltr'>confusa.</span> <span class='ocrx_word' id='word_1_316' title='bbox 1516 2478 1579 2512; x_wconf 83' lang='lat' dir='ltr'>Pro</span> 
     </span>
     <span class='ocr_line' id='line_1_37' title="bbox 112 2529 1579 2575; baseline 0.003 -13"><span class='ocrx_word' id='word_1_317' title='bbox 112 2529 305 2569; x_wconf 72' lang='grc' dir='ltr'>Μοὸησσός</span> <span class='ocrx_word' id='word_1_318' title='bbox 336 2534 430 2565; x_wconf 86' lang='lat' dir='ltr'>certe</span> <span class='ocrx_word' id='word_1_319' title='bbox 460 2530 639 2570; x_wconf 70' lang='grc' dir='ltr'>Ὀδησσός.</span> <span class='ocrx_word' id='word_1_320' title='bbox 684 2531 877 2575; x_wconf 69' lang='grc' dir='ltr'>Ὀρδησσός</span> <span class='ocrx_word' id='word_1_321' title='bbox 912 2531 1002 2565; x_wconf 75' lang='lat' dir='ltr'>fluvii</span> <span class='ocrx_word' id='word_1_322' title='bbox 1033 2541 1157 2566; x_wconf 88' lang='lat' dir='ltr'>nomen</span> <span class='ocrx_word' id='word_1_323' title='bbox 1182 2533 1215 2565; x_wconf 93' lang='lat' dir='ltr'>in</span> <span class='ocrx_word' id='word_1_324' title='bbox 1241 2530 1342 2565; x_wconf 87' lang='lat' dir='ltr'>codd.</span> <span class='ocrx_word' id='word_1_325' title='bbox 1368 2531 1494 2567; x_wconf 85' lang='lat' dir='ltr'>Herod.</span> <span class='ocrx_word' id='word_1_326' title='bbox 1524 2533 1579 2567; x_wconf 92' lang='lat' dir='ltr'>IV.</span> 
     </span>
     <span class='ocr_line' id='line_1_38' title="bbox 111 2584 1104 2630; baseline 0.006 -16"><span class='ocrx_word' id='word_1_327' title='bbox 111 2584 374 2628; x_wconf 67' lang='lat' dir='ltr'>48.”0915r1‘56⁰;</span> <span class='ocrx_word' id='word_1_328' title='bbox 392 2585 562 2630; x_wconf 73' lang='grc' dir='ltr'>Ὄρδησος</span> <span class='ocrx_word' id='word_1_329' title='bbox 587 2590 621 2620; x_wconf 89' lang='lat' dir='ltr'>et</span> <span class='ocrx_word' id='word_1_330' title='bbox 639 2587 825 2630; x_wconf 72' lang='grc' dir='ltr'><em>’Όρδισσος</em></span> <span class='ocrx_word' id='word_1_331' title='bbox 850 2589 1011 2630; x_wconf 85' lang='lat' dir='ltr'>scriptum</span> <span class='ocrx_word' id='word_1_332' title='bbox 1041 2591 1104 2622; x_wconf 86' lang='lat' dir='ltr'>est.</span> 
     </span>
    </p>

    <p class='ocr_par' dir='ltr' id='par_1_6' title="bbox 114 2648 1580 2751">
     <span class='ocr_line' id='line_1_39' title="bbox 199 2648 1580 2696; baseline 0.001 -11"><span class='ocrx_word' id='word_1_333' title='bbox 199 2649 237 2692; x_wconf 84' lang='lat'>8)</span> <span class='ocrx_word' id='word_1_334' title='bbox 257 2648 433 2693; x_wconf 74' lang='grc' dir='ltr'>Ὕμητιος</span> <span class='ocrx_word' id='word_1_335' title='bbox 458 2655 750 2696; x_wconf 78' lang='lat' dir='ltr'>proparoxytonos</span> <span class='ocrx_word' id='word_1_336' title='bbox 775 2653 946 2696; x_wconf 88' lang='lat' dir='ltr'>Theophr.</span> <span class='ocrx_word' id='word_1_337' title='bbox 978 2652 1020 2687; x_wconf 84' lang='lat' dir='ltr'>dc</span> <span class='ocrx_word' id='word_1_338' title='bbox 1045 2652 1140 2694; x_wconf 86' lang='lat' dir='ltr'>Sign.</span> <span class='ocrx_word' id='word_1_339' title='bbox 1166 2650 1231 2694; x_wconf 79' lang='lat' dir='ltr'>Aq.</span> <span class='ocrx_word' id='word_1_340' title='bbox 1259 2651 1284 2685; x_wconf 95' lang='lat' dir='ltr'>l.</span> <span class='ocrx_word' id='word_1_341' title='bbox 1311 2651 1342 2691; x_wconf 89' lang='lat'>§.</span> <span class='ocrx_word' id='word_1_342' title='bbox 1367 2651 1422 2695; x_wconf 88' lang='lat'>20,</span> <span class='ocrx_word' id='word_1_343' title='bbox 1447 2653 1523 2689; x_wconf 79' lang='lat'><strong>787.</strong></span> <span class='ocrx_word' id='word_1_344' title='bbox 1545 2660 1580 2689; x_wconf 84' lang='lat' dir='ltr'>et</span> 
     </span>
     <span class='ocr_line' id='line_1_40' title="bbox 114 2704 1127 2751; baseline -0.001 -12"><span class='ocrx_word' id='word_1_345' title='bbox 114 2705 155 2739; x_wconf 80' lang='lat' dir='ltr'>ll:</span> <span class='ocrx_word' id='word_1_346' title='bbox 184 2705 215 2746; x_wconf 87' lang='grc'>6,</span> <span class='ocrx_word' id='word_1_347' title='bbox 243 2704 318 2740; x_wconf 84' lang='grc'>795.</span> <span class='ocrx_word' id='word_1_348' title='bbox 348 2709 464 2741; x_wconf 87' lang='lat' dir='ltr'>contra</span> <span class='ocrx_word' id='word_1_349' title='bbox 488 2707 642 2749; x_wconf 85' lang='lat' dir='ltr'>regulam</span> <span class='ocrx_word' id='word_1_350' title='bbox 666 2707 831 2751; x_wconf 82' lang='lat' dir='ltr'>Stephani</span> <span class='ocrx_word' id='word_1_351' title='bbox 858 2718 885 2743; x_wconf 87' lang='lat' dir='ltr'>s.</span> <span class='ocrx_word' id='word_1_352' title='bbox 914 2707 1127 2751; x_wconf 71' lang='grc' dir='ltr'>Γαργηιιός.</span> 
     </span>
    </p>
   </div>
  </div>
 </body>
</html>
