1731 3021
141 177 232 220 lib-¹1
591 171 1027 216 DISSERTATIO
1067 172 1114 214 X.

146 285 322 338 φυλλίδα
360 285 432 337 τῆς
470 280 721 336 ἀμπέλου,2”
760 281 827 322 ubi
866 292 949 322 non
988 282 1125 322 tenuia
1164 282 1283 334 folia,
1330 286 1374 322 ut
1411 282 1616 334 interpres

148 350 321 392 reddidit
351 350 424 391 sed
455 350 692 402 simpliciter
724 348 822 388 solia
850 346 1092 397 indicantur,
1122 346 1380 388 Needhamns
1416 359 1499 389 non
1529 350 1619 390 sine

150 417 311 458 ratione
352 414 542 468 φυλλάδα
581 418 798 468 praeoptat
830 417 871 452 ut
901 410 1102 465 φυλλάὸες
1130 413 1281 465 μίνθης
1309 413 1395 453 Nic.
1432 413 1494 453 Al.
1527 414 1618 456 374.

153 494 251 523 esca
280 493 378 522 vero
411 483 572 523 foliacia
600 487 730 521 utrum
759 479 903 532 φυλλίς
930 484 1076 519 vocata
1106 479 1157 519 sit
1187 490 1238 519 an
1267 475 1444 531 φυλλάς,
1474 478 1515 519 id
1544 490 1621 520 ne-

154 559 232 599 que
263 559 312 587 ex
342 548 584 588 testimoniis
610 546 785 598 Judicari
816 549 974 597 potest,
1014 557 1118 597 quae
1156 545 1196 584 in
1226 548 1438 595 utramque
1467 548 1623 596 partem

156 614 239 653 sere
269 619 361 654 sunt
387 615 522 666 paria,
551 623 683 663 neque
715 621 764 650 ex
796 614 940 650 natura
970 611 1041 663 rei,
1071 620 1190 661 quam
1220 620 1338 649 nemo
1368 609 1479 649 vidit.
1538 609 1624 649 Po-

156 683 308 718 stremo
340 676 494 729 φωλάς,
524 677 633 730 quod
661 681 795 727 etymo
828 680 953 728 caret,
984 676 1086 716 alias
1117 674 1360 726 adjectivum
1390 679 1453 715 est
1483 670 1626 727 φωλὰς

155 739 281 794 πέτρα
312 744 443 785 Nonn.
474 750 513 784 et
539 743 681 796 φωλὰς
709 739 857 791 ἄρκτος
889 741 1059 781 Theocr.
1097 740 1199 780 alias
1240 739 1422 780 conchae
1464 751 1624 793 nomen,

158 809 287 860 φωλίς
325 820 423 848 vero
455 810 582 860 piscis
614 807 687 847 sed
714 807 819 846 idem
850 805 970 845 hodie
995 805 1149 857 pltotas
1168 803 1313 843 dicitur
1333 816 1369 845 v.
1390 805 1626 846 Schneider.

160 874 211 914 ad
242 875 411 914 Aristot.
444 874 485 914 T.
517 873 577 914 III.
611 872 701 912 203.
734 882 781 910 ac
810 871 950 910 nescio
978 882 1029 910 an
1065 870 1106 909 in
1136 868 1329 919 Hesychii
1357 870 1503 921 glossa
1535 872 1629 910 Φω-

159 939 292 985 λαΐδες
322 934 544 988 ὀστράκινα
574 942 745 988 utraque
777 934 1016 975 confluxerit
1047 935 1250 986 scriptura
1279 933 1464 987 φωλάδες
1484 940 1522 976 et
1543 950 1629 989 φω-

160 1003 328 1050 λίόες.3“
384 1005 529 1044 Verum
556 1006 640 1054 jam
671 1002 773 1042 satis
804 1005 974 1052 apparet
1005 1002 1109 1041 inter
1138 1006 1347 1053 utramque
1377 1003 1631 1042 terminatio-

162 1081 253 1109 nem
292 1069 413 1109 modo
450 1069 609 1110 differre
647 1065 797 1118 aliquid
827 1065 947 1106 modo
979 1067 1097 1117 nihil;
1141 1072 1271 1106 utrum
1313 1071 1446 1107 autem
1487 1067 1632 1108 Graeci

164 1136 318 1186 antiqui
366 1136 485 1186 hujus
534 1132 838 1185 inaequalitatis
883 1136 1076 1173 auctores
1125 1133 1272 1171 fuerint
1311 1143 1362 1172 an
1399 1131 1553 1172 librarii
1592 1138 1632 1174 et

164 1206 379 1253 quatenus,
411 1201 541 1240 adhuc
563 1199 769 1251 explorari
791 1209 873 1238 non
891 1199 1034 1249 potuit.
1080 1197 1123 1237 In
1146 1198 1301 1237 nostris
1324 1197 1483 1249 quidem
1505 1198 1632 1253 libris,

165 1266 252 1306 sive
285 1266 532 1306 dissentiunt
563 1267 650 1308 sive
681 1265 932 1315 conspirant,
964 1263 1222 1303 auctoritatis
1242 1275 1383 1315 parum
1406 1263 1457 1303 ob
1478 1264 1635 1305 facilem

164 1331 368 1371 vocalium
398 1332 425 1371 ἆ
456 1336 494 1372 et
522 1337 542 1370 ῖ
573 1331 858 1371 confusionem
899 1334 938 1369 et
977 1330 1070 1380 quia
1101 1329 1310 1379 utriusque
1341 1330 1635 1370 terminationis

164 1397 207 1436 in
238 1397 470 1437 universum
511 1407 641 1448 pauca
679 1399 818 1435 extant
859 1394 1045 1445 exempla
1075 1405 1203 1444 eaque
1237 1394 1449 1434 maximam
1479 1399 1636 1447 partem

169 1473 192 1502 a
223 1463 359 1513 poetis
391 1463 576 1513 prosecta
607 1466 675 1501 aut
705 1473 728 1500 a
757 1459 1078 1510 Glossographis
1109 1464 1224 1498 extra
1255 1458 1436 1499 ordinem
1463 1465 1502 1500 et
1532 1471 1637 1500 con-

169 1530 322 1567 textum
361 1527 504 1579 allata,
544 1527 739 1577 pleraque
769 1526 1022 1575 utensilium,
1053 1524 1369 1575 esculentorum,
1399 1524 1637 1578 plantarum,

167 1593 429 1632 animantium
466 1591 679 1632 vocabula.
720 1615 773 1620 —
810 1592 845 1630 A
883 1589 1114 1630 nominibus
1163 1589 1306 1628 tertiae
1354 1588 1638 1630 declinationis

169 1656 353 1698 derivata
380 1652 505 1709 ἡρωίς
536 1661 575 1697 et
607 1652 745 1709 ἥρωάς
773 1657 814 1695 in
856 1656 1058 1696 Corinnae
1096 1664 1240 1705 versu,
1280 1651 1479 1707 Δημήτηρ
1517 1650 1639 1703 ἁλωίς

168 1720 238 1762 καὶ
272 1718 407 1770 ἀλωάς
443 1720 597 1775 λέγεται
638 1721 775 1764 Schol.
808 1722 977 1762 Theocr.
1018 1720 1097 1760 Vll.
1141 1719 1229 1759 155.
1269 1730 1440 1771 quorum
1480 1722 1641 1773 utrique

172 1787 288 1829 codd.
321 1788 466 1829 adsunt
496 1788 569 1829 sed
600 1793 744 1828 auctor
774 1787 877 1827 alius
909 1786 1065 1837 nullus3
1096 1785 1246 1837 pariter
1276 1785 1487 1837 ambigitur
1517 1787 1641 1839 Τρωί-

172 1853 236 1901 δες
274 1858 313 1894 et
359 1851 547 1905 Τρωάόες
577 1854 617 1894 Il.
650 1854 727 1894 Vll.
758 1853 850 1894 297.
883 1853 1052 1899 πλωίὸες
1091 1857 1130 1891 et
1161 1848 1342 1898 πλωοὲδες
1371 1863 1406 1893 V.
1438 1853 1640 1903 Spitzner.

173 1920 343 1962 Observ.
378 1920 428 1960 ad
457 1920 589 1968 Quint.
619 1931 657 1971 p.
702 1919 790 1960 131.
840 1917 1029 1970 Τριχάὸες
1073 1917 1257 1969 (pisculi)
1299 1927 1440 1958 omnes
1482 1923 1642 1960 tuentur

174 1986 292 2029 codd,
321 1987 423 2029 Poll.
453 1986 498 2026 ΙΙ.
529 1985 593 2025 24.
633 1984 705 2025 sed
735 1985 802 2024 vix
833 1984 1026 2024 credibile
1058 1987 1120 2023 est
1151 1983 1200 2023 ab
1232 1983 1383 2022 usitata
1413 1983 1542 2024 forma
1571 1995 1642 2024 re-

172 2062 337 2094 cessum
376 2062 482 2092 esse.
535 2045 684 2102 Ὀρχὰς
723 2047 835 2090 ἐλαία
875 2049 1044 2091 Nicand.
1077 2060 1100 2088 a
1127 2049 1282 2089 Latinis
1315 2047 1465 2088 archas
1497 2049 1643 2090 dicitur

174 2121 212 2156 et
243 2116 380 2157 orchis
421 2127 571 2167 genere
612 2115 799 2166 ambiguo
833 2116 936 2155 sicut
965 2115 1092 2155 herba
1123 2110 1146 2153 ὁ
1175 2111 1284 2166 ὄρχις
1315 2116 1354 2152 et
1384 2118 1536 2153 mutato
1569 2127 1642 2167 per

174 2182 343 2232 synesin
381 2192 530 2232 genere
566 2176 592 2233 ἡ
632 2177 742 2233 ὄρχις
779 2182 851 2234 τῆς
880 2178 1049 2233 ὅρχεως,
1089 2190 1214 2232 quare
1255 2189 1337 2218 non
1377 2177 1642 2219 derivativum

174 2247 333 2287 videtur
363 2252 404 2287 ut
435 2242 569 2298 ὀρχάς,
601 2243 738 2298 ὀρχιάς
770 2251 808 2286 et
838 2242 1006 2298 ὀρχῖτις,
1049 2245 1122 2286 sed
1152 2244 1394 2295 primitivum
1425 2255 1499 2295 pro
1533 2244 1644 2286 deri-

174 2317 270 2352 vato
309 2317 352 2352 ut
392 2312 472 2352 alia
511 2311 738 2363 plantarum
780 2313 944 2353 nomina
974 2308 1088 2364 ὄφις,
1130 2307 1256 2350 κύων.
1322 2309 1401 2348 Pro
1434 2306 1646 2360 Κεραστάς

175 2377 284 2431 quod
315 2382 379 2418 est
410 2377 532 2430 Cypri
563 2387 712 2417 nomen
742 2376 872 2417 Nonn.
903 2376 1004 2419 ΧΙΙΙ.
1034 2376 1125 2418 441,
1157 2374 1337 2428 Graefius
1359 2385 1409 2415 ex
1428 2374 1518 2416 aliis
1539 2375 1644 2418 locis

265 2543 324 2584 29)
345 2543 437 2576 Sami
458 2542 591 2576 insulae
614 2550 740 2576 nomen
763 2541 936 2585 antiquum
958 2540 1018 2574 l'uit
1039 2540 1170 2577 Φυλλίς
1190 2538 1643 2575 νει(Ιιυλλιὶςν.ΤΖει,-1ω61(.

178 2598 219 2632 ad
244 2598 353 2632 Strab.
380 2599 434 2633 94.
464 2601 497 2632 et
519 2595 798 2639 ,ν’ῑΙελάΑιιςτυλλος.

266 2654 324 2696 30)
351 2653 389 2689 In
414 2652 501 2688 Hist.
528 2652 615 2686 Ann.
642 2651 697 2685 IX.
723 2652 776 2687 37.
804 2661 837 2695 p.
868 2651 943 2693 621,
968 2651 1000 2686 8.
1029 2660 1088 2693 pro
1116 2650 1231 2684 dativo
1258 2648 1390 2693 φωλίδι
1413 2649 1550 2693 plurimi
1570 2648 1646 2682 libri

177 2708 345 2753 praebent
373 2707 516 2751 φωλίδα
544 2708 689 2742 sortasse
715 2717 777 2751 per
802 2706 1007 2743 metathesin
1034 2716 1078 2742 ex
1103 2705 1248 2749 φωλάδι
1275 2705 1508 2749 depravatum.
