1699 3021
311 162 379 203 DE
410 161 529 203 MUT.
561 159 767 201 TERMIN.
798 159 996 202 CAUSIS.
1037 161 1077 202 C.
1099 161 1125 202 I.
1164 166 1202 210 §.
1225 163 1258 204 1.
1491 163 1521 205 9

51 267 209 323 τάφρος
236 268 481 321 praebent.³
515 269 734 310 Praeterea
762 268 997 309 Herodotus
1026 270 1152 310 utitur
1182 270 1382 311 femininis
1412 270 1522 323 αἴνη,

52 331 179 387 νομή,
219 330 325 388 nivii,
345 336 365 361 4
406 346 510 387 quae
539 334 740 374 Homerus
770 335 810 374 in
840 324 885 381 σ’ς’
917 335 1124 388 terminat,
1155 339 1195 376 et
1225 335 1334 387 quod
1365 336 1428 377 hic
1457 336 1522 378 di-

53 401 107 442 cit
137 397 223 454 ὤρη
252 401 393 441 κοίτου
423 400 496 442 Od.
524 399 642 440 XVII.
672 399 763 440 510.
804 398 911 450 apud
940 399 1050 439 illum
1082 404 1145 439 est
1175 396 1260 452 ὥρη
1288 401 1359 453 τῆς
1387 403 1524 454 κοίτης

52 465 80 507 1.
108 465 169 507 10.
200 466 273 507 sed
303 466 407 508 idem
439 466 558 506 etiam
587 467 735 514 κοῖτος,
766 461 865 516 ῥόος
895 468 934 504 et
963 461 1083 515 χόλος
1113 464 1256 506 eodem
1287 478 1366 518 quo
1399 472 1523 519 poeta

50 541 201 583 genere
240 533 402 585 extulit,
450 526 633 577 κολωνός
677 540 774 569 vero
822 531 1061 581 praeposuit
1100 530 1306 572 homerico
1346 530 1522 586 κολώνη,

51 597 200 648 unique
229 598 367 648 generi
397 596 594 636 adstricta
622 593 744 635 habet
773 594 909 646 βίοτος
939 600 978 635 et
1007 592 1154 646 πόθος,
1185 608 1290 648 quae
1318 598 1386 638 ille
1416 598 1524 640 duo-

51 661 128 703 bus
167 661 304 702 divisit
343 660 509 713 perinde
548 664 592 699 ut
629 656 818 711 φθόγγος
864 664 904 700 et
951 659 1120 714 φθογγὴ
1158 662 1247 702 sine
1285 662 1366 703 ullo
1406 666 1523 706 metri

52 727 337 768 emolumento.
400 726 520 777 Apud
549 726 840 777 Hippocratem
868 726 1000 777 χώνος
1028 727 1174 778 legitur
1205 727 1254 767 de
1285 728 1403 769 Cord.
1430 730 1522 772 485.

57 792 99 833 T.
119 792 146 832 Ι.
178 796 218 832 et
245 789 420 843 τάραχος
449 792 498 832 de
527 792 627 832 Flat.
658 791 748 832 585.
782 792 823 832 T.
844 792 870 832 Ι.
902 792 1009 843 apud
1033 793 1252 832 Aretaeum
1281 794 1416 846 τρίβος
1446 807 1523 836 eo-

56 856 145 897 dem
184 857 393 897 intellectu
433 868 512 908 quo
551 853 679 908 τριβή.
754 857 937 909 Denique
981 857 1029 897 de
1068 858 1234 898 Ionibus
1274 861 1522 903 contrarium

53 923 289 974 pronuntiat
321 922 540 972 Gregorius
572 922 614 960 αἱ
641 920 894 974 παραλήιιφις
922 923 1005 963 τῶν
1043 918 1267 976 ἄρσενικῶν
1293 920 1444 983 Ἰώνων
1472 927 1523 967 εἰ-

53 987 130 1037 σίν,
161 984 327 1038 ἕσπερος
355 982 445 1026 ἀντὶ
472 987 548 1025 τοῦ
577 983 737 1038 ἑσπέρα,
770 987 878 1038 quod
911 994 973 1028 est
998 989 1245 1030 homericum
1274 992 1520 1043 exemplum:

52 1050 148 1100 ἔθος
175 1054 234 1108 τῷ
259 1053 407 1105 ποιητῇ
431 1048 481 1091 τὰ
509 1049 674 1104 θηλυκὰ
695 1047 916 1103 ἀρσενικῶς
937 1051 1156 1105 προφέρειν
1184 1051 1361 1106 ἕσπερος,
1391 1055 1521 1109 χόλος,

51 1116 177 1172 μόρος
205 1118 356 1158 Anecd.
389 1118 518 1158 Cram.
549 1118 574 1158 Ι.
606 1117 697 1158 423.
735 1114 867 1168 τάφος
905 1114 993 1157 ἀντὶ
1031 1119 1106 1158 τοῦ
1134 1117 1244 1172 ταφή
1275 1117 1330 1166 ὡς
1358 1119 1523 1173 ἕσπερος

51 1183 121 1224 καὶ
147 1181 277 1231 πύλος
307 1183 443 1224 Schol.
474 1183 516 1224 II.
546 1183 682 1223 XXIII.
712 1182 803 1224 619.
833 1179 908 1236 τὴν
937 1181 1088 1236 Σάμην
1117 1184 1248 1238 εἴρηκε
1277 1184 1425 1238 Σάμον
1454 1185 1522 1229 διὰ

50 1245 98 1290 τὸ
126 1246 274 1302 μέτρον
301 1247 371 1288 καὶ
398 1245 474 1301 τὴν
503 1249 637 1301 ὸείλην
666 1248 818 1289 δείελον
848 1249 941 1290 Sch.
973 1250 1045 1291 od.
1064 1250 1145 1291 XV.
1170 1250 1233 1291 29.
1259 1248 1336 1304 τὴν
1352 1253 1523 1304 αἰθρίαν

52 1315 242 1367 (αἴθραν)
281 1310 389 1354 εἶπεν
427 1310 578 1367 αἶθρον
615 1310 670 1361 ὡς
698 1312 831 1354 πύλον
863 1312 932 1354 καὶ
961 1315 1112 1356 ὸείελον
1139 1317 1225 1358 ΕΜ.
1255 1318 1320 1371 37,
1348 1319 1412 1360 47.
1468 1320 1522 1361 Et

50 1382 179 1433 magis
220 1381 410 1421 universe
449 1379 488 1420 οἱ
522 1379 686 1432 ποιηταὶ
722 1378 919 1421 εἰώθασιν
957 1378 1208 1422 ἐναλλάττειν
1244 1378 1294 1423 τὰ
1331 1380 1429 1437 γένη
1466 1381 1522 1433 ὡς

49 1445 162 1500 χώρα
189 1447 332 1499 χῶρος,
363 1441 449 1498 ὠνή
477 1438 583 1493 ὦνος
597 1458 605 1466 ·
635 1443 768 1494 οὕτως
793 1439 871 1486 οὖν
888 1445 956 1487 καὶ
975 1448 1104 1501 Λίκτη
1124 1445 1194 1488 καὶ
1212 1448 1362 1497 Δίκτος
1384 1451 1521 1493 Schol.

50 1515 162 1555 Arat.
192 1513 255 1554 33.
298 1513 365 1564 qui
395 1513 530 1563 aptius
570 1517 854 1564 comparasset
898 1514 1034 1564 topica
1064 1512 1259 1567 Δρέπανη
1291 1520 1330 1555 et
1359 1514 1520 1568 Δρέπα-

49 1593 144 1629 νον,
188 1575 374 1630 Θαλάμαι
405 1583 444 1618 et
479 1575 665 1629 Θάλαμοι
695 1590 729 1618 ν.
763 1578 987 1619 Tzschuck.
1018 1578 1069 1619 ad
1100 1580 1233 1621 Strab.
1266 1581 1307 1621 T.
1335 1582 1397 1622 ΙΙΙ.
1430 1582 1519 1624 163.

50 1645 210 1696 aliaque
244 1644 429 1685 locorum
472 1644 637 1684 nomina
676 1643 920 1696 indiscreta3
968 1655 1060 1684 nam
1091 1637 1197 1692 ὦνος
1227 1645 1276 1686 ab
1307 1641 1393 1699 ὤνή
1425 1652 1520 1688 tan-

51 1714 132 1751 tum
163 1710 291 1750 differt
322 1714 513 1761 quantum
542 1712 657 1760 τῖμος
687 1720 709 1748 a
738 1706 853 1761 τιμή,
902 1720 977 1748 nec
1014 1710 1134 1760 plane
1162 1710 1267 1752 idem
1299 1717 1362 1752 est
1389 1714 1520 1765 χῶρος

50 1781 90 1816 et
119 1772 242 1826 χώρα,
274 1775 347 1815 scd
377 1775 473 1815 illud
504 1775 623 1825 vulgo
656 1773 816 1825 quidem
847 1775 1060 1824 augustius
1092 1776 1279 1827 quiddam
1309 1779 1519 1830 magisque

50 1841 399 1892 circumscriptum
431 1840 598 1881 denotat
630 1840 713 1879 sere
743 1843 786 1878 ut
815 1830 922 1892 ὦρος
952 1840 1001 1880 ab
1030 1836 1117 1893 ὥρα
1149 1841 1342 1894 distingui
1369 1843 1520 1896 solet‚⁵

135 2026 174 2069 3)
208 2025 305 2061 Idem
329 2034 397 2059 uno
422 2024 500 2058 loco
527 2026 706 2067 σιίτῙανος
736 2026 873 2069 scripsit
897 2025 986 2060 VIII.
1008 2025 1062 2062 26.
1101 2026 1208 2061 altero
1239 2025 1402 2070 στεᾳάνη
1423 2027 1516 2063 VIII,

50 2082 123 2117 118.
149 2081 206 2115 ubi
233 2081 300 2115 duo
327 2079 428 2114 codd.
457 2081 681 2114 masculinum
704 2081 932 2124 substituuut3
962 2082 1071 2116 semel
1098 2080 1246 2125 ψαμμη,
1273 2085 1324 2116 ter
1350 2081 1517 2126 ψάμμος,

49 2146 115 2170 uno
141 2137 218 2171 loco
244 2134 357 2180 σαύρη·
382 2135 437 2169 IV·
461 2136 533 2170 192·
564 2136 671 2170 allero
697 2137 829 2179 σαῗρος
853 2136 907 2170 lv.
937 2137 1011 2172 183.
1038 2137 1095 2170 ubi
1122 2137 1188 2171 duo
1216 2136 1292 2170 libri
1320 2136 1518 2173 femininum

49 2196 203 2235 tuentur,
246 2191 472 2234 ejusdemque
508 2192 756 2226 inconstantiae
791 2193 977 2234 participes
1013 2192 1259 2235 Hippocrates,
1300 2192 1518 2238 AristoieIeS,

47 2246 230 2288 NIcander‚
258 2247 480 2288 Theocritus3
519 2246 581 2281 sed
607 2247 816 2290 Phrynichus
842 2248 943 2282 attice
969 2245 986 2279 ὁ
1013 2247 1144 2290 σαῦρος
1168 2246 1236 2281 dici
1263 2252 1381 2282 auctor
1408 2253 1472 2284 est.

136 2313 172 2356 4)
209 2312 308 2353 Quod
341 2314 375 2346 in
411 2312 580 2358 Eustathii
615 2311 784 2356 farragine
819 2324 852 2357 p.
882 2313 978 2356 1427,
1008 2314 1058 2348 19.
1096 2323 1172 2347 cum
1204 2313 1271 2347 hoc
1305 2315 1520 2357 componitur

49 2367 219 2413 διαλογὴ,
254 2369 283 2402 si
309 2378 369 2412 pro
396 2367 551 2406 διάλεξις
574 2369 685 2412 valet,
725 2369 981 2404 alexandrinum
1007 2371 1122 2412 potius
1150 2372 1202 2403 est
1226 2378 1327 2413 quarn
1353 2370 1516 2404 ionicum.

46 2423 210 2468 Propiora
239 2424 303 2458 sibi
329 2427 407 2458 suut
432 2422 602 2467 σύλλογος
627 2427 662 2458 et
686 2424 838 2468 ot’ZZqu'
870 2425 938 2456 ιῶν
959 2424 1138 2467 μαίιηιιῦν
1170 2425 1255 2458 PoII.
1283 2424 1337 2458 IV.
1363 2425 1418 2459 44.
1452 2434 1518 2460 nec

48 2481 161 2514 tamen
183 2478 353 2523 σύλλογος
381 2480 530 2524 καρπῶν
561 2479 628 2513 dici
655 2483 770 2523 potest
796 2490 856 2524 pro
884 2478 1048 2522 συλλογή,
1076 2481 1255 2523 magisque
1280 2482 1382 2516 etiam
1410 2480 1518 2516 diffe-

48 2537 123 2568 runt
146 2533 346 2578 κατάλογος
371 2538 405 2569 et
428 2533 610 2579 καταλογή
638 2535 797 2578 ApoIIon.
826 2535 869 2570 (le
896 2533 992 2576 Conj.
1019 2535 1096 2570 497.
1123 2539 1189 2569 etc.

136 2600 173 2642 5)
212 2599 249 2634 In
278 2600 494 2644 Hippocratis
520 2601 605 2635 libro
632 2602 770 2645 spurio,
799 2610 901 2645 quein
929 2600 1106 2635 lI'uehnius
1132 2601 1265 2643 omisit,
1303 2599 1347 2635 de
1373 2599 1516 2643 Septim.

49 2663 82 2697 p.
115 2648 190 2689 541.
227 2655 282 2690 ed.
318 2656 422 2690 Basii.
459 2656 519 2689 διὰ
555 2656 690 2693 παντὸς
729 2655 821 2701 ὥρου
855 2655 1036 2689 Erotianus
1075 2654 1241 2688 ἐνιαυτοῦ
1276 2656 1520 2699 interpretatur

50 2709 177 2744 rectius
211 2719 312 2753 quam
343 2711 577 2748 Schneider-us
611 2710 715 2755 ὥρας.
775 2711 909 2745 Annum
937 2710 1031 2744 multi
1055 2703 1150 2756 ὦρον
1173 2713 1297 2745 vocant
1315 2719 1346 2744 v.
1369 2710 1518 2746 Wessel.
