1699 3021
315 158 382 199 DE
414 158 534 200 MUT.
567 157 776 203 TERMIN.
809 158 1007 202 CAUSIS.
1057 161 1096 202 C.
1118 163 1160 203 ΙΙ.
1194 167 1231 211 §.
1255 164 1288 204 1.
1493 165 1546 206 lv

66 269 274 321 leguntur:
313 266 469 320 βαύνη,
496 262 634 319 ἐβένη,
665 263 801 319 κώνη,
832 266 999 318 σμίνθα,
1029 268 1158 321 λίγδα,
1184 269 1350 322 miriatos,
1379 272 1544 326 μίλφος,

65 330 242 385 voionus,
293 332 454 383 aliaque
490 331 616 373 multa
653 330 770 372 devia
812 336 852 372 et
889 333 1162 385 infrequentia
1197 347 1301 387 quae
1340 339 1546 380 nescimus

64 398 223 440 idemne
245 397 479 448 significent
500 396 615 436 alteri
635 398 831 448 positioni
863 408 914 438 an
940 398 1124 439 differant
1151 400 1302 451 aliquid
1331 402 1395 442 vel
1416 403 1545 444 forma

64 464 129 506 vel
157 464 328 505 materia
361 463 425 503 vel
461 474 547 503 usu.

174 539 323 578 Verum
353 550 402 579 ne
435 539 526 590 quis
556 539 724 578 miretur
753 549 824 578 cur
853 549 929 590 ego
961 538 1010 579 de
1038 539 1179 590 regula
1212 551 1327 594 vara,
1364 545 1407 581 ut
1435 552 1542 582 nunc

63 609 140 658 est,
170 608 210 644 et
242 603 375 644 fallaci
417 609 495 644 tam
525 603 650 643 multa
680 604 805 644 verba
836 605 1022 657 fecerim,
1072 605 1258 656 equidem
1289 606 1365 647 sub
1398 607 1538 658 specie

63 670 221 711 alienae
251 669 502 710 defensionis
530 680 659 709 ineam
697 669 759 719 egi
791 680 968 709 causam.
1040 670 1140 711 Nam
1176 683 1297 722 quum
1331 673 1538 713 nominum

61 735 290 776 biformium
332 735 489 775 turbam
528 735 569 774 in
607 734 685 775 duo
717 733 1032 785 descripsissem
1060 746 1233 790 genera,
1276 749 1397 778 unum
1428 737 1537 790 quod

60 801 311 842 intellectum
343 801 486 852 variat,
515 800 685 840 alterum
716 799 824 851 quod
856 802 1180 841 terminationem
1212 802 1357 855 solum,
1389 814 1537 855 quum-

60 877 139 918 que
176 866 301 906 multa
340 870 481 905 essent
523 865 734 916 utriusque
780 866 970 906 factionis
1010 866 1218 920 ambigua,
1268 868 1412 908 scitius
1450 868 1538 908 fore

60 930 290 971 arbitrabar
320 931 367 982 si,
406 929 600 981 quidquid
629 934 941 970 controversum
971 930 1189 986 videretur,
1228 933 1380 973 veteris
1408 932 1538 973 disci-

59 996 195 1049 plinae
225 995 403 1036 decretis
434 995 694 1035 subtexerem
717 996 834 1046 quasi
857 995 1033 1049 limbum,
1065 1001 1106 1036 ut
1127 1008 1207 1037 una
1227 1008 1353 1049 opera
1375 1001 1414 1038 et
1433 997 1536 1039 haec

60 1061 258 1112 cognosci
289 1063 464 1112 possent
494 1063 534 1099 et
563 1059 725 1099 illorum
755 1062 1006 1101 enumeratio
1041 1062 1162 1102 taedii
1192 1063 1362 1103 haberet
1390 1064 1534 1104 minus.

59 1125 141 1168 Sed
165 1128 249 1178 jam
280 1125 438 1177 egressi
469 1124 574 1165 hanc
604 1126 893 1176 confragosam
932 1127 1035 1167 viam
1076 1127 1126 1168 ad
1165 1128 1322 1179 reliqua
1351 1127 1537 1170 declina-

59 1192 182 1234 tionis
212 1191 468 1233 voluntariae
496 1202 648 1242 genera
679 1202 850 1242 pronum
881 1191 1120 1234 habebimus
1149 1204 1323 1234 cursum.

677 1334 819 1375 CAP.
860 1334 911 1374 ll.

596 1418 679 1460 De
728 1419 995 1460 ηιοίὶοηε.

167 1519 207 1563 §.
238 1514 272 1557 1.
328 1515 525 1556 Motionis
565 1515 647 1556 dixi
686 1514 787 1556 duas
819 1527 914 1556 esse
945 1515 1131 1567 species,
1175 1524 1294 1556 unam
1325 1527 1430 1568 quae
1460 1516 1535 1558 de-

55 1580 251 1622 minutiva
281 1581 579 1634 complectitur,
619 1581 788 1621 alteram
820 1581 1049 1633 sextialem,
1081 1579 1130 1620 de
1160 1591 1240 1632 qua
1270 1581 1441 1632 primum
1471 1580 1535 1623 di—

56 1657 150 1688 cere
190 1647 398 1688 constitui.
474 1647 586 1687 Haec
626 1651 760 1687 autem
799 1647 1010 1699 proprium
1050 1645 1296 1686 domicilium
1333 1646 1457 1687 habet
1494 1647 1536 1687 in

56 1712 318 1753 animantium
348 1712 505 1752 naturis
546 1723 650 1764 quae
690 1723 791 1753 sexu
831 1712 1171 1753 discriminantur.
1237 1711 1378 1763 anue
1417 1711 1535 1752 diffe-

55 1777 188 1818 rentia
217 1776 367 1829 duplici
398 1778 582 1828 signatur
612 1778 784 1818 ratione.
841 1778 970 1818 Prisci
1011 1778 1115 1818 enim
1153 1778 1358 1817 nominum
1396 1778 1534 1829 impo-

55 1844 208 1885 sitores
248 1853 493 1899 quocunque
531 1845 692 1883 numine
734 1843 833 1883 moti
871 1843 995 1884 rebus
1033 1848 1204 1883 naturae
1233 1842 1396 1883 vinculo
1428 1852 1534 1882 con-

54 1909 170 1950 nexis
209 1919 498 1960 nonnunquam
545 1909 711 1948 nomina
748 1908 929 1949 indidere
969 1908 1142 1948 diversis
1181 1907 1388 1949 radicibus
1429 1910 1532 1960 orta,

53 1984 130 2015 nec
167 1985 261 2015 raro
295 1984 529 2025 congenera
559 1977 598 2014 et
637 1973 687 2014 ab
730 1974 869 2015 eadem
901 1974 1029 2026 stirpe
1059 1978 1300 2026 propagata.
1365 1972 1531 2014 Illorum

54 2040 241 2092 exempla
269 2051 342 2092 per
367 2050 526 2079 omnem
558 2050 788 2081 sermonem
818 2040 899 2080 late
920 2039 1109 2091 dispersa
1133 2036 1378 2092 511111κρήνη
1405 2034 1529 2098 πηγή,

52 2102 167 2159 θύρα
195 2103 316 2159 πύλη,
345 2104 456 2153 λεπίς
484 2105 602 2158 <postis
632 2105 738 2146 etc.1
795 2105 877 2147 Sed
915 2117 1020 2158 quae
1050 2106 1100 2148 ad
1127 2106 1234 2146 hunc
1264 2105 1399 2146 locum
1430 2114 1529 2156 per-

56 2171 210 2212 tineant
243 2171 462 2213 declarabo
496 2171 718 2213 Theodosii
750 2171 886 2212 verbis
911 2171 1081 2213 Gramm.
1112 2184 1149 2224 p.
1183 2171 1271 2213 132.
1312 2169 1352 2210 οῑ
1380 2165 1530 2221 ὀνομα-

52 2233 218 2277 τοθέται
257 2233 504 2285 ἀκολούθως
532 2239 618 2285 τοῖς
645 2233 854 2290 πράγμασι
883 2233 929 2277 τὸ
958 2234 1032 2290 μὲν
1060 2233 1276 2291 ἀρσενικὸν
1303 2232 1373 2276 καὶ
1402 2235 1530 2288 θηλυ-

143 2424 178 2467 1)
214 2423 325 2461 Φολίς
350 2423 406 2456 ἐπὶ
433 2425 571 2468 ὄφεως,
598 2424 694 2461 λεπίς
716 2423 771 2456 ἐπὶ
793 2424 923 2468 ἰχθύος
947 2425 1041 2459 Etlst.
1066 2425 1107 2459 ad
1128 2424 1228 2458 Dion.
1250 2424 1327 2459 441.
1355 2421 1419 2458 sed
1439 2430 1528 2456 con-

55 2478 163 2513 fundit
197 2478 382 2514 Nemesius
418 2480 460 2515 de
496 2479 537 2514 Ν.
566 2479 606 2514 Η.
636 2481 662 2515 Ι.
690 2481 744 2516 50.
781 2480 927 2524 ([ολίδες
962 2484 1035 2516 τοῖς
1062 2481 1168 2523 ὄψεσι
1202 2479 1263 2511 καὶ
1291 2481 1364 2514 τοῖς
1388 2476 1527 2521 ἰχθύσι,

55 2538 89 2570 et
118 2534 292 2570 Nicander
325 2535 424 2571 Ther.
455 2536 529 2571 154.
567 2535 623 2569 ubi
658 2536 775 2571 Schol.
813 2547 873 2580 pro
906 2536 1003 2572 λυιίς
1035 2537 1068 2568 111
1100 2535 1271 2569 nonnullis
1298 2534 1393 2568 libris
1424 2533 1530 2576 λοᾳίς

54 2589 156 2624 scribi
185 2590 324 2626 adnotat
350 2590 383 2624 id
410 2594 463 2626 est
488 2591 601 2635 ([ολίς.
652 2591 849 2627 Membrana
874 2592 1035 2635 anguium
1058 2590 1196 2635 λεβηρίς
1221 2591 1345 2625 dicitur
1362 2592 1396 2625 et
1414 2589 1529 2632 λεβίαι

54 2644 97 2677 τὰ
127 2644 273 2682 asnieres
305 2646 435 2690 ἔχοντα
478 2648 605 2690 ταρίχη
643 2647 725 2683 Hes.
761 2647 875 2690 Λοβός
908 2647 1007 2679 πᾶσα
1038 2646 1136 2683 ilhnic
1167 2640 1206 2687 ἧς
1239 2646 1346 2680 ἔνδον
1380 2644 1455 2678 ἐστι
1489 2643 1526 2677 τὸ

54 2701 195 2743 σπέρμα
221 2700 336 2735 801101.
363 2701 463 2737 Ther.
489 2701 567 2738 535.
591 2712 680 2746 quae
709 2703 831 2738 eadem
857 2703 995 2746 λεβηρίς
1021 2701 1145 2736 dicitur
1169 2706 1204 2738 et
1227 2699 1352 2739 λοπός,
1378 2700 1471 2734 liber.

1182 2757 1246 2799 2*
