1731 3021
129 159 220 203 256
346 194 350 198 .
618 153 1054 199 DISSERTATIO
1094 154 1139 197 V.

128 266 331 325 φάλαρον,
362 276 533 319 quorum
571 266 670 308 illud
708 270 871 308 veteres
910 265 960 306 ad
998 261 1122 318 μέγας
1158 265 1339 306 referunt
1375 264 1603 308 velificante

130 334 333 377 communi
371 333 532 385 utrique
572 337 690 386 trope
729 329 918 385 μάγαρον
957 336 996 372 et
1034 342 1237 384 vzaqnus,
1287 332 1459 373 alterum
1508 331 1604 384 quid

129 401 330 455 significet
360 400 590 451 quaesitum
619 399 748 451 magis
781 402 844 439 est
874 409 993 450 quam
1022 398 1248 449 inventum;
1287 399 1385 450 quin
1413 410 1437 440 a
1466 395 1604 452 φάλος

127 468 358 522 profectum
389 466 455 518 sit,
485 476 568 506 non
598 464 861 506 dubitandum
889 463 1060 504 videtur.
1116 464 1154 504 A
1185 465 1372 515 partibus
1402 464 1602 506 orationis

126 531 484 576 indeclinabilibus
532 535 696 583 praeter
741 526 901 583 ἁμαρύς
936 527 1105 577 ἄπλετος
1142 530 1238 571 Hes.
1281 529 1391 582 quod
1429 541 1480 571 ex
1517 526 1603 582 ἅμα

129 605 268 654 aptum
296 601 460 652 putant,
489 608 611 637 unum
651 597 782 649 repeti
820 600 960 648 potest
1001 592 1146 647 ἰθαρός
1184 595 1375 637 videlicet
1413 596 1464 637 ab
1501 595 1604 648 ἵθαρ

131 663 290 719 (εἶθαρ)
320 660 472 715 ταχέως
499 663 595 703 HeS.
626 663 692 703 vel
723 674 746 703 a
776 665 996 714 conjugato
1030 658 1139 712 ἰθύς,
1171 661 1206 702 si
1242 661 1402 713 quidem
1441 671 1492 702 ex
1525 671 1604 702 va-

129 734 202 774 riis
229 730 424 781 Hesychii
461 729 870 780 interpretationibus
902 723 1084 780 Ἰθαραῖς
1120 723 1255 780 ταχέσι
1294 727 1391 780 (sic)
1432 726 1603 780 ἱλαραῖς,

127 800 346 848 καθαραῖς,
365 794 562 840 λευκείαις
583 793 802 845 (γλυκείαις
822 795 935 846 fort.)
960 795 1180 846 probamus
1204 794 1391 846 primam3
1423 792 1605 834 secunda

130 864 182 905 ad
211 863 285 914 ἰ’θη
315 855 556 913 εὐφροσύνη
585 859 651 899 vel
681 859 732 900 ad
761 860 927 900 verbum
958 859 1109 899 ἰθαίνω
1141 860 1345 913 convenit,
1374 860 1495 900 tertia
1524 871 1604 912 ap·-

129 931 210 971 tior
246 930 310 969 est
348 925 538 968 Simmiae
577 924 671 965 loco
711 924 832 966 Anth.
861 925 943 966 XV.
973 925 1038 966 22.
1074 926 1234 978 κρηνᾶν
1273 925 1446 977 ἰθαρᾶν,
1493 923 1604 977 quod

129 995 214 1037 Pal.
245 991 523 1046 suppeditavit
553 1002 627 1043 pro
657 992 864 1043 καθαρᾶν,
898 991 1094 1031 omissum
1123 992 1165 1031 in
1196 991 1315 1032 Thes.
1367 990 1448 1032 Sed
1478 1002 1503 1031 a
1539 991 1603 1031 si-

128 1061 213 1103 mili
249 1056 391 1112 ἅφαρ,
437 1056 546 1109 quod
584 1058 634 1098 ab
672 1054 785 1097 ἅπτω
823 1060 1035 1109 repetunt,
1084 1057 1183 1096 nihil
1227 1056 1406 1097 manavit
1439 1059 1604 1107 praeter

129 1123 278 1181 ἀφαρεί
307 1128 368 1177 et,
400 1124 436 1164 si
467 1123 620 1164 Crateti
648 1123 764 1164 fidem
796 1123 1022 1175 tribuimus,
1048 1118 1251 1175 Ἀφαρεύς
1278 1122 1366 1163 ΕΜ.
1402 1121 1498 1174 175,
1533 1121 1600 1163 30.

129 1194 243 1243 Quae
281 1182 445 1243 ίηῖοᾙις
472 1190 684 1243 finiuntur,
721 1189 923 1230 Arcadius
955 1201 992 1241 p.
1024 1188 1089 1229 34.
1130 1191 1471 1241 proparoxytona
1508 1197 1604 1228 esse

130 1259 227 1301 dicit
257 1261 421 1311 praeter
451 1256 734 1308 patronymica
772 1260 812 1296 et
855 1255 973 1308 quasi
1011 1254 1278 1307 diminutiva,
1318 1265 1399 1306 quo
1439 1254 1604 1294 nomine

129 1325 355 1367 derivativa
374 1321 580 1375 quaelibet
601 1321 839 1373 complexus
861 1322 1017 1362 videtur
1037 1320 1205 1373 οἰναρίς,
1229 1318 1443 1373 κανθαρίς,
1464 1318 1601 1371 quod-

129 1402 208 1445 que
241 1388 388 1432 SuidaS
418 1399 450 1429 S.
475 1382 553 1427 Ἀεὶ
582 1390 667 1434 τοῖς
697 1387 812 1427 affert
855 1387 966 1440 σίττη
1001 1383 1025 1440 ἡ
1065 1388 1146 1428 νῦν
1180 1382 1375 1439 λεγομένη
1411 1385 1600 1437 σιτταρίς,

129 1457 421 1511 propriumque
460 1453 712 1504 Κοτυτταρίς
740 1449 822 1493 ἀπὸ
859 1455 932 1507 τῆς
968 1450 1080 1507 παρὰ
1116 1455 1202 1500 τοῖς
1236 1451 1444 1504 Δωριεῦσι
1479 1464 1602 1503 τιμω·

127 1520 251 1577 μένης
288 1519 476 1566 Κοττοῦς
505 1518 758 1571 (Κοτυτοῦς)
799 1519 892 1561 Sch.
925 1520 1094 1561 Theocr.
1125 1519 1188 1560 VI.
1216 1519 1281 1560 40.
1312 1517 1493 1570 Κίθαρις
1522 1527 1600 1557 au·-

128 1594 209 1631 tem
238 1586 488 1628 homericum
515 1596 599 1625 non
627 1595 803 1625 necesse
835 1589 898 1625 est
918 1597 942 1625 a
959 1582 1116 1638 κιθάρα
1135 1585 1359 1626 derivatum
1379 1594 1487 1634 esse,
1516 1593 1598 1635 quo

126 1655 328 1696 Homerus
358 1662 442 1691 non
471 1651 615 1704 utitur,
654 1661 786 1701 neque
823 1661 847 1690 a
884 1655 1042 1691 matara
1069 1649 1242 1704 μάταρις
1270 1649 1478 1703 (maianis,
1508 1659 1601 1689 ma-

128 1719 246 1771 teris)
286 1727 435 1758 nomen
474 1716 732 1768 peregrinum
775 1719 820 1755 ut
857 1712 1075 1768 βάκκαρις,
1113 1716 1270 1770 κίδαρις
1308 1717 1395 1757 Sive
1432 1713 1599 1768 κίταρις,

126 1782 345 1836 κάππαρις,
376 1778 557 1834 σάγαρις,
587 1778 827 1834 μαγύδαρις,
857 1779 1069 1835 τύβαρις.9
1099 1782 1311 1834 Quotquot
1327 1781 1471 1821 horum
1492 1779 1600 1833 apud

127 1855 276 1905 poetas
306 1849 585 1901 reperiuntur,
624 1847 746 1899 alpha
783 1848 908 1889 breve
945 1849 1118 1902 habent,
1156 1858 1309 1900 anceps
1352 1843 1519 1900 εὔμαρις
1555 1849 1600 1888 ut

127 1917 370 1969 adjectivum
400 1914 533 1965 ipsum
564 1912 669 1953 unde
699 1912 796 1954 illud
828 1914 1055 1955 traductum
1086 1918 1242 1968 putant,
1258 1916 1293 1940 1⁰
1329 1913 1495 1965 longum
1524 1926 1600 1953 πε-

126 1982 284 2036 ριβαρίς
314 1984 354 2021 et
383 1975 597 2031 σαράβαρα
626 1979 870 2029 saraballa,
917 1979 990 2020 sed
1018 1980 1098 2020 hoc
1127 1980 1385 2031 peregrinum
1415 1983 1458 2019 ut
1486 1975 1600 2031 πάρα

126 2050 215 2091 sive
254 2043 396 2100 πάρας.
461 2044 654 2086 Abaridis
694 2045 951 2096 Hyperborei
988 2056 1155 2098 nomen,
1195 2050 1388 2097 quantum
1426 2056 1476 2085 ex
1513 2057 1595 2086 uno

124 2114 260 2156 Nonni
298 2112 392 2153 loco
425 2114 610 2161 constat,
651 2110 871 2151 secundam
902 2110 1112 2164 producit,
1150 2110 1224 2152 sed
1251 2111 1402 2152 Abaris
1431 2110 1598 2152 Poenus

127 2180 197 2221 Sil.
237 2178 324 2220 Ital.
356 2177 402 2218 X.
436 2176 524 2218 153.
556 2180 596 2217 et
625 2176 775 2218 Abaris
814 2177 985 2218 Rutulus
1016 2176 1123 2228 Virg.
1152 2176 1252 2217 Aen.
1282 2175 1347 2218 IX.
1376 2175 1469 2218 345.
1510 2176 1598 2229 (ubi

126 2322 360 2365 porcelliones
387 2324 421 2356 et
452 2318 663 2363 millepedae
704 2323 879 2363 vocantur,
913 2321 1051 2363 antiquo
1084 2321 1223 2355 nomine
1255 2319 1414 2353 dicuntur
1447 2317 1597 2362 ὂνίσκοι,

124 2375 423 2419 512c0t20‘66779t0b
448 2375 531 2410 Hes.
565 2375 696 2408 novitio
731 2375 953 2421 κουβαρίδες.
1009 2376 1123 2416 Quare
1159 2376 1318 2419 suspicor
1349 2374 1445 2408 illum
1479 2375 1596 2418 scrip-

124 2433 214 2467 sisse
240 2430 396 2476 κόβαρος
419 2431 512 2467 ὄνος,
538 2429 605 2463 hoc
631 2429 758 2465 deiude
782 2441 844 2474 per
870 2441 1019 2466 errorem
1043 2433 1078 2465 in
1106 2431 1192 2468 ἅνος
1215 2433 1379 2464 mutatum
1402 2429 1510 2474 idque
1534 2438 1596 2473 pro

127 2486 335 2531 compendio
361 2485 629 2529 tachygraphico
653 2487 800 2520 nominis
824 2486 1019 2530 ἅνθρωπος
1043 2490 1225 2530 acceptum
1252 2495 1345 2521 esse.

212 2542 249 2585 9)
275 2542 515 2584 Paroxytonon
537 2539 665 2584 Ἰλάρις
689 2539 790 2577 πόλις
813 2541 933 2585 Steph.
962 2542 1090 2576 dudum
1115 2545 1307 2576 correctum
1332 2542 1493 2585 oportuit.

213 2597 271 2640 10)
299 2597 388 2630 Huic
413 2596 567 2639 opinioni
597 2595 802 2639 suffragatur
826 2597 1079 2640 quodammodo
1098 2596 1237 2629 Ῥαδίαι
1262 2595 1434 2639 ὑπόδημα
1468 2594 1487 2636 ἢ
1510 2606 1593 2629 σαν-

125 2651 252 2685 δάλιον
275 2651 424 2695 Hesych.
473 2651 516 2685 Et
540 2651 632 2695 quod
660 2651 752 2688 idem
779 2652 875 2688 affert
902 2653 1052 2697 Βηρίδες
1076 2651 1295 2696 ὑποδήματα
1320 2651 1490 2695 gundum
1517 2660 1593 2686 cum

122 2707 351 2751 περιβαρίδες
376 2706 523 2743 conferri
547 2710 672 2750 potest.
