1699 3021
329 177 397 219 DE
428 175 717 220 NOMINIBUS
748 177 800 218 1N
828 177 854 230 ῥ
879 174 1224 220 EXEUNTIBUS.
1265 183 1302 227 ς.
1321 180 1358 221 4.
1483 178 1574 223 267

96 286 317 339 paragogis
354 286 655 327 similitudinem
696 286 953 328 Grammatici
993 296 1043 326 ex
1083 287 1207 327 certis
1252 288 1449 340 simplicis
1481 290 1572 329 sor-

94 362 184 392 mae
224 352 421 403 exemplis
455 352 689 403 judicarunt
719 352 897 404 incerta,
936 361 1100 402 unoque
1138 356 1270 392 tractu
1300 355 1436 394 omnia
1465 365 1570 406 quae

93 417 133 456 in
162 407 263 469 ἦρήξ
292 417 494 470 excidunt,
527 428 694 458 numero
720 420 955 468 junctorum
988 416 1262 471 excluserunt,
1293 419 1403 459 velut
1432 420 1569 460 Hero-

94 481 239 522 dianus
271 482 321 522 ad
351 482 392 523 ΙΙ.
424 483 486 523 111.
515 483 607 523 3115.
639 480 843 535 χαλκήρης
867 479 1259 534 προπαροξυτόνως·
1289 481 1370 524 ἔστι
1389 482 1467 536 γὰρ
1485 499 1568 524 πα-

93 545 258 600 ραγωγή
299 543 324 600 ἡ
367 544 436 587 διὰ
470 549 545 588 τοῦ
578 563 676 601 ηρης
703 545 729 600 ἢ
759 544 988 600 βαρύνεται,
1021 545 1204 601 ξιφήρης,
1237 545 1440 603 ὀλιγήρης,
1481 553 1567 590 θυ-

92 610 246 666 μήρης·
285 611 407 653 ἔνθεν
435 611 578 653 καὶτὸ
605 614 841 666 θυμῆρες
874 610 1135 665 κεράσασα
1166 615 1258 666 (Od.
1289 615 1334 656 X.
1365 615 1475 668 302.)
1514 615 1568 655 Εἰ

91 676 231 731 μέντοι
259 677 305 720 τὸ
336 677 423 731 ἄρω
456 677 647 731 ἔγκειται,
679 677 748 719 καὶ
777 675 845 719 διὰ
872 680 949 719 τοῦ
978 686 1005 719 ᾶ
1034 675 1058 732 ἦ
1090 677 1282 728 σύνθεσις
1311 677 1470 733 γένοιτο
1498 679 1567 721 καὶ

93 740 204 793 ὀξεῖα
222 742 335 792 τάσις
359 742 468 785 ἐστὶν
497 742 689 797 ἄλοχον
718 741 959 797 θυμαρέα
991 745 1050 793 (Il.
1074 745 1138 786 IX.
1162 745 1273 798 336.)
1297 747 1341 787 In
1362 747 1424 787 his
1444 758 1566 788 unum

92 815 247 851 certum
279 815 342 851 est
372 811 645 862 simplicitatis
677 810 902 862 exemplum
933 810 1006 852 sed
1036 822 1118 852 non
1148 812 1394 852 homericum
1425 807 1567 865 ὀλιγή-

91 889 183 927 ρης,
215 875 445 925 ambiguum
475 873 649 928 ξιφήρης
678 881 717 916 et
747 876 950 929 θυμῆρες,
991 877 1101 928 quod
1131 882 1169 918 et
1199 889 1273 930 pro
1304 875 1567 929 θυμάρεστον

92 941 224 992 accipi
264 944 404 991 potest
441 951 488 980 ao
518 951 568 981 ne
608 941 658 981 ab
691 942 878 982 omnibus
909 942 1069 994 quidem
1100 954 1180 983 uno
1211 942 1333 983 modo
1367 944 1565 995 scriptum

93 1009 182 1055 esl3
222 1004 358 1044 Scllol.
392 1004 443 1045 ad
473 1005 546 1047 Osl.
580 1006 602 1047 Ι.
635 1017 667 1047 c.
698 1008 882 1060 θυμῆρες
910 1009 1243 1060 προπερισπᾶται,
1273 1004 1321 1048 τὸ
1350 1005 1393 1048 δὲ
1422 1011 1567 1061 θυμα-

91 1066 158 1121 ρὲς
198 1064 421 1118 ὀξυτόνως·
457 1068 656 1124 γράφεται
691 1069 769 1124 γὰρ
807 1068 1039 1124 ἀμφότερα,
1091 1074 1169 1113 nisi
1198 1074 1277 1113 hoc
1307 1075 1483 1124 perlinet
1514 1074 1565 1115 ad

92 1136 263 1176 alterum
301 1137 527 1189 exemplum
567 1138 638 1179 (jd.
669 1138 786 1178 XVII.
821 1137 908 1179 199.
947 1137 1057 1190 quod
1097 1143 1258 1190 spectat
1296 1139 1388 1179 Sch.
1425 1139 1466 1179 ll.
1499 1139 1564 1180 IX.

92 1201 185 1242 336.
221 1198 371 1253 ἄλοχον
398 1200 589 1255 θυμαρέα
618 1227 671 1232 --
698 1204 747 1256 τῇ
776 1204 887 1256 ψυχῇ
917 1198 1169 1257 ἀρέσκουσα,
1209 1201 1421 1257 θυμήρης·
1462 1203 1567 1244 σύν-

90 1270 216 1307 θετον
251 1264 294 1307 δέ
333 1264 416 1307 ἐστι
453 1264 564 1319 παρὰ
605 1264 652 1307 τὸ
699 1266 785 1321 ἄρω
825 1266 1018 1322 θυμάρης
1057 1267 1126 1309 καὶ
1162 1267 1295 1317 οὕτως
1335 1265 1569 1323 ἀνέγνωμεν

91 1334 356 1386 σκῆπτρον
383 1330 622 1385 ’θυμαρὲς
652 1333 743 1383 (Od.
775 1334 799 1373 Ι.
833 1335 884 1386 0.)
916 1330 968 1375 οὐ
995 1332 1073 1387 γάρ
1109 1332 1190 1375 ἐστι
1218 1332 1472 1389 παρώνυμον
1501 1333 1569 1376 διὰ

92 1400 168 1439 τοῦ
196 1390 317 1451 ff·
346 1396 397 1439 τὰ
424 1396 502 1451 γὰρ
529 1401 701 1439 τοιαῦτα
728 1396 960 1452 βαρύνεται,
992 1398 1187 1453 ξιφήρης,
1218 1397 1429 1454 ὀλιγήρης,
1463 1403 1568 1444 unde

93 1465 339 1517 perspicitur
372 1465 450 1506 duo
482 1465 551 1505 illa
579 1463 772 1519 θυμήρης
802 1470 841 1507 et
870 1463 1062 1519 θυμάρης
1092 1471 1160 1506 aut
1190 1467 1240 1507 ab
1272 1468 1352 1507 alio
1381 1467 1569 1508 diversae

93 1532 322 1572 sententiae
354 1536 523 1571 auctore
554 1534 741 1583 prosecta
770 1537 835 1572 aut
866 1532 1063 1573 mendose
1094 1533 1250 1584 scripta
1279 1544 1374 1574 esse
1397 1545 1471 1585 pro
1492 1537 1569 1574 θυ-

93 1594 284 1649 μαρής.31
315 1597 438 1649 Ergo,
469 1598 660 1649 quoniam
690 1609 773 1638 non
804 1598 998 1639 credibile
1018 1597 1232 1638 videbatur
1257 1603 1420 1650 poetam
1448 1611 1568 1640 unam

93 1673 238 1702 vocem
267 1673 374 1702 nunc
405 1673 477 1713 per
507 1663 627 1714 alpha
659 1664 869 1716 extulisse,
899 1674 1005 1703 nunc
1035 1675 1108 1715 per
1131 1668 1209 1715 eta,
1239 1661 1432 1716 θυμαρής
1462 1675 1568 1704 con-

89 1730 274 1779 junctum
306 1738 400 1767 esse
429 1732 679 1780 statuerunt,
715 1726 907 1780 θυμήρης
937 1739 1186 1779 paragogum
1217 1733 1386 1780 propter
1417 1741 1569 1770 accen-

96 1799 199 1846 tum,
240 1803 358 1845 quem
389 1793 423 1832 si
454 1793 593 1833 ultima
624 1794 792 1833 haberet
824 1793 994 1846 syllaba,
1026 1793 1143 1833 alleri
1174 1793 1423 1846 adscriptum
1455 1800 1568 1835 esset

96 1860 235 1911 generi
266 1864 308 1898 ut
338 1863 450 1910 patet
480 1870 529 1899 ex
558 1859 644 1899 ΕΜ.
672 1859 760 1911 122,
791 1858 828 1899 4.
860 1858 990 1899 Cram.
1020 1859 1045 1899 l.
1067 1859 1131 1899 84.
1164 1855 1324 1912 ἀπηρής
1351 1857 1464 1913 παρὰ
1491 1857 1568 1914 τὴν

96 1921 204 1976 ἀράν
239 1922 315 1977 τὴν
351 1921 506 1976 βλάβην
546 1922 569 1977 ἢ
599 1921 710 1975 παρὰ
738 1920 784 1964 τὸ
814 1921 953 1976 πηρός.
1006 1920 1067 1964 Οὐ
1097 1922 1174 1976 γάρ
1211 1922 1293 1964 ἐστι
1329 1927 1405 1965 τοῦ
1433 1923 1568 1967 τύπου

95 1991 178 2030 τῶν
214 1989 269 2037 εἰς
297 2005 418 2043 ηρης,
449 1989 532 2030 ἐπεὶ
560 1988 778 2043 ἐβαρύνετο
799 1987 862 2030 ἄν.
903 1989 1138 2042 Eodemque
1166 1991 1420 2032 referendum
1443 1988 1568 2044 Ὅμα-

95 2053 160 2108 ρές
189 2053 419 2108 σύμφωνον
448 2057 542 2097 Iles.
585 2057 664 2096 Sed
690 2056 785 2096 illud
816 2068 838 2095 a
861 2053 990 2108 πηρός
1017 2057 1289 2107 compositum
1321 2058 1497 2098 arbitror
1525 2065 1568 2100 ut

94 2122 277 2162 doricum
308 2117 461 2174 ἀπαρές
489 2119 608 2175 ὑγιής
630 2122 723 2162 Hes.
739 2120 774 2146 32
807 2120 941 2173 Usque
963 2121 1092 2161 adhuc
1112 2122 1209 2161 nihil
1230 2122 1568 2174 deprehendimus

96 2188 261 2239 regulae
284 2189 543 2228 contrarium.
587 2188 672 2228 Neo
701 2187 866 2227 mullum
899 2187 1023 2227 offic-it
1049 2183 1249 2240 Ἠχθηρές
1267 2185 1452 2241 λυπηρόν
1472 2190 1566 2231 Hes.

97 2256 213 2305 cujus
247 2254 488 2305 significatio
519 2255 792 2307 paragogicae
823 2254 967 2294 similis
999 2253 1072 2294 sed
1093 2254 1296 2305 scriptura
1315 2255 1471 2295 incerta
1491 2260 1567 2308 est,

187 2429 246 2471 31)
271 2429 402 2464 Pariter
429 2429 560 2464 turbata
585 2429 760 2473 Apollonii
793 2429 898 2465 verba
931 2431 1104 2475 (θυμαρέα
1141 2429 1373 2472 ,Ἰνμιὶρεσῐον
1410 2432 1470 2464 καὶ
1504 2435 1565 2465 (lv-

99 2482 211 2527 μῆρες
238 2483 273 2516 τὸ
301 2483 456 2528 ἀρέσκον
478 2486 520 2530 τῇ
546 2487 660 2530 ψυχῇ.

188 2553 247 2597 32)
277 2554 340 2588 Pro
362 2554 529 2600 Ἆνῑάρης
553 2559 711 2600 νυκτερίς
735 2557 843 2597 ὄψεσι
870 2557 1061 2600 Σοφοκλῆς
1085 2556 1182 2590 Suid.
1210 2555 1401 2590 Ellencltius
1426 2558 1460 2590 in
1482 2556 1565 2592 Lex.

101 2611 125 2645 1.
156 2611 228 2645 170.
266 2608 418 2654 ἀινιὴρης
439 2611 575 2650 scribit,
610 2613 689 2656 qula
714 2612 847 2655 Tragici
874 2613 954 2646 talia
980 2623 1045 2646 non
1072 2613 1205 2647 soleant
1232 2611 1350 2647 dorice
1376 2613 1564 2656 appellare.

99 2667 206 2701 Poela
231 2666 376 2701 sortasse
403 2665 571 2709 ἀμπαρής
599 2669 714 2710 posuit
737 2667 771 2701 id
802 2671 855 2702 est
879 2667 1064 2712 ἀναπηρῆς
1097 2669 1172 2703 Sive
1198 2667 1398 2711 ἀνάπηρος,
1432 2677 1565 2704 conve..

99 2723 197 2758 niens
223 2722 460 2766 vespertilioni
487 2722 685 2765 epitheton3
711 2723 879 2766 ἄμπηρον
901 2725 1161 2767 πεπηρωμένον
1184 2722 1265 2759 Hes.
