1747 3005
305 179 373 220 DE
398 176 523 220 NOM.
552 175 772 227 QUORUM
803 175 953 218 CHAR.
983 175 1083 218 EST
1114 175 1286 219 SIGMA.
1318 179 1360 220 C.
1384 180 1448 223 111.
1523 183 1614 228 4335

141 288 291 340 duplici
328 288 392 329 usi
435 291 530 329 sunl
569 283 864 340 Συρακούσιος
904 288 944 326 et
983 283 1258 338 Συρακόσιος,
1289 299 1366 330 nec
1397 289 1543 335 desunt
1573 296 1615 337 in

140 352 257 393 codd.
288 354 462 405 vestigia
500 353 644 393 tertiae
687 348 977 404 Συρακόσσιος
1015 363 1052 392 v,
1093 351 1264 394 Bekker.
1310 354 1360 396 ad
1393 357 1515 400 Thuc.
1548 361 1612 403 Ill.

137 417 204 459 86.
246 419 309 458 cui
349 419 540 459 convenit
580 415 850 471 Συράκοσσαι
886 417 928 457 in
964 416 1193 469 Epicharin.
1231 418 1368 472 Epigr.
1395 423 1516 466 Anth.
1546 427 1611 469 IX.

138 482 230 524 600.
273 484 389 524 Nunc
420 484 555 525 dicere
587 488 706 524 vacat
737 482 899 536 quando
930 483 1060 534 sigma
1090 483 1181 524 aliis
1213 488 1412 529 consonis
1443 491 1507 531 vel
1538 503 1611 533 ce-

139 547 207 588 dat
237 549 302 588 vel
331 550 538 591 succedat.
598 550 853 601 Stephanus:
887 545 1087 601 Γάργαρα
1115 572 1168 577 —
1185 543 1423 601 Ἑλλανικός
1442 552 1484 595 δὲ
1504 554 1611 610 Γάρ-

136 624 267 666 γασον
295 611 374 668 ἔφη
399 612 476 668 τὴν
503 613 624 655 πόλιν
662 612 730 655 δια
758 615 834 655 τοῦ
864 624 889 655 σ
918 609 1006 654 ἀλλ’
1041 612 1180 666 οἴομαι
1208 613 1377 669 σφάλμα
1405 616 1529 673 εἶναι,
1560 622 1610 665 de

137 691 218 732 quo
245 683 329 732 jim
354 681 632 743 judicare-
569 692 652 721 non
678 692 913 733 possumus,
944 678 1016 720 sed
1047 690 1166 731 quam
1198 681 1407 727 familiaris
1434 688 1487 728 sit
1508 689 1611 730 haec

138 747 368 787 terminatio
400 757 499 794 ασος
528 756 631 787 ασον
659 746 872 786 vocabulis
902 745 1073 797 topiciS,
1103 756 1222 787 nemo
1251 748 1415 800 ignorat
1445 756 1485 792 et
1516 764 1610 794 cer-

138 816 220 852 tum
259 813 476 853 antithesis
515 811 743 864 exemplum
782 815 846 851 est
877 810 1089 862 Caprasia
1125 812 1268 854 insula
1299 826 1326 855 a
1356 818 1496 868 capiis
1526 831 1609 859 no-

138 878 305 917 minata
345 879 459 918 Varr.
490 879 534 919 R.
564 879 611 919 R.
642 878 687 918 ΙΙ.
718 876 756 929 3,
787 876 825 917 3.
863 887 982 928 quam
1011 876 1164 918 Plinius
1204 883 1243 919 et
1274 880 1342 920 alii
1373 881 1609 934 Caprariam

138 946 301 994 vocant,
333 942 477 984 Graeci
505 944 688 996 Αἴγιλον,
721 946 760 982 et
788 942 977 982 Planaria
1005 941 1140 982 insula
1170 955 1198 984 a
1226 947 1365 997 specie
1395 947 1509 989 dicta
1531 961 1609 990 ae—

138 1007 278 1058 qualis
318 1008 431 1059 freto
472 1010 571 1050 Plin.
610 1021 634 1049 a
676 1008 818 1050 Solino
857 1007 1049 1047 Planasia
1088 1013 1260 1050 vocatur
1298 1023 1333 1052 v.
1365 1013 1609 1068 Wesseling.

138 1071 188 1112 ad
218 1072 352 1114 Itiner.
381 1074 472 1116 504.
502 1071 700 1129 κοράσιον
730 1085 780 1114 ex
809 1070 1007 1125 κοράριον
1037 1073 1186 1114 factum
1215 1075 1447 1119 Buttmanni
1470 1081 1608 1132 opinio

140 1141 204 1178 est
234 1150 352 1191 quam
382 1139 615 1181 addubitavi
644 1141 685 1180 in
714 1139 816 1180 Adn.
847 1138 898 1179 ad
927 1138 1098 1179 Gramm.
1126 1139 1218 1182 442.
1248 1152 1381 1194 neque
1414 1146 1450 1186 ei
1489 1147 1610 1187 auxi-

138 1203 260 1244 liatur
291 1205 580 1257 Theognostus
614 1205 704 1248 125.
735 1200 786 1245 τὰ
814 1200 883 1244 διὰ
899 1205 976 1245 τοῦ
1001 1214 1121 1245 ασιον
1139 1204 1380 1260 γυμνάσιον,
1400 1208 1608 1263 ἱππιέσιον,

137 1266 354 1321 κοράσιον·
391 1282 483 1311 nam
512 1267 708 1311 ἱππάσιον
745 1280 829 1310 non
859 1280 933 1321 pro
972 1268 1168 1321 ῖππάριον
1207 1275 1423 1325 accepisse
1451 1277 1610 1318 videtur

138 1334 210 1375 sed
240 1347 314 1387 pro
346 1335 518 1376 ἰππασία
546 1340 589 1376 ut
616 1332 846 1387 γυμνάσιον
875 1346 1002 1387 saepe
1042 1347 1116 1387 pro
1156 1339 1379 1392 γυμνασία,
1418 1341 1609 1394 quodque

138 1411 258 1440 unum
288 1402 383 1441 novi
412 1402 469 1442 illi
500 1402 630 1442 simile
660 1400 944 1441 meretriculae
973 1401 1013 1441 in
1042 1402 1225 1443 Poenulo
1257 1405 1497 1456 prodeuntis
1526 1419 1607 1449 no-

136 1477 227 1506 men
255 1467 577 1519 Adelphasium,
616 1465 657 1506 id
688 1466 922 1506 deminutivi
952 1466 1112 1519 quidem
1143 1469 1322 1520 speciem
1360 1482 1504 1522 gerere
1532 1485 1610 1515 nec

137 1535 272 1573 tamen
303 1544 351 1573 ex
382 1529 630 1586 ἀδελφάριον
662 1536 792 1572 ortum
825 1536 937 1584 pulc.
962 1524 965 1527 ’
1002 1530 1188 1585 Τάλαρος
1217 1539 1257 1575 et
1284 1537 1455 1577 ταλασία
1490 1549 1608 1579 com-

135 1609 295 1639 munem
325 1600 493 1651 stirpem
523 1599 674 1639 habere
705 1599 880 1649 antiquis
910 1598 1017 1639 haud
1047 1610 1170 1651 aegre
1200 1603 1418 1644 assentior.
1454 1603 1607 1645 Locum

135 1664 310 1717 Atticae,
340 1665 408 1704 ubi
439 1665 622 1704 Theseus
651 1659 723 1710 τὰς
752 1659 854 1715 ἀρὰς
882 1660 1122 1715 ἐποιήσατο,
1164 1666 1406 1709 Plutarchus
1442 1664 1608 1724 Ἀρατή-

134 1743 227 1782 ριον
256 1730 397 1770 vocari
426 1734 621 1770 memorat
648 1729 766 1770 Thes.
789 1740 821 1770 c.
842 1729 1014 1770 XXXIV.
1036 1731 1143 1771 sicut
1171 1732 1251 1772 alia
1276 1732 1370 1774 loca
1399 1731 1606 1788 εὐκτήρια,

134 1792 368 1849 χρηστήρια,
398 1792 614 1848 πρατήρια,
644 1791 891 1847 πωλητήρια,
921 1792 1131 1848 μελετήρια
1169 1798 1450 1852 nominantur3
1485 1796 1608 1855 Ἀρη-

133 1859 278 1915 τήσιον
307 1873 419 1914 vero,
451 1860 655 1913 quomodo
687 1860 726 1899 in
756 1860 842 1901 EM.
873 1861 1077 1915 scribitur,
1108 1874 1188 1914 qua
1218 1865 1408 1916 analogia
1446 1865 1608 1908 defendi

135 1929 271 1981 possit
300 1929 456 1969 nescio.
515 1925 596 1967 Sed
624 1922 854 1979 γενετήσιος
883 1929 923 1966 et
952 1925 1180 1981 γενετήριος
1209 1940 1340 1982 aequo
1380 1933 1474 1982 jure
1512 1937 1608 1973 sunt

137 1997 176 2034 et
207 1994 316 2046 quod
346 2005 418 2046 per
448 1993 552 2032 hanc
585 1991 846 2031 occasionem
870 1991 1013 2033 addam
1030 1990 1227 2047 ’Ἀργιόσα
1256 1991 1380 2048 ἡνῦν
1398 1994 1608 2050 ’Άργουρα

137 2059 272 2101 Strab.
312 2059 377 2100 IX.
409 2058 500 2099 440.
532 2057 582 2096 ab
621 2053 746 2108 ἄργος
782 2057 980 2097 incertum
1019 2070 1070 2099 an
1113 2060 1163 2101 ab
1202 2056 1338 2113 ἀργός.
1395 2063 1607 2105 Euboicae

134 2135 233 2165 vero
265 2125 377 2165 urbis
406 2133 555 2164 nomen
586 2121 735 2173 duplex
753 2119 961 2175 ’Ἀργουρα
980 2122 1240 2177 οῖ’Ἀργουσα
1256 2138 1362 2167 nunc
1383 2139 1464 2168 uno
1482 2129 1604 2170 modo

135 2200 208 2241 per
245 2190 318 2230 rho
359 2189 618 2230 scribendum
659 2200 754 2229 esse
792 2190 1055 2230 consentiunt
1093 2203 1129 2230 v.
1161 2191 1307 2232 Bernh.
1351 2192 1399 2233 ad
1432 2193 1541 2235 Suid.
1573 2206 1606 2236 s,

135 2256 171 2297 h.
197 2250 392 2295 ’Ἀννισον
430 2259 468 2295 et
509 2252 673 2307 ἄνηθον
713 2255 907 2295 confundi
944 2259 1066 2296 antea
1096 2255 1244 2297 dictum
1275 2260 1351 2298 est.
1406 2253 1607 2312 Ὀποκάρ-

133 2331 267 2361 πασον
296 2320 449 2360 Plinius
481 2331 782 2372 opocarpasum
814 2324 853 2360 et
882 2332 1049 2361 succum
1078 2322 1277 2373 carpathii
1306 2327 1449 2377 vocat,
1487 2325 1606 2365 insu-

133 2387 294 2438 lamque
326 2386 574 2436 Καρπασίαν
617 2398 641 2427 a
677 2385 898 2437 Xenagora
928 2384 1166 2439 Κάρπαθον
1202 2387 1349 2429 dictam
1381 2400 1476 2430 esse
1507 2390 1605 2431 Ste—

133 2452 292 2504 phanus
324 2454 509 2492 testatur.

1239 2783 1328 2826 28*
