1747 3005
129 153 198 194 DE
230 151 356 216 NOM.
385 151 604 202 QUORUM
629 149 779 193 CHAR.
810 150 911 193 EST
940 148 1231 193 GUTTURAL.
1264 152 1306 194 C.
1320 153 1366 197 11.
1387 159 1425 204 §.
1447 156 1485 198 2.
1522 155 1606 200 313

128 261 306 312 byloniis
337 265 551 313 acceptum
580 260 723 301 dieitur
740 259 1026 301 vestimentum
1054 257 1264 315 καυνάκης
1291 263 1356 303 vel
1384 262 1605 319 γαυυάκης.

127 326 172 366 In
198 327 391 367 versione
420 327 641 367 Bibliorum
671 325 966 378 Alexandrina,
995 336 1073 365 nee
1098 325 1215 379 alibi,
1253 326 1401 379 legitur
1430 325 1605 385 ἆττακής

128 391 194 432 vel
233 395 277 431 ut
307 392 504 443 Vulgatus
535 392 678 432 scribit
717 394 911 443 attacus,
942 390 1128 430 locustae
1158 402 1312 443 genus3
1353 395 1440 434 avis
1470 396 1604 437 indica

127 454 347 510 ῥυνδακής,
380 458 489 509 quod
520 458 664 498 Corais
697 456 746 497 ad
777 456 878 496 Plut.
897 456 940 497 V.
969 456 1112 496 Artax.
1146 467 1178 497 e.
1208 457 1309 498 XIX.
1340 461 1468 510 magis
1499 472 1602 512 pro-

127 523 196 563 bat
229 534 347 574 quam
380 521 584 575 ῥυντάκης
614 527 653 563 et
682 518 887 574 ῥυνδάκη,
928 521 1211 574 celebriusque
1243 524 1429 565 omnibus
1458 524 1602 578 μανιά-

125 602 212 640 κης,
243 588 353 640 quod
375 589 632 630 Grammatici
655 599 743 628 cum
767 587 908 628 dorico
931 584 1086 639 μάνυος
1115 588 1202 627 sive
1229 584 1383 640 μόυνος
1414 591 1600 641 (monile)

127 658 167 694 et
189 664 277 694 eum
303 655 504 695 communi
524 654 719 707 μηνίσκος
747 656 996 704 componunt
1018 652 1242 705 Graecique
1263 654 1484 705 vulgariter
1508 661 1602 698 tan-

127 730 246 771 quam
293 720 553 760 vernaculum
599 722 819 771 usurpant,
864 718 1058 769 Polybius
1097 722 1231 759 autem
1276 720 1465 770 gallicum
1506 733 1602 764 esse

128 785 352 836 signifieat3
405 797 485 837 qua
533 796 633 825 aura
671 784 885 836 provocati
926 784 1208 834 Syncretistae
1246 786 1379 826 nostri
1419 787 1483 827 vix
1523 787 1602 829 dici

126 854 267 902 potest
296 862 511 902 quousque
542 849 828 891 eveliantur.¹⁰
856 849 906 889 Et
935 846 1143 902 μανόάκης
1173 862 1335 902 quoquc
1356 862 1435 902 quo
1462 853 1602 894 Choe-

126 915 330 955 roboscus
369 915 554 956 Eustatli.
594 914 687 966 818,
718 913 782 955 23.
821 916 987 967 proprIe
1025 911 1175 967 δεσμὸν
1211 912 1363 969 χόρτου
1401 917 1602 960 declarari

128 984 301 1021 testatur
329 977 433 1020 κατά
462 994 553 1019 τινα
581 980 784 1031 γλῶτταν,
815 980 921 1020 haud
950 981 1097 1032 injuria
1123 981 1165 1021 in
1195 986 1317 1023 coetu
1347 982 1601 1035 alienigena-

127 1057 214 1086 rum
252 1047 489 1087 reseremus.
547 1045 627 1087 Sed
666 1041 857 1096 καψάκης
895 1045 982 1085 sive
1019 1042 1248 1098 καμψάκης,
1287 1059 1472 1099 quaeque
1507 1053 1602 1091 sunt

128 1111 309 1163 ejusdem
342 1112 515 1152 familiae
547 1122 674 1163 capsa
704 1116 741 1151 et
770 1107 974 1162 κάμπτρα,
1017 1122 1039 1150 a
1070 1111 1268 1162 capiendo
1299 1117 1337 1152 et
1366 1114 1600 1165 recipiendo

129 1176 236 1217 dieta
274 1188 322 1217 ac
362 1177 532 1229 proinde
570 1188 652 1217 non
681 1176 802 1227 longe
838 1187 858 1216 e
888 1175 1019 1217 media
1048 1176 1236 1216 barbarie
1268 1177 1341 1217 sed
1373 1189 1422 1218 ex
1453 1180 1601 1221 vicinio

127 1242 227 1282 Latii
265 1242 356 1283 solo
397 1243 652 1293 immigrasse
688 1241 898 1293 videntur,
941 1251 989 1280 ac
1029 1241 1064 1280 si
1101 1241 1151 1281 ab
1192 1242 1331 1283 ultima
1367 1249 1604 1296 repetantur

129 1308 270 1361 stirpe,
302 1309 482 1348 sortasse
512 1318 594 1346 non
624 1307 755 1346 minus
785 1316 936 1356 graeca
965 1317 1083 1357 quam
1103 1318 1270 1347 romana
1300 1314 1407 1362 sunt,
1440 1321 1531 1350 nam
1563 1315 1603 1352 et

125 1373 184 1413 illi
223 1384 389 1425 capsam
427 1369 610 1424 κυψέλην
639 1375 811 1423 vocant,
854 1371 1068 1423 caupulum
1106 1368 1268 1425 κύμβην
1304 1374 1464 1427 aliaque
1493 1377 1602 1418 illius

127 1438 242 1479 verbi
278 1439 453 1490 vestigia
492 1441 659 1478 servant
698 1447 802 1488 quae
831 1436 1023 1476 inferiore
1054 1438 1230 1489 quodam
1260 1439 1353 1479 loco
1387 1452 1602 1482 common-

129 1504 283 1544 strabo.
343 1504 557 1544 Nominum
589 1507 743 1554 tamen,
782 1501 831 1541 dc
871 1502 1017 1553 quibus
1057 1503 1227 1556 loquor,
1272 1509 1465 1546 auctores
1505 1507 1603 1548 nulli

129 1570 208 1608 nisi
230 1570 425 1622 extranei,
455 1568 676 1609 Bibliorum
696 1568 944 1618 interpretes
963 1567 1104 1609 Judaei
1129 1574 1167 1609 et
1185 1571 1349 1621 rupices
1371 1571 1603 1626 Christiani,

131 1638 375 1684 constatque
406 1634 610 1673 sententia
638 1633 841 1673 vocabula
866 1634 907 1672 in
936 1648 1037 1686 ακης
1057 1635 1247 1674 exeuntia
1267 1646 1286 1674 e
1309 1635 1479 1676 Graecia
1499 1649 1603 1678 exu-

130 1698 226 1739 lare.
259 1698 340 1739 Sed
360 1699 436 1738 hac
455 1698 755 1749 peregrinitatis
779 1702 876 1737 nota
898 1703 1081 1738 exemtae
1102 1704 1196 1739 sunt
1222 1704 1384 1740 ceterae
1405 1703 1603 1744 termina-

133 1765 266 1804 tiones
280 1765 424 1815 partim
448 1762 694 1801 tralaticiae:
720 1774 742 1801 a
759 1763 883 1803 verbo
902 1760 1131 1816 φαρμάσσοι)
1147 1762 1398 1816 φαρμακεύς,
1412 1766 1601 1821 «Ἱβόμβυξ

130 1829 330 1881 βαμβακίς
350 1829 436 1868 sive
453 1826 656 1878 παμβακίς
685 1831 728 1866 ut
754 1829 941 1878 θυλακίς,
973 1829 1160 1881 (putante,
1188 1831 1376 1882 λειμακίς,
1398 1833 1448 1872 ab
1469 1833 1602 1874 obso-

131 1895 213 1935 leto
232 1895 431 1946 principio
453 1889 622 1942 ἀρνακίς
643 1889 790 1945 (ῥήυις,
813 1896 944 1946 reno).
975 1895 1124 1934 Partim
1145 1895 1194 1935 ad
1215 1907 1450 1947 paragogen
1471 1899 1603 1949 perti-

131 1965 246 2000 nent:
280 1961 447 2011 primum
476 1954 692 2010 πυῤῥοὲκης
723 1954 745 1998 ὁ
775 1957 933 2009 πυῤῥός
962 1960 1179 2000 Herodian.
1211 1961 1338 2012 Epim.
1371 1962 1458 2003 115.
1492 1963 1602 2014 quod

133 2025 298 2076 saepius
328 2025 367 2064 in
400 2025 599 2064 Versione
633 2024 673 2063 V.
707 2024 748 2063 T.
778 2023 972 2073 legiturll
1010 2025 1196 2078 idemque
1224 2027 1485 2068 Rulmkenius
1516 2029 1604 2068 He-

133 2090 274 2140 syclrio
304 2091 481 2130 restituit
511 2102 542 2130 s.
565 2085 825 2142 Ὗπέρυθρος
852 2087 1074 2143 πυρακτής,
1105 2092 1288 2133 detracta
1309 2104 1495 2133 consona
1511 2105 1603 2134 mu-

134 2258 275 2298 apparet
300 2254 362 2289 scd
383 2254 509 2289 Suidas
535 2254 647 2297 tradit,
673 2264 734 2289 eos
764 2254 909 2290 sortasse
934 2260 1100 2299 sequutus
1127 2257 1184 2300 qui
1203 2255 1313 2293 διὲνος
1331 2260 1473 2292 mortem
1492 2258 1604 2294 inter-

132 2312 255 2353 pretati
284 2313 372 2343 sunt.

224 2367 281 2408 10)
306 2363 775 2407 Veterum.Celtopliilarum
812 2375 906 2401 more
942 2366 1213 2401 l)iel'1¹,nluicliius
1247 2368 1279 2400 in
1314 2367 1401 2402 Celt.
1429 2367 1464 2401 T.
1494 2368 1518 2402 1.
1545 2369 1599 2404 68.

132 2431 183 2465 sq.
211 2421 278 2454 huc
303 2420 465 2454 conciliat
490 2429 565 2453 cum
592 2420 733 2453 aliarum
759 2421 950 2463 linguarum
974 2422 1153 2463 vocabula,
1180 2426 1247 2456 tum
1275 2424 1377 2457 etiam
1403 2423 1507 2457 latina
1526 2434 1604 2458 ma-

132 2485 215 2515 nus,
241 2485 398 2517 manere,
424 2479 572 2517 moneta,
598 2475 746 2517 moenia,
777 2486 884 2519 mons,
915 2486 1039 2519 murus,
1067 2487 1171 2518 mora,
1199 2479 1322 2520 intrari,
1350 2481 1383 2512 et
1408 2480 1605 2520 germanica

134 2530 294 2572 Maeline,
322 2530 425 2572 Mine,
451 2530 587 2572 Mangel
609 2534 675 2565 etc.
724 2531 819 2566 llaec
844 2532 1092 2575 propemodum
1118 2533 1313 2576 adaequant.
1331 2533 1526 2576 Goropiana
1546 2535 1603 2567 in-

134 2591 236 2622 venta
265 2590 298 2620 et
324 2586 471 2619 famosas
495 2584 768 2628 Syuibolicorum
793 2587 1048 2622 similitudines.

226 2642 284 2683 11)
321 2641 408 2674 Hine
441 2639 586 2675 tortasse
623 2644 675 2676 est
701 2641 872 2683 genitivus
897 2643 1026 2685 proprii
1051 2640 1220 2686 Πυράκου
1244 2643 1277 2677 in
1303 2643 1408 2678 Inscr.
1435 2643 1542 2679 Teuia
1569 2653 1601 2678 n.

135 2691 233 2740 2334,
258 2696 312 2732 32.
339 2706 371 2739 p.
400 2695 477 2733 255.
505 2699 539 2732 et
563 2697 663 2733 Delia
688 2706 720 2731 n.
749 2697 845 2733 1391.
872 2707 904 2740 p.
929 2697 1006 2732 349.
