1699 3021
241 149 310 191 DE
341 148 632 192 NOMINIBUS
663 149 717 191 IN
745 149 776 190 ὖ
802 148 1149 192 EXEUNTIBUS.
1180 151 1324 194 C.v11.
1343 157 1382 201 ὃ.
1406 154 1444 195 2.
1501 153 1591 196 2115

107 258 241 312 πάστη
258 259 420 311 lepista‚
440 255 674 312 κάναστρον
699 237 1151 313 οοηίεῑιίιη],“Ἀκράγας
1169 260 1449 315 Agrigentum,
1466 264 1587 302 Μασ-

106 326 227 366 σαλία
247 324 446 378 Massilia,
469 322 783 378 Μασσανάσσης
803 326 1049 366 Massinissa
1070 338 1105 366 v.
1129 326 1170 366 G.
1192 325 1428 366 Schneider.
1455 327 1585 370 liram.

106 392 133 433 1.
160 391 199 444 2,
223 390 316 432 440.
356 387 529 442 κωμάζω
569 392 796 444 comissor,
837 390 911 431 sed
942 391 1159 443 caccabus,
1191 403 1355 432 camara
1374 392 1407 416 ¹¹⁵
1437 397 1475 432 et
1505 394 1586 435 alia

104 456 249 498 eodem
278 467 359 508 quo
392 455 536 497 Graeci
566 467 685 498 sono.
733 456 846 505 Quae
875 467 973 497 vero
999 456 1039 496 in
1064 457 1280 509 superiore
1303 456 1584 509 disputatione

102 522 221 563 attuli
248 519 424 569 πεόανός
451 519 635 570 πεδινός,
665 519 845 570 πετεινός
872 518 1064 575 πετηνός,
1094 518 1272 575 λάγηνος
1298 519 1479 574 λάγυνος
1499 529 1576 565 etc.

102 599 187 629 non
216 587 269 629 ad
299 591 446 640 tropen
476 589 682 641 pertinent
711 587 787 629 sed
817 577 1092 628 adflexuram
1114 588 1387 646 positionum.

213 680 253 724 ς.
285 675 324 717 2.
382 676 535 717 Eadem
566 679 629 717 est
656 686 868 717 consonae
906 675 1011 716 ratio
1050 675 1144 715 huic
1172 675 1448 716 terminationi
1478 689 1581 729 pro-

100 743 236 795 priae3
268 744 384 794 cujus
409 742 503 783 loco
527 753 653 795 saepe
682 742 787 782 aliae
807 741 1033 782 succedunt
1062 740 1239 793 liquidae
1263 741 1353 781 sine
1378 742 1460 782 ulla
1479 743 1580 783 ass'e—

101 809 251 849 ctionis
271 808 532 860 suspicione;
561 819 688 860 qnare
707 807 809 848 haec
832 808 982 848 cursim
1010 807 1197 848 tractabo
1222 811 1413 859 tanquam
1434 808 1577 850 aliena.

98 874 273 915 Primum
302 873 483 914 lambda:
516 870 741 926 Μαργάλαι
764 876 804 914 et
823 869 1051 925 Μαργάναι
1079 872 1272 926 oppidum
1293 872 1422 914 Elidis
1444 874 1577 915 Strab.

98 939 198 980 VIII.
229 938 319 980 107.
358 936 536 991 ροεδαλός
563 936 767 991 κραδαλός
798 944 839 980 et
867 935 1048 992 ραδανός
1076 935 1267 992 ῥαδινός,
1308 934 1509 991 ἄρδάλιον
1538 945 1578 981 et

98 1001 297 1057 ἆρδάνιον
327 1006 377 1046 ab
408 1001 521 1057 ἄρδω
551 1004 659 1046 unde
688 1002 795 1058 ἄρδοι
833 1009 873 1047 et
902 1003 1079 1057 ἄρδαλος
1106 1001 1335 1057 μολυσμός,
1375 1001 1508 1057 ἔβελος
1537 1012 1578 1047 et

95 1069 255 1126 ἔβενος,
294 1067 499 1125 λωγάλιον
531 1075 571 1112 et
598 1068 815 1123 λωγάνιον.
840 1072 875 1097 1⁷
932 1069 1123 1112 Secundo
1160 1082 1249 1122 my:
1294 1065 1499 1124 Ἀρσάμης
1535 1077 1576 1113 et

91 1134 294 1191 Ἀρσάνης
319 1149 356 1179 v.
385 1137 561 1178 Wessel.
592 1137 642 1178 ad
669 1137 787 1178 Diod.
813 1137 931 1178 XVII.
949 1136 986 1178 5.
1013 1132 1189 1187 πύριμος
1207 1139 1247 1175 et
1269 1132 1454 1187 πύρινος,
1473 1134 1575 1177 ’'Av-

97 1207 222 1257 θιμος
258 1204 450 1254 frequens
487 1204 593 1243 inter
622 1203 880 1243 Christianos
909 1211 1082 1253 nomen,
1120 1196 1320 1248 ’Ἀνθινος
1352 1196 1574 1258 Ἀμπελίνῳ

93 1271 135 1311 in
165 1269 386 1323 epigraphe
414 1268 544 1320 Epist.
577 1267 757 1319 Theoph.
790 1268 1002 1309 Simoeatt.
1031 1265 1273 1308 LXXXVIII.
1303 1263 1485 1320 ἅνθιμον
1513 1263 1573 1309 εἶ-

92 1335 171 1389 δαρ
210 1334 333 1387 Orph.
369 1333 472 1375 Lith.
508 1343 583 1385 pro
615 1323 825 1374 homerico
865 1329 1063 1384 ἄνθινον,
1100 1328 1285 1385 πρώιμος
1322 1337 1362 1375 et
1391 1332 1574 1386 πρώινος

92 1413 129 1443 v.
159 1400 210 1443 ad
238 1401 386 1452 Phryn.
415 1414 453 1455 p.
485 1398 550 1441 52.
581 1393 791 1453 ὀπώριμος
821 1402 861 1440 et
890 1394 1109 1451 ὀπωρινός,
1137 1394 1284 1452 ἤριμος
1302 1400 1396 1441 Hes,
1419 1404 1458 1441 et
1477 1395 1571 1453 ἠρι-

90 1465 176 1519 νός,
221 1463 415 1520 δρόσιμος
444 1468 484 1506 et
512 1461 716 1517 δρόσινος.
783 1465 920 1506 Tertio
951 1465 1050 1506 rho:
1090 1465 1284 1518 βλίκαρος
1312 1470 1352 1506 et
1380 1466 1573 1519 βλίκανος

92 1529 116 1575 ὅ
134 1530 345 1588 βάτραχος,
366 1543 595 1585 quanquam
617 1535 782 1584 etymon
803 1531 881 1572 dici
902 1531 1065 1584 nequit3
1094 1527 1284 1583 λεκάριον
1312 1536 1352 1572 et
1380 1529 1571 1573 λεκάνιον

90 1599 171 1641 huc
207 1610 291 1640 non
327 1600 502 1640 referam
543 1599 639 1651 quia
677 1609 701 1638 a
739 1596 913 1638 diversis
944 1598 1156 1650 principiis
1185 1594 1301 1644 λέκος
1339 1601 1379 1638 et
1407 1595 1568 1652 λεκάνη,

93 1664 167 1706 sed
196 1664 475 1718 placentarum
505 1675 634 1715 genus
664 1659 847 1714 λάγανον
876 1662 954 1702 diei
985 1663 1178 1714 suspicor
1207 1659 1275 1701 διὰ
1304 1659 1352 1703 τὸ
1370 1661 1566 1715 λαγαρόν,

90 1730 340 1781 verbumque
368 1729 561 1780 Hesychii
599 1728 855 1780 Λαγρονίτης
891 1723 998 1774 εἶδος
1033 1728 1290 1775 πλακοῦντος
1317 1729 1567 1781 interpretor

89 1795 317 1848 λαγανίτης.
362 1794 414 1835 Ut
432 1799 565 1835 autem
587 1794 728 1834 harum
752 1804 897 1833 vocum
920 1797 1063 1833 neutra
1084 1793 1215 1833 neutri
1241 1793 1465 1835 substituta
1486 1794 1565 1836 dici

90 1865 251 1916 potest,
290 1861 348 1900 ita
378 1859 427 1900 de
457 1859 712 1900 detractione
743 1870 954 1899 consonae
985 1870 1067 1899 non
1098 1860 1379 1900 consentimus
1421 1860 1565 1901 Gram—

89 1927 249 1969 maticis
279 1926 320 1966 in
348 1926 434 1966 EM.
464 1925 558 1978 810,
583 1925 644 1967 18.
670 1925 800 1966 Cram.
824 1925 852 1965 Ι.
877 1925 969 1965 437.
991 1925 1148 1966 11.425.
1179 1922 1223 1965 ἐκ
1249 1926 1326 1966 τοῦ
1344 1924 1566 1977 χειμερινός

88 1993 240 2046 γίνεται
268 1988 373 2032 κατὰ
402 1988 606 2045 συστολὴν
637 1986 906 2044 (ὑποστολὴν)
939 1991 1016 2031 τοῦ
1040 1992 1067 2031 ῦ
1095 1987 1290 2043 χειμέριος
1320 1988 1375 2039 ὡς
1404 1988 1564 2045 ἑσπερι-

86 2056 160 2107 νός
184 2054 380 2111 ἑσπέριος,
412 2070 517 2111 quae
547 2057 654 2110 apud
683 2061 898 2110 poetarum
924 2057 1249 2109 antiquissimum
1276 2068 1482 2110 nunqnam
1510 2058 1565 2098 νῦ

87 2125 262 2178 habent,
291 2135 424 2177 neque
453 2120 633 2177 πρωινός
662 2123 731 2164 ille
761 2123 858 2164 dicit
887 2122 962 2165 sed
990 2119 1155 2176 πρώιος.
1194 2122 1296 2163 Post
1326 2133 1416 2163 eum
1445 2123 1565 2163 inva—

86 2192 248 2233 luerunt
275 2186 441 2245 ἡμέριος
469 2213 523 2220 —-
551 2185 754 2244 ἡμερινὸς,
785 2185 996 2243 νυκτέριος
1015 2212 1068 2218 -
1085 2184 1185 2240 ινός,
1216 2184 1561 2242 ὄρθριος-ινός,

177 2357 235 2401 16)
260 2357 335 2392 Hoc
359 2360 473 2393 tamen
505 2357 647 2401 saepius
680 2365 818 2393 camera
851 2356 1031 2399 scribitur3
1063 2364 1131 2390 non
1163 2356 1211 2389 ita
1243 2363 1351 2398 saepe
1380 2353 1561 2389 Camerina

86 2414 122 2447 ut
144 2411 304 2448 Cameria
328 2415 363 2448 et
387 2412 617 2455 Camerinum,
644 2422 734 2457 quae
763 2413 804 2447 ab
835 2412 960 2449 eadem
983 2413 1090 2455 stirpe
1121 2414 1201 2445 nata
1233 2410 1403 2446 videntur.
1452 2409 1559 2453 Agri-

84 2471 226 2511 gentum
250 2471 285 2504 et
305 2466 531 2513 Ἀκράγαντα
558 2467 768 2504 conferenda
785 2472 863 2503 sunt
888 2478 965 2503 cum
983 2467 1165 2502 Tarentum
1184 2464 1366 2511 Τάραντα,
1396 2465 1559 2501 talentum

86 2521 274 2562 τάλαντον,
301 2527 418 2558 contra
437 2524 551 2568 posito
580 2522 757 2560 Calendae
780 2523 982 2558 Κάλανδαι.

178 2589 236 2632 17)
261 2588 307 2622 Τὸ
336 2587 555 2634 ἀργινόεσσα
585 2588 771 2634 γράφεται
796 2590 857 2622 καὶ
883 2588 1102 2633 ἀργιλόεσσα
1126 2587 1217 2620 κατὰ
1255 2588 1445 2631 στοιχείων
1475 2598 1558 2630 συγ-

85 2646 230 2688 γένειαν
251 2643 346 2679 Eust.
375 2644 418 2679 ad
452 2645 554 2679 Dion.
591 2646 687 2682 1166.
716 2645 862 2688 Ἀβιννα
895 2643 1024 2688 Λιβύης
1057 2644 1151 2688 ἄκρα
1187 2643 1346 2677 Ph'Iloslr.
1380 2642 1417 2678 V.
1444 2641 1557 2686 Apoll,

84 2700 123 2734 V.
153 2701 183 2737 1.
214 2700 288 2738 188.
315 2700 419 2744 vulgo
442 2698 565 2743 Ἀβύλη
591 2703 754 2742 vocatum
781 2701 815 2735 in
840 2699 942 2737 Thes.
968 2701 1150 2743 utrumque
1178 2699 1355 2734 omissum.
