1731 3021
293 757 721 818 ADDENDA
778 753 897 810 ET
950 749 1572 809 CORRIGENDA.

307 1070 351 1111 P.
383 1068 419 1109 1.
478 1066 522 1108 In
553 1064 883 1120 praescriptione
911 1062 1085 1104 Dissert.
1118 1061 1146 1104 1.
1180 1073 1254 1114 pro
1277 1060 1522 1103 MDCCCIII.
1553 1058 1675 1101 scrib.

198 1132 553 1178 MDCCCXXXIII.

308 1202 352 1243 P.
381 1201 419 1241 4.
478 1199 503 1239 1.
536 1197 574 1240 3.
613 1208 692 1238 ser.
729 1196 892 1249 θρῆνυς
931 1206 1006 1247 pro
1047 1195 1214 1248 θρῆνος.

309 1268 353 1309 P.
383 1266 420 1307 6.
452 1264 541 1305 adn.
573 1263 642 1304 ult.
676 1266 773 1314 post
805 1258 971 1313 τάριχος
1001 1260 1125 1302 adde:
1158 1270 1263 1312 quae
1285 1258 1516 1299 metabolae
1537 1268 1678 1298 exem-

202 1333 271 1386 pla
301 1331 415 1372 affert
449 1328 730 1371 Choerobose.
763 1329 864 1369 Dict.
902 1327 995 1368 366.
1030 1328 1078 1367 cs.
1108 1326 1232 1367 Bekk.
1262 1323 1415 1365 Aneod.
1449 1323 1566 1365 1308.
1597 1322 1634 1364 b.

311 1396 354 1437 P.
387 1396 423 1436 9.
456 1394 480 1436 l.
512 1395 576 1436 20.
607 1405 686 1435 ser.
706 1390 902 1446 Δρεπάνη
923 1389 1223 1444 ριᾛοΛρὲπανη
1275 1389 1357 1432 Sed
1379 1389 1427 1431 de
1447 1387 1680 1441 hujusmodi

200 1463 310 1504 vitiis
341 1466 488 1515 postea
517 1472 601 1500 non
630 1459 873 1500 admonebo.

311 1528 354 1569 P.
387 1526 450 1569 17.
480 1527 520 1566 in
551 1525 689 1566 adnot.
719 1524 782 1566 22.
813 1523 916 1564 adde
947 1521 1047 1575 ἱεροὶ
1076 1520 1169 1574 ῥόοι
1197 1521 1306 1572 Ibye.
1335 1521 1397 1561 Fr.
1429 1520 1492 1561 VL

312 1592 356 1633 P.
388 1591 452 1632 2³.
485 1590 509 1632 l.
540 1590 577 1631 9.
615 1587 778 1642 χέννιον
817 1589 906 1630 avis
948 1589 1215 1641 aegyptiacae
1253 1597 1402 1627 nomen
1440 1597 1477 1628 v.
1515 1585 1680 1626 Jacobs,

206 1657 256 1699 ad
284 1656 417 1698 Anall.
449 1656 491 1697 T.
521 1654 567 1696 X.
599 1654 691 1695 210.

313 1722 357 1763 Ρ.
389 1721 453 1762 29.
484 1721 621 1761 adnot.
655 1719 725 1760 ult.
753 1730 828 1772 pro
855 1721 1240 1772 propat-ooeytonon
1270 1728 1348 1759 scr.
1375 1717 1681 1769 parooeytonon

208 1793 248 1830 et
276 1788 317 1828 in
348 1786 438 1827 adn.
468 1786 532 1827 20.
563 1786 588 1827 l.
618 1785 656 1827 4.
690 1789 787 1838 post
819 1786 1002 1826 alterum
1033 1784 1135 1825 adde
1166 1785 1316 1825 locum.

316 1852 358 1894 P.
388 1852 454 1893 33.
487 1851 576 1892 adn.
606 1851 671 1893 32.
703 1850 1024 1892 Choeroboseus
1055 1850 1159 1891 Diot.
1190 1848 1282 1891 290.
1312 1845 1440 1901 γείυεό
1459 1861 1541 1900 μοι,
1572 1844 1682 1899 quod

210 1920 311 1962 satis
341 1922 417 1959 est.

318 1985 361 2026 P.
391 1983 455 2025 35.
486 1982 509 2023 l.
540 1982 577 2023 3.
609 1992 688 2022 SOr.
718 1977 985 2022 σκυλάκαινα.
1050 1980 1129 2022 Pro
1148 1977 1348 2021 ’Ἀλκαινα
1385 1978 1514 2021 Keilio
1553 1976 1685 2019 Anall.

209 2050 346 2103 Epigr.
377 2060 414 2101 p.
447 2047 537 2090 188.
569 2043 761 2087 Λάκαινα
791 2047 1049 2087 seribendum
1078 2045 1248 2088 videtur.

320 2114 362 2155 P.
393 2114 457 2155 37.
489 2113 513 2153 l.
549 2112 610 2154 19.
644 2116 740 2165 post
777 2112 961 2152 κυδαίνω
1007 2112 1109 2153 adde
1139 2111 1335 2161 κυκαίνω,
1367 2109 1476 2162 quod
1507 2110 1687 2150 sortasse

211 2180 466 2233 Euphorioni
495 2179 535 2218 in
565 2178 755 2218 Meinekii
786 2178 918 2219 Anall.
955 2178 1072 2219 Alex.
1113 2189 1151 2230 p.
1193 2178 1259 2218 40.
1303 2175 1568 2217 reddendum:
1608 2169 1688 2223 ζὰψ

213 2243 256 2286 δὲ
293 2243 387 2286 ποτὶ
424 2241 658 2284 σπιλάδεσσι
699 2244 805 2283 νεῶν
837 2239 1015 2295 ὀλέτειρα
1045 2244 1227 2284 κυκαίνει
1257 2254 1332 2294 pro
1363 2238 1543 2281 κακύνει.
1601 2240 1688 2280 Κυ-

212 2312 368 2351 κᾶσθαι
397 2310 564 2362 saepius
597 2308 645 2348 de
676 2308 865 2350 fluetibus
896 2309 1043 2361 legitur
1073 2309 1345 2361 turbantibus,
1376 2303 1586 2360 Χάρυβδις
1617 2318 1690 2346 uv-

213 2374 347 2430 κωμέν
349 2392 387 2431 η,
418 2377 529 2428 κῦμα
558 2371 800 2426 κυκώμενον
828 2374 942 2415 Hom.

321 2442 364 2484 P.
396 2442 460 2483 40.
491 2441 515 2481 l.
547 2440 585 2481 3.
616 2443 712 2491 post
750 2437 952 2492 πρόφρων
991 2450 1069 2480 scr.
1107 2435 1310 2490 πρόφρας.
1377 2437 1537 2490 Proprii
1580 2432 1690 2488 Πρό-

215 2522 323 2559 φρας
370 2504 577 2559 Προφραι
580 2521 649 2554 τος
696 2506 875 2547 meminit
925 2504 1244 2546 Choeroboscus
1282 2502 1689 2556 Dict.38‚18.de

214 2570 463 2625 πρόφρασσα
502 2577 636 2613 tamen
682 2571 918 2614 Nitzsehius
967 2570 1018 2610 ad
1059 2570 1207 2621 Odyss.
1248 2569 1292 2610 V.
1333 2568 1423 2611 169.
1463 2537 1688 2610 Philoxeno

216 2639 436 2678 assentitur
467 2649 490 2677 a
528 2637 659 2690 προΐω
701 2635 965 2689 repetendum
1005 2647 1112 2676 esse.
1176 2635 1406 2686 Hesychius
1445 2634 1690 2686 Σαλίβασσα

214 2702 263 2753 τῇ
295 2698 483 2754 θαλάσσῃ
515 2697 753 2755 ἀπελθούσῃ
777 2702 999 2752 scripsisse
1022 2701 1178 2741 videtur
1198 2698 1438 2741 ἀπελθοῦσα
1461 2700 1548 2741 scil.
1574 2699 1688 2747 ναῦς.
