1747 3005
254 156 321 198 DE
352 154 479 198 ΝΟΜ.
509 152 647 196 PRIM.
681 152 883 195 DECLIN.
912 152 966 195 IN
996 142 1051 201 ἶς’
1073 152 1263 195 PURUM.
1294 158 1332 203 §.
1352 153 1390 197 8.
1484 155 1556 198 511

76 266 275 308 Priscian.
304 265 368 307 VI.
392 265 456 319 67,
481 264 572 306 263.
604 263 713 317 (709.
734 262 795 315 Ρ.)
828 263 1158 315 frequentissime
1186 264 1336 317 Amps'g,
1367 263 1558 318 quodque

82 332 238 379 Θεῶυις
265 331 351 372 EM.
382 331 475 384 327,
496 330 560 371 20.
593 330 778 370 obruitur
806 327 1060 369 multitudine
1092 332 1366 379 oxytonorum
1392 325 1558 382 Ἀγωυίς

79 411 116 440 v,
154 396 327 438 Meinck.
365 397 466 436 Hist.
510 396 620 436 Com.
651 395 744 436 386.
788 394 994 447 Ζηυωνίς,
1040 394 1218 442 Φιλωνίς
1253 395 1374 437 Anth.
1400 397 1558 436 Χειλω-

76 463 139 511 νίς
166 463 354 504 Parthen.
384 461 520 502 XXIII.
544 461 691 513 quibus
718 471 834 500 nemo
862 460 982 500 alium
1003 465 1213 500 accentum
1233 461 1418 512 assignat
1437 473 1557 514 quam

77 529 270 582 epithetis
311 525 424 574 ἰωνὶς
463 523 584 580 φωνή
625 525 828 567 Christod.
865 525 1013 577 Euphr.
1054 525 1147 567 381.
1188 524 1392 573 πλατωνὶς
1419 527 1557 579 μοῦσα

75 606 112 636 v.
144 593 237 635 390.
271 598 346 634 etc.
405 592 545 643 Itaque
577 592 697 631 etiam
726 591 935 631 mulierum
965 591 1130 631 nomina
1160 592 1209 632 ab
1241 591 1555 647 andronymicis,

76 669 182 712 quae
206 669 347 699 omnes
373 658 538 698 easdem
558 657 696 697 literas
719 658 880 711 liabent,
911 657 1213 707 distinguuntur
1243 662 1436 697 accentu:
1461 653 1555 699 Ἀλ-

75 726 137 772 κίς
174 725 334 777 (omiss.
364 724 405 763 in
436 723 524 774 Th.)
564 723 683 764 Paus.
716 723 776 764 IX.
809 723 871 776 17,
905 724 938 765 1.
970 722 1148 774 Βαυκίς,
1190 723 1361 775 Γληνίς,
1398 723 1554 775 Δορκίς

74 791 115 831 in
153 789 376 830 Alexide-ae
425 788 585 829 fabulae
627 789 917 842 inscriptione,
966 788 1144 836 Σκυλλίς
1186 788 1307 829 Anth.
1344 788 1425 830 VII.
1460 789 1553 832 475.

79 856 244 905 Φυλλίς,
283 854 437 906 Χρυσίς
468 867 491 895 a
520 851 919 902 masculinis,'‘A.tmg
951 853 1130 907 (omiss.)
1160 853 1352 906 Apollod.
1384 854 1431 895 II.
1456 854 1491 908 1,
1513 855 1551 897 5.

75 922 196 963 Paus.
226 921 288 962 IV.
318 921 356 974 9,
381 920 418 961 2.
450 920 614 973 Γλῆνις,
645 918 822 967 Σκύλλις
850 919 970 961 Paus.
1005 918 1159 968 Φύλλις
1189 920 1282 962 Sch.
1303 919 1404 961 Plat.
1431 919 1553 972 Gorg.

76 1000 115 1041 p.
145 987 237 1028 341.
270 986 362 1027 Sch.
392 988 517 1027 Arist.
548 986 669 1038 Vesp.
702 986 817 1027 1277.
849 986 1017 1039 Χρῦσις.
1065 986 1174 1037 Ergo
1205 998 1229 1026 a
1261 985 1449 1033 ΦίλτιςΉ
1478 986 1555 1027 de·-

75 1053 247 1093 rivatum
282 1052 454 1093 feminae
485 1063 634 1092 nomen
664 1052 807 1092 melius
842 1052 981 1099 Φιλτίς
1009 1053 1202 1092 scribitur
1228 1052 1344 1104 Diog.
1371 1052 1468 1094 VIII.
1487 1051 1553 1094 88.

77 1129 197 1170 quam
230 1117 369 1165 Φίλτις
396 1117 538 1158 Jambl.
571 1117 614 1157 V.
645 1116 686 1158 P.
706 1116 771 1170 36,
803 1116 893 1158 218.
926 1117 1035 1168 (532.
1066 1117 1232 1169 Kiessl.)
1265 1121 1304 1157 et
1334 1128 1408 1169 pro
1437 1127 1556 1158 men-

77 1184 182 1224 doso
223 1185 350 1224 Νικία
386 1184 507 1224 Antli.
538 1183 618 1223 VII.
647 1182 738 1223 298.
776 1193 860 1222 non
898 1183 1005 1222 Νῑκι
1042 1182 1321 1235 reponendum
1361 1188 1448 1224 erat
1481 1182 1555 1224 sed

77 1250 198 1300 Νικί,
230 1251 317 1291 sive
347 1250 426 1290 hoc
457 1261 481 1289 a
509 1248 736 1288 masculino
769 1248 896 1295 Νῐκις
937 1248 1017 1289 VII.
1047 1249 1138 1290 326.
1170 1249 1332 1289 ductum
1374 1251 1439 1289 est
1468 1249 1557 1289 sive

77 1328 101 1357 a
130 1315 223 1369 νίκη
251 1320 293 1356 ut
324 1315 373 1355 ab
405 1311 544 1366 εἰρήνη
576 1313 768 1365 Εἰρηυίς,
809 1318 849 1353 et
879 1324 953 1365 pro
985 1314 1058 1366 τῆς
1100 1313 1263 1361 Τίσιδος
1302 1315 1364 1355 VI.
1402 1315 1494 1356 274.
1534 1323 1556 1355 e

76 1382 204 1422 Palat.
234 1379 511 1421 revocandum
549 1378 711 1425 Τισίόος
741 1378 904 1419 diverso
937 1379 987 1418 ab
1019 1375 1042 1418 ὁ
1073 1381 1190 1426 Τῖσις
1222 1380 1387 1420 tono.⁴⁵
1415 1381 1558 1432 Longa

77 1447 182 1488 enim
210 1446 318 1486 illius
349 1446 524 1486 nominis
556 1445 716 1496 syllaba
745 1444 879 1496 prior,
919 1455 1023 1496 quae
1054 1445 1090 1485 si
1121 1446 1411 1499 corriperetur,
1447 1446 1560 1494 Τίσις

76 1512 204 1554 scribi
237 1516 450 1564 oporteret
489 1512 675 1552 similiter
715 1510 964 1562 appellativo
1004 1515 1048 1550 ut
1077 1515 1171 1551 ante
1210 1510 1341 1552 relata
1387 1509 1557 1563 Τέλεσις,

79 1579 222 1625 Πεῖσις
250 1582 327 1619 etc.
376 1578 532 1618 Pariter
568 1578 602 1618 si
632 1577 854 1617 retinemus
887 1575 1130 1616 tralaticiam
1161 1577 1406 1628 scripturam
1434 1578 1559 1631 Μνῆ-

77 1654 140 1691 σις
167 1643 260 1684 Ath.
290 1643 392 1684 XIII.
422 1644 514 1685 576.
548 1643 588 1683 F.
629 1642 670 1682 id
705 1647 852 1682 natura
881 1641 1192 1695 appellativum,
1234 1653 1313 1682 usu
1347 1643 1558 1695 proprium

78 1714 153 1762 est,
183 1709 247 1749 sin
277 1712 432 1761 autem,
473 1708 583 1761 quod
612 1709 709 1749 Ven.
741 1708 932 1760 praebet,
964 1708 1152 1759 Μνησίς,
1192 1719 1449 1760 paronymon
1479 1709 1558 1750 dici

79 1778 244 1828 oportet
274 1785 298 1814 a
324 1775 551 1815 masculino
583 1774 744 1827 Μνῆσις
773 1774 839 1815 vel
868 1774 1047 1826 Μνῆσος
1076 1771 1311 1826 (Μνήσων,
1342 1771 1556 1825 Μνασέας,

78 1841 294 1894 Μνασίας)
335 1845 378 1880 ut
418 1841 467 1881 ab
517 1837 539 1881 ὁ
576 1836 787 1893 Ἀπόληξις
832 1835 858 1893 ἡ
903 1835 1116 1892 Ἀποληξίς
1160 1840 1270 1881 Dem.
1311 1851 1344 1881 c.
1385 1841 1554 1882 Macart.

82 1907 200 1961 1066,
233 1907 268 1949 1.
301 1907 411 1959 quod
441 1907 651 1948 Bekkerus
681 1906 929 1959 gravandum
960 1906 1151 1958 putabat,
1191 1905 1266 1947 sed
1293 1906 1392 1946 nihil
1420 1907 1557 1949 refert.

79 1972 167 2013 Nec
196 1974 405 2014 assentior
434 1974 629 2015 Jacobsio
660 1983 809 2013 nomen
838 1972 1018 2012 mulieris
1047 1967 1182 2019 Ἐλπίς
1210 1972 1373 2024 gravari
1395 1972 1558 2024 jubenti

79 2038 283 2080 diastolae
326 2049 452 2080 causa
494 2043 567 2092 „ut
605 2035 721 2091 ἰσχύς
758 2049 885 2090 quiem
922 2037 971 2088 fit
1001 2039 1223 2089 proprium
1250 2035 1556 2090 ποηιεηἼσχυς

80 2103 308 2145 scribitm·“
340 2104 391 2145 ad
420 2106 540 2146 Antb.
567 2118 604 2158 p.
638 2105 702 2146 51.
760 2103 907 2144 Verum
938 2103 1017 2144 hoc
1044 2103 1311 2144 masculinum
1339 2108 1421 2155 est,
1457 2103 1557 2146 illud

79 2181 178 2211 vero
218 2170 401 2222 ejusdem
437 2171 600 2223 generis
641 2181 721 2222 quo
762 2170 1050 2222 appellativum
1089 2166 1198 2216 ἐλπίς
1236 2173 1276 2209 et
1303 2169 1369 2209 vel
1399 2180 1450 2210 ex
1478 2169 1559 2211 hoe

78 2237 173 2289 ipso
205 2247 449 2278 conversum
487 2237 553 2278 vel
592 2248 615 2277 a
644 2236 871 2277 masculino
899 2233 1042 2283 Ἕλπις
1080 2232 1298 2288 (Ἐλπίας),
1321 2235 1557 2278 derivatum.

169 2424 230 2466 44)
256 2423 293 2457 V.
321 2423 547 2458 Boeckh.·ad
570 2424 666 2458 Pind.
694 2424 791 2468 Expl.
818 2434 850 2467 p.
880 2423 953 2459 156.
1003 2423 1089 2457 Hinc
1114 2423 1266 2459 ‹1›ch[115
1301 2426 1336 2458 et
1355 2420 1556 2463 Φιλτιάδης

81 2479 179 2514 Dem.
207 2489 236 2513 c.
261 2478 360 2512 Lacr.
386 2480 461 2514 929.

168 2546 228 2588 45)
254 2545 355 2581 Anth.
389 2546 444 2579 VI.
471 2546 548 2581 274.
574 2545 706 2581 vitiose
736 2546 839 2589 igitur
864 2547 959 2582 Τῖσις
985 2545 1115 2580 editum
1137 2546 1238 2580 Paus.
1265 2545 1318 2579 lv.
1348 2545 1379 2587 9,
1405 2544 1438 2580 2.
1461 2543 1554 2588 quod

82 2603 185 2636 tacite
215 2603 364 2636 correxit
388 2601 567 2636 Belikerus
594 2602 627 2634 in
654 2601 778 2644 Lysiae
805 2601 937 2644 Fragm.
964 2600 1058 2634 XLV.
1084 2600 1214 2643 (CXXI.
1236 2600 1374 2643 Reisk.]
1401 2597 1555 2635 (πλύσις

83 2656 138 2691 ΙΧ.
163 2658 194 2698 3,
225 2659 252 2693 1.
280 2656 416 2690 Maxim.
444 2656 518 2699 Tyr.
544 2656 656 2691 XXIV.
685 2658 716 2699 47
742 2658 819 2692 460.
848 2661 965 2691 contra
989 2658 1143 2700 regulam
1175 2656 1391 2700 Moschopuli
1421 2654 1550 2690 Sched.

82 2722 115 2755 p.
146 2713 217 2747 179.
249 2722 350 2755 quam
376 2712 574 2747 confirmant
599 2717 724 2756 poetae
750 2713 850 2747 Antli.
878 2713 966 2756 App.
997 2722 1030 2756 p.
1059 2713 1113 2748 96.
