<?xml version="1.0" encoding="UTF-8"?>
<!DOCTYPE html PUBLIC "-//W3C//DTD XHTML 1.0 Transitional//EN"
    "http://www.w3.org/TR/xhtml1/DTD/xhtml1-transitional.dtd">
<html xmlns="http://www.w3.org/1999/xhtml" xml:lang="en" lang="en">
 <head>
  <title>
</title>
<meta http-equiv="Content-Type" content="text/html;charset=utf-8" />
  <meta name='ocr-system' content='tesseract 3.04.00' />
  <meta name='ocr-capabilities' content='ocr_page ocr_carea ocr_par ocr_line ocrx_word'/>
</head>
<body>
  <div class='ocr_page' id='page_1' title='image "./pathologiaesermo00lobeuoft_0244.png"; bbox 0 0 1731 3021; ppageno 0'>
   <div class='ocr_carea' id='block_1_1' title="bbox 131 166 1133 211">
    <p class='ocr_par' dir='ltr' id='par_1_1' title="bbox 131 166 1133 211">
     <span class='ocr_line' id='line_1_1' title="bbox 131 166 1133 211; baseline -0.001 0"><span class='ocrx_word' id='word_1_1' title='bbox 131 168 220 211; x_wconf 69' lang='lat'>226</span> <span class='ocrx_word' id='word_1_2' title='bbox 594 166 1029 210; x_wconf 85' lang='lat' dir='ltr'><strong>DISSERTATIO</strong></span> <span class='ocrx_word' id='word_1_3' title='bbox 1070 169 1133 210; x_wconf 89' lang='lat' dir='ltr'>IV.</span> 
     </span>
    </p>
   </div>
   <div class='ocr_carea' id='block_1_2' title="bbox 94 273 1621 2445">
    <p class='ocr_par' dir='ltr' id='par_1_2' title="bbox 94 273 1621 2445">
     <span class='ocr_line' id='line_1_2' title="bbox 133 273 1613 331; baseline 0.001 -12"><span class='ocrx_word' id='word_1_4' title='bbox 133 277 395 331; x_wconf 77' lang='lat' dir='ltr'>appellativis</span> <span class='ocrx_word' id='word_1_5' title='bbox 423 273 616 326; x_wconf 79' lang='grc' dir='ltr'><strong>διάκονος</strong></span> <span class='ocrx_word' id='word_1_6' title='bbox 647 282 686 319; x_wconf 86' lang='lat' dir='ltr'>ct</span> <span class='ocrx_word' id='word_1_7' title='bbox 718 275 868 326; x_wconf 68' lang='grc' dir='ltr'><em>ἄπονος</em></span> <span class='ocrx_word' id='word_1_8' title='bbox 896 275 923 331; x_wconf 77' lang='grc' dir='ltr'><em>ἢ</em></span> <span class='ocrx_word' id='word_1_9' title='bbox 953 275 1096 326; x_wconf 71' lang='grc' dir='ltr'><strong>ἕίκινος</strong></span> <span class='ocrx_word' id='word_1_10' title='bbox 1134 279 1273 320; x_wconf 85' lang='lat' dir='ltr'>llioso.</span> <span class='ocrx_word' id='word_1_11' title='bbox 1307 279 1455 331; x_wconf 84' lang='lat' dir='ltr'>quibus</span> <span class='ocrx_word' id='word_1_12' title='bbox 1487 290 1613 321; x_wconf 81' lang='lat' dir='ltr'>eausa</span> 
     </span>
     <span class='ocr_line' id='line_1_3' title="bbox 133 343 1613 395; baseline -0.001 -9"><span class='ocrx_word' id='word_1_13' title='bbox 133 348 279 386; x_wconf 87' lang='lat' dir='ltr'>nostra</span> <span class='ocrx_word' id='word_1_14' title='bbox 318 354 402 383; x_wconf 89' lang='lat' dir='ltr'>non</span> <span class='ocrx_word' id='word_1_15' title='bbox 439 345 700 395; x_wconf 79' lang='lat' dir='ltr'>contingitur.</span> <span class='ocrx_word' id='word_1_16' title='bbox 769 345 1067 385; x_wconf 84' lang='lat' dir='ltr'>Feminiuorum</span> <span class='ocrx_word' id='word_1_17' title='bbox 1106 355 1227 385; x_wconf 91' lang='lat' dir='ltr'>unum</span> <span class='ocrx_word' id='word_1_18' title='bbox 1267 346 1307 384; x_wconf 90' lang='lat' dir='ltr'>in</span> <span class='ocrx_word' id='word_1_19' title='bbox 1343 353 1372 385; x_wconf 75' lang='grc' dir='ltr'>οῖ</span> <span class='ocrx_word' id='word_1_20' title='bbox 1409 346 1492 386; x_wconf 90' lang='lat' dir='ltr'>exit</span> <span class='ocrx_word' id='word_1_21' title='bbox 1529 343 1613 385; x_wconf 86' lang='grc' dir='ltr'>Τό-</span> 
     </span>
     <span class='ocr_line' id='line_1_4' title="bbox 132 405 1614 464; baseline 0.001 -13"><span class='ocrx_word' id='word_1_22' title='bbox 132 425 263 463; x_wconf 80' lang='grc' dir='ltr'><strong>ροννοι</strong></span> <span class='ocrx_word' id='word_1_23' title='bbox 291 409 405 450; x_wconf 92' lang='lat' dir='ltr'>urlJis</span> <span class='ocrx_word' id='word_1_24' title='bbox 429 421 600 463; x_wconf 77' lang='lat' dir='ltr'>nomeu3</span> <span class='ocrx_word' id='word_1_25' title='bbox 640 411 890 463; x_wconf 81' lang='lat' dir='ltr'>appellativa</span> <span class='ocrx_word' id='word_1_26' title='bbox 920 406 1086 463; x_wconf 67' lang='grc' dir='ltr'>ἀγχόνη,</span> <span class='ocrx_word' id='word_1_27' title='bbox 1117 405 1265 463; x_wconf 76' lang='grc' dir='ltr'>αὐονή,</span> <span class='ocrx_word' id='word_1_28' title='bbox 1296 407 1442 464; x_wconf 80' lang='grc' dir='ltr'>βελόνη</span> <span class='ocrx_word' id='word_1_29' title='bbox 1474 415 1514 452; x_wconf 90' lang='lat' dir='ltr'>et</span> <span class='ocrx_word' id='word_1_30' title='bbox 1543 423 1614 452; x_wconf 88' lang='lat' dir='ltr'>re-</span> 
     </span>
     <span class='ocr_line' id='line_1_5' title="bbox 136 476 1615 529; baseline 0 -12"><span class='ocrx_word' id='word_1_31' title='bbox 136 476 272 529; x_wconf 87' lang='lat' dir='ltr'>liqua¹</span> <span class='ocrx_word' id='word_1_32' title='bbox 313 476 466 527; x_wconf 86' lang='lat' dir='ltr'>protuli</span> <span class='ocrx_word' id='word_1_33' title='bbox 503 476 553 517; x_wconf 87' lang='lat' dir='ltr'>ad</span> <span class='ocrx_word' id='word_1_34' title='bbox 581 477 729 518; x_wconf 86' lang='lat' dir='ltr'>Buttm.</span> <span class='ocrx_word' id='word_1_35' title='bbox 763 476 933 518; x_wconf 88' lang='lat' dir='ltr'>Gramm.</span> <span class='ocrx_word' id='word_1_36' title='bbox 966 487 1002 527; x_wconf 87' lang='lat' dir='ltr'>p.</span> <span class='ocrx_word' id='word_1_37' title='bbox 1033 476 1124 518; x_wconf 74' lang='lat'>405.</span> <span class='ocrx_word' id='word_1_38' title='bbox 1157 477 1305 528; x_wconf 87' lang='lat' dir='ltr'>quibus</span> <span class='ocrx_word' id='word_1_39' title='bbox 1336 476 1615 517; x_wconf 87' lang='lat' dir='ltr'>adnumeran-</span> 
     </span>
     <span class='ocr_line' id='line_1_6' title="bbox 136 538 1616 596; baseline 0 -13"><span class='ocrx_word' id='word_1_40' title='bbox 136 543 229 583; x_wconf 89' lang='lat' dir='ltr'>dum</span> <span class='ocrx_word' id='word_1_41' title='bbox 269 538 436 594; x_wconf 80' lang='grc' dir='ltr'><strong>πλειόνη</strong></span> <span class='ocrx_word' id='word_1_42' title='bbox 476 542 563 583; x_wconf 86' lang='lat' dir='ltr'>sive</span> <span class='ocrx_word' id='word_1_43' title='bbox 601 540 774 596; x_wconf 76' lang='grc' dir='ltr'><strong>πληιόνη</strong></span> <span class='ocrx_word' id='word_1_44' title='bbox 814 543 949 583; x_wconf 80' lang='lat' dir='ltr'>Pleias</span> <span class='ocrx_word' id='word_1_45' title='bbox 987 542 1100 583; x_wconf 86' lang='lat' dir='ltr'>Pind.</span> <span class='ocrx_word' id='word_1_46' title='bbox 1140 543 1202 582; x_wconf 87' lang='lat' dir='ltr'>Fr.</span> <span class='ocrx_word' id='word_1_47' title='bbox 1244 543 1342 583; x_wconf 89' lang='lat' dir='ltr'><strong>LIII.</strong></span> <span class='ocrx_word' id='word_1_48' title='bbox 1381 543 1415 583; x_wconf 94' lang='lat' dir='ltr'>si</span> <span class='ocrx_word' id='word_1_49' title='bbox 1456 554 1481 583; x_wconf 93' lang='lat' dir='ltr'>a</span> <span class='ocrx_word' id='word_1_50' title='bbox 1508 539 1616 583; x_wconf 81' lang='grc' dir='ltr'><em>πλέω</em></span> 
     </span>
     <span class='ocr_line' id='line_1_7' title="bbox 138 608 1617 662; baseline 0 -14"><span class='ocrx_word' id='word_1_51' title='bbox 138 611 410 660; x_wconf 80' lang='lat' dir='ltr'>propagatum</span> <span class='ocrx_word' id='word_1_52' title='bbox 451 612 535 661; x_wconf 74' lang='lat' dir='ltr'>est,</span> <span class='ocrx_word' id='word_1_53' title='bbox 580 609 712 649; x_wconf 89' lang='lat' dir='ltr'>minus</span> <span class='ocrx_word' id='word_1_54' title='bbox 756 620 854 651; x_wconf 80' lang='lat' dir='ltr'>velo</span> <span class='ocrx_word' id='word_1_55' title='bbox 897 609 950 662; x_wconf 83' lang='lat' dir='ltr'>si,</span> <span class='ocrx_word' id='word_1_56' title='bbox 994 612 1038 648; x_wconf 85' lang='lat' dir='ltr'>ut</span> <span class='ocrx_word' id='word_1_57' title='bbox 1076 608 1253 648; x_wconf 82' lang='lat' dir='ltr'>Vossius</span> <span class='ocrx_word' id='word_1_58' title='bbox 1294 609 1529 660; x_wconf 81' lang='lat' dir='ltr'>suspicatur</span> <span class='ocrx_word' id='word_1_59' title='bbox 1567 608 1617 648; x_wconf 89' lang='lat' dir='ltr'>ad</span> 
     </span>
     <span class='ocr_line' id='line_1_8' title="bbox 138 670 1621 728; baseline -0.001 -14"><span class='ocrx_word' id='word_1_60' title='bbox 138 673 373 715; x_wconf 77' lang='lat' dir='ltr'>Ar·1t.253.</span> <span class='ocrx_word' id='word_1_61' title='bbox 407 684 430 713; x_wconf 81' lang='lat' dir='ltr'>a</span> <span class='ocrx_word' id='word_1_62' title='bbox 459 671 618 714; x_wconf 79' lang='grc' dir='ltr'><strong>πλειών.</strong></span> <span class='ocrx_word' id='word_1_63' title='bbox 666 674 716 714; x_wconf 89' lang='lat' dir='ltr'>Ft</span> <span class='ocrx_word' id='word_1_64' title='bbox 747 674 795 714; x_wconf 77' lang='lat' dir='ltr'>de</span> <span class='ocrx_word' id='word_1_65' title='bbox 827 675 1004 727; x_wconf 81' lang='lat' dir='ltr'>propriis</span> <span class='ocrx_word' id='word_1_66' title='bbox 1035 673 1184 715; x_wconf 83' lang='grc' dir='ltr'><strong>Αἰσιόν</strong></span> <span class='ocrx_word' id='word_1_67' title='bbox 1178 690 1231 728; x_wconf 76' lang='grc' dir='ltr'>η,</span> <span class='ocrx_word' id='word_1_68' title='bbox 1259 670 1487 727; x_wconf 77' lang='grc' dir='ltr'>Ἀνθεμόνη</span> <span class='ocrx_word' id='word_1_69' title='bbox 1516 674 1621 714; x_wconf 85' lang='lat' dir='ltr'>Dio-</span> 
     </span>
     <span class='ocr_line' id='line_1_9' title="bbox 139 736 1617 794; baseline -0.001 -14"><span class='ocrx_word' id='word_1_70' title='bbox 139 751 227 791; x_wconf 78' lang='lat' dir='ltr'>nys.</span> <span class='ocrx_word' id='word_1_71' title='bbox 258 740 369 779; x_wconf 82' lang='lat' dir='ltr'>Antt.</span> <span class='ocrx_word' id='word_1_72' title='bbox 401 739 428 779; x_wconf 82' lang='lat' dir='ltr'>I.</span> <span class='ocrx_word' id='word_1_73' title='bbox 458 738 523 779; x_wconf 75' lang='grc'>49.</span> <span class='ocrx_word' id='word_1_74' title='bbox 567 738 775 792; x_wconf 80' lang='grc' dir='ltr'><strong>Ληριόνη,</strong></span> <span class='ocrx_word' id='word_1_75' title='bbox 816 738 1008 794; x_wconf 75' lang='grc' dir='ltr'><strong>Λειριόνη</strong></span> <span class='ocrx_word' id='word_1_76' title='bbox 1038 742 1218 793; x_wconf 71' lang='grc' dir='ltr'><strong>ΑΙ(1[)111“.</strong></span> <span class='ocrx_word' id='word_1_77' title='bbox 1251 741 1315 781; x_wconf 86' lang='grc' dir='ltr'><strong>ΙΙΙ.</strong></span> <span class='ocrx_word' id='word_1_78' title='bbox 1347 740 1412 781; x_wconf 77' lang='grc'>45.</span> <span class='ocrx_word' id='word_1_79' title='bbox 1444 736 1617 793; x_wconf 80' lang='grc' dir='ltr'><strong>Μηριό-</strong></span> 
     </span>
     <span class='ocr_line' id='line_1_10' title="bbox 138 800 1620 862; baseline 0 -17"><span class='ocrx_word' id='word_1_80' title='bbox 138 800 470 862; x_wconf 75' lang='grc' dir='ltr'>νης,’1λιονεύς,</span> <span class='ocrx_word' id='word_1_81' title='bbox 508 800 766 857; x_wconf 71' lang='grc' dir='ltr'><em>Ὀθρυονεύς</em></span> <span class='ocrx_word' id='word_1_82' title='bbox 796 805 1017 858; x_wconf 70' lang='lat' dir='ltr'>disceptari</span> <span class='ocrx_word' id='word_1_83' title='bbox 1048 812 1188 859; x_wconf 83' lang='lat' dir='ltr'>potest</span> <span class='ocrx_word' id='word_1_84' title='bbox 1218 811 1283 847; x_wconf 83' lang='lat' dir='ltr'>uti</span> <span class='ocrx_word' id='word_1_85' title='bbox 1288 818 1352 847; x_wconf 89' lang='lat' dir='ltr'>um</span> <span class='ocrx_word' id='word_1_86' title='bbox 1382 816 1620 859; x_wconf 79' lang='lat' dir='ltr'>paragogen</span> 
     </span>
     <span class='ocr_line' id='line_1_11' title="bbox 140 865 1620 924; baseline -0.001 -13"><span class='ocrx_word' id='word_1_87' title='bbox 140 865 386 921; x_wconf 71' lang='lat' dir='ltr'>bisyllabam</span> <span class='ocrx_word' id='word_1_88' title='bbox 421 870 599 910; x_wconf 79' lang='lat' dir='ltr'>habeant</span> <span class='ocrx_word' id='word_1_89' title='bbox 636 882 687 911; x_wconf 87' lang='lat' dir='ltr'>an</span> <span class='ocrx_word' id='word_1_90' title='bbox 727 871 915 923; x_wconf 85' lang='lat' dir='ltr'>subjecta</span> <span class='ocrx_word' id='word_1_91' title='bbox 946 873 1027 913; x_wconf 86' lang='lat' dir='ltr'>sint</span> <span class='ocrx_word' id='word_1_92' title='bbox 1056 874 1293 914; x_wconf 84' lang='lat' dir='ltr'>masculinis</span> <span class='ocrx_word' id='word_1_93' title='bbox 1321 874 1362 913; x_wconf 93' lang='lat' dir='ltr'>in</span> <span class='ocrx_word' id='word_1_94' title='bbox 1392 887 1474 920; x_wconf 79' lang='grc' dir='ltr'>ων,</span> <span class='ocrx_word' id='word_1_95' title='bbox 1513 883 1580 924; x_wconf 87' lang='lat' dir='ltr'>qu</span> <span class='ocrx_word' id='word_1_96' title='bbox 1571 882 1620 911; x_wconf 92' lang='grc' dir='ltr'>ι-</span> 
     </span>
     <span class='ocr_line' id='line_1_12' title="bbox 139 932 1618 993; baseline 0.001 -16"><span class='ocrx_word' id='word_1_97' title='bbox 139 937 206 977; x_wconf 83' lang='lat' dir='ltr'>lia</span> <span class='ocrx_word' id='word_1_98' title='bbox 219 935 412 977; x_wconf 75' lang='lat' dir='ltr'>Similiter</span> <span class='ocrx_word' id='word_1_99' title='bbox 447 937 674 978; x_wconf 81' lang='lat' dir='ltr'>terminatis</span> <span class='ocrx_word' id='word_1_100' title='bbox 700 932 865 990; x_wconf 78' lang='grc' dir='ltr'><strong>Ἠιόνη,</strong></span> <span class='ocrx_word' id='word_1_101' title='bbox 899 933 1116 991; x_wconf 77' lang='grc' dir='ltr'>Ἑρμιόνη,</span> <span class='ocrx_word' id='word_1_102' title='bbox 1148 937 1383 993; x_wconf 77' lang='grc' dir='ltr'>Γηρυόνης,</span> <span class='ocrx_word' id='word_1_103' title='bbox 1419 935 1618 986; x_wconf 78' lang='grc' dir='ltr'>Ἠιονεύς,</span> 
     </span>
     <span class='ocr_line' id='line_1_13' title="bbox 141 990 1620 1060; baseline 0.001 -17"><span class='ocrx_word' id='word_1_104' title='bbox 141 990 346 1057; x_wconf 78' lang='grc' dir='ltr'><strong>Δηιονεύς</strong></span> <span class='ocrx_word' id='word_1_105' title='bbox 377 1001 639 1056; x_wconf 87' lang='lat' dir='ltr'>praecedunt.</span> <span class='ocrx_word' id='word_1_106' title='bbox 707 1003 902 1044; x_wconf 87' lang='lat' dir='ltr'>Neutrum</span> <span class='ocrx_word' id='word_1_107' title='bbox 937 1004 1089 1044; x_wconf 88' lang='lat' dir='ltr'>nullum</span> <span class='ocrx_word' id='word_1_108' title='bbox 1127 1008 1292 1060; x_wconf 79' lang='lat' dir='ltr'>praetel</span> <span class='ocrx_word' id='word_1_109' title='bbox 1309 1003 1536 1058; x_wconf 77' lang='grc' dir='ltr'>’Ἀθμονον.</span> <span class='ocrx_word' id='word_1_110' title='bbox 1567 1027 1620 1032; x_wconf 71' lang='lat'>-—</span> 
     </span>
     <span class='ocr_line' id='line_1_14' title="bbox 143 1068 1620 1131; baseline -0.001 -20"><span class='ocrx_word' id='word_1_111' title='bbox 143 1070 372 1131; x_wconf 85' lang='lat' dir='ltr'>Masculina</span> <span class='ocrx_word' id='word_1_112' title='bbox 410 1070 452 1109; x_wconf 90' lang='lat' dir='ltr'>in</span> <span class='ocrx_word' id='word_1_113' title='bbox 490 1083 602 1117; x_wconf 70' lang='grc' dir='ltr'><strong>οιτος</strong></span> <span class='ocrx_word' id='word_1_114' title='bbox 640 1069 817 1110; x_wconf 77' lang='lat' dir='ltr'>excludit</span> <span class='ocrx_word' id='word_1_115' title='bbox 856 1070 1146 1122; x_wconf 77' lang='lat' dir='ltr'>Tlieognostus</span> <span class='ocrx_word' id='word_1_116' title='bbox 1185 1071 1330 1112; x_wconf 63' lang='grc'><strong>1168.</strong></span> <span class='ocrx_word' id='word_1_117' title='bbox 1370 1068 1421 1111; x_wconf 80' lang='grc' dir='ltr'>τὰ</span> <span class='ocrx_word' id='word_1_118' title='bbox 1448 1068 1517 1111; x_wconf 78' lang='grc' dir='ltr'><strong>διὰ</strong></span> <span class='ocrx_word' id='word_1_119' title='bbox 1543 1069 1620 1109; x_wconf 81' lang='grc' dir='ltr'>τοῦ</span> 
     </span>
     <span class='ocr_line' id='line_1_15' title="bbox 142 1131 1618 1189; baseline 0.001 -13"><span class='ocrx_word' id='word_1_120' title='bbox 142 1151 243 1184; x_wconf 82' lang='grc' dir='ltr'><em>υνος</em></span> <span class='ocrx_word' id='word_1_121' title='bbox 272 1132 351 1176; x_wconf 82' lang='grc' dir='ltr'>οὐκ</span> <span class='ocrx_word' id='word_1_122' title='bbox 390 1131 474 1175; x_wconf 81' lang='grc' dir='ltr'>οἶδε</span> <span class='ocrx_word' id='word_1_123' title='bbox 509 1132 586 1189; x_wconf 77' lang='grc' dir='ltr'>τὴν</span> <span class='ocrx_word' id='word_1_124' title='bbox 620 1131 688 1176; x_wconf 73' lang='grc' dir='ltr'><strong>διὰ</strong></span> <span class='ocrx_word' id='word_1_125' title='bbox 724 1136 797 1189; x_wconf 70' lang='grc' dir='ltr'>τῆς</span> <span class='ocrx_word' id='word_1_126' title='bbox 827 1151 865 1176; x_wconf 91' lang='grc' dir='ltr'>οι</span> <span class='ocrx_word' id='word_1_127' title='bbox 892 1133 1071 1189; x_wconf 69' lang='grc' dir='ltr'>γραφήν,</span> <span class='ocrx_word' id='word_1_128' title='bbox 1107 1133 1301 1188; x_wconf 79' lang='grc' dir='ltr'><em>Πάχυνος</em></span> <span class='ocrx_word' id='word_1_129' title='bbox 1331 1142 1406 1177; x_wconf 75' lang='lat' dir='ltr'>etc.</span> <span class='ocrx_word' id='word_1_130' title='bbox 1441 1137 1509 1189; x_wconf 89' lang='lat' dir='ltr'>qui</span> <span class='ocrx_word' id='word_1_131' title='bbox 1538 1137 1618 1176; x_wconf 84' lang='grc' dir='ltr'>Δί-</span> 
     </span>
     <span class='ocr_line' id='line_1_16' title="bbox 141 1199 1618 1255; baseline -0.001 -12"><span class='ocrx_word' id='word_1_132' title='bbox 141 1216 238 1243; x_wconf 82' lang='grc' dir='ltr'><strong>ποιν</strong></span> <span class='ocrx_word' id='word_1_133' title='bbox 241 1217 285 1250; x_wconf 79' lang='grc' dir='ltr'>ος</span> <span class='ocrx_word' id='word_1_134' title='bbox 324 1206 363 1242; x_wconf 86' lang='lat' dir='ltr'>et</span> <span class='ocrx_word' id='word_1_135' title='bbox 385 1199 559 1249; x_wconf 78' lang='grc' dir='ltr'><strong>θέοινος</strong></span> <span class='ocrx_word' id='word_1_136' title='bbox 587 1203 724 1244; x_wconf 87' lang='lat' dir='ltr'>sciens</span> <span class='ocrx_word' id='word_1_137' title='bbox 751 1204 1083 1254; x_wconf 75' lang='lat' dir='ltr'>praetenuisisse</span> <span class='ocrx_word' id='word_1_138' title='bbox 1112 1202 1273 1243; x_wconf 83' lang='lat' dir='ltr'>videtur</span> <span class='ocrx_word' id='word_1_139' title='bbox 1302 1207 1345 1243; x_wconf 86' lang='lat' dir='ltr'>ut</span> <span class='ocrx_word' id='word_1_140' title='bbox 1375 1203 1618 1255; x_wconf 84' lang='lat' dir='ltr'>composita</span> 
     </span>
     <span class='ocr_line' id='line_1_17' title="bbox 141 1258 1619 1324; baseline -0.002 -14"><span class='ocrx_word' id='word_1_141' title='bbox 141 1258 357 1310; x_wconf 74' lang='lat' dir='ltr'>Femininas</span> <span class='ocrx_word' id='word_1_142' title='bbox 377 1273 540 1324; x_wconf 84' lang='lat' dir='ltr'>praeter</span> <span class='ocrx_word' id='word_1_143' title='bbox 553 1268 733 1309; x_wconf 78' lang='grc' dir='ltr'><strong>Δίποινα</strong></span> <span class='ocrx_word' id='word_1_144' title='bbox 762 1269 963 1309; x_wconf 75' lang='lat' dir='ltr'>Arcadiae</span> <span class='ocrx_word' id='word_1_145' title='bbox 991 1268 1183 1322; x_wconf 86' lang='lat' dir='ltr'>oppidum</span> <span class='ocrx_word' id='word_1_146' title='bbox 1205 1269 1285 1310; x_wconf 89' lang='lat' dir='ltr'>duo</span> <span class='ocrx_word' id='word_1_147' title='bbox 1307 1273 1415 1323; x_wconf 86' lang='lat' dir='ltr'>sunt,</span> <span class='ocrx_word' id='word_1_148' title='bbox 1447 1265 1619 1322; x_wconf 76' lang='grc' dir='ltr'><em>ἀγκοίνη</em></span> 
     </span>
     <span class='ocr_line' id='line_1_18' title="bbox 144 1325 1620 1388; baseline -0.001 -12"><span class='ocrx_word' id='word_1_149' title='bbox 144 1335 194 1376; x_wconf 90' lang='lat' dir='ltr'>ab</span> <span class='ocrx_word' id='word_1_150' title='bbox 225 1325 368 1388; x_wconf 74' lang='grc' dir='ltr'><em>ἀγκών</em></span> <span class='ocrx_word' id='word_1_151' title='bbox 394 1335 638 1387; x_wconf 80' lang='lat' dir='ltr'>productum</span> <span class='ocrx_word' id='word_1_152' title='bbox 669 1339 708 1375; x_wconf 86' lang='lat' dir='ltr'>et</span> <span class='ocrx_word' id='word_1_153' title='bbox 737 1333 904 1388; x_wconf 75' lang='grc' dir='ltr'>μενοινή</span> <span class='ocrx_word' id='word_1_154' title='bbox 936 1346 959 1375; x_wconf 91' lang='lat' dir='ltr'>a</span> <span class='ocrx_word' id='word_1_155' title='bbox 979 1332 1100 1387; x_wconf 69' lang='grc' dir='ltr'><em>μένος</em></span> <span class='ocrx_word' id='word_1_156' title='bbox 1130 1336 1268 1387; x_wconf 85' lang='lat' dir='ltr'>potius</span> <span class='ocrx_word' id='word_1_157' title='bbox 1301 1347 1421 1388; x_wconf 79' lang='lat' dir='ltr'>quain</span> <span class='ocrx_word' id='word_1_158' title='bbox 1452 1347 1476 1376; x_wconf 91' lang='lat' dir='ltr'>a</span> <span class='ocrx_word' id='word_1_159' title='bbox 1510 1334 1620 1375; x_wconf 84' lang='lat' dir='ltr'>ficti-</span> 
     </span>
     <span class='ocr_line' id='line_1_19' title="bbox 144 1396 1619 1455; baseline -0.001 -14"><span class='ocrx_word' id='word_1_160' title='bbox 144 1401 208 1441; x_wconf 89' lang='lat' dir='ltr'>cio</span> <span class='ocrx_word' id='word_1_161' title='bbox 241 1398 366 1454; x_wconf 80' lang='grc' dir='ltr'>μενή,</span> <span class='ocrx_word' id='word_1_162' title='bbox 404 1400 510 1441; x_wconf 87' lang='lat' dir='ltr'>unde</span> <span class='ocrx_word' id='word_1_163' title='bbox 540 1400 797 1442; x_wconf 85' lang='lat' dir='ltr'>Herodianus</span> <span class='ocrx_word' id='word_1_164' title='bbox 826 1402 912 1441; x_wconf 84' lang='lat' dir='ltr'>EM.</span> <span class='ocrx_word' id='word_1_165' title='bbox 946 1401 1038 1455; x_wconf 78' lang='grc'><strong>596,</strong></span> <span class='ocrx_word' id='word_1_166' title='bbox 1069 1401 1134 1443; x_wconf 81' lang='grc'><strong>38.</strong></span> <span class='ocrx_word' id='word_1_167' title='bbox 1174 1402 1273 1443; x_wconf 89' lang='lat' dir='ltr'>illud</span> <span class='ocrx_word' id='word_1_168' title='bbox 1304 1403 1365 1443; x_wconf 88' lang='lat' dir='ltr'>sic</span> <span class='ocrx_word' id='word_1_169' title='bbox 1395 1405 1438 1442; x_wconf 86' lang='lat' dir='ltr'>ut</span> <span class='ocrx_word' id='word_1_170' title='bbox 1468 1401 1519 1442; x_wconf 88' lang='lat' dir='ltr'>ab</span> <span class='ocrx_word' id='word_1_171' title='bbox 1548 1396 1619 1453; x_wconf 79' lang='grc' dir='ltr'>ἐδή</span> 
     </span>
     <span class='ocr_line' id='line_1_20' title="bbox 142 1464 1620 1520; baseline -0.001 -13"><span class='ocrx_word' id='word_1_172' title='bbox 142 1464 274 1520; x_wconf 64' lang='lat' dir='ltr'>{occdi}</span> <span class='ocrx_word' id='word_1_173' title='bbox 312 1466 638 1519; x_wconf 87' lang='lat' dir='ltr'>reduplicatione</span> <span class='ocrx_word' id='word_1_174' title='bbox 676 1466 784 1506; x_wconf 85' lang='lat' dir='ltr'>finali</span> <span class='ocrx_word' id='word_1_175' title='bbox 825 1467 1013 1507; x_wconf 70' lang='lat' dir='ltr'>extitisse</span> <span class='ocrx_word' id='word_1_176' title='bbox 1053 1467 1234 1509; x_wconf 83' lang='lat' dir='ltr'>credidit.</span> <span class='ocrx_word' id='word_1_177' title='bbox 1292 1468 1395 1509; x_wconf 87' lang='lat' dir='ltr'>Huic</span> <span class='ocrx_word' id='word_1_178' title='bbox 1425 1466 1620 1507; x_wconf 83' lang='lat' dir='ltr'>adhaeret</span> 
     </span>
     <span class='ocr_line' id='line_1_21' title="bbox 144 1529 1620 1586; baseline -0.001 -13"><span class='ocrx_word' id='word_1_179' title='bbox 144 1533 389 1585; x_wconf 87' lang='lat' dir='ltr'>adjectivum</span> <span class='ocrx_word' id='word_1_180' title='bbox 419 1530 608 1586; x_wconf 79' lang='grc' dir='ltr'>μενοινής</span> <span class='ocrx_word' id='word_1_181' title='bbox 637 1529 855 1585; x_wconf 74' lang='grc' dir='ltr'>πρόθυμος</span> <span class='ocrx_word' id='word_1_182' title='bbox 883 1532 979 1573; x_wconf 88' lang='lat' dir='ltr'>Hes.</span> <span class='ocrx_word' id='word_1_183' title='bbox 1014 1556 1062 1561; x_wconf 91' lang='lat'><strong>—</strong></span> <span class='ocrx_word' id='word_1_184' title='bbox 1107 1533 1220 1582; x_wconf 87' lang='lat' dir='ltr'>Quae</span> <span class='ocrx_word' id='word_1_185' title='bbox 1251 1543 1524 1584; x_wconf 80' lang='lat' dir='ltr'>congenerem</span> <span class='ocrx_word' id='word_1_186' title='bbox 1554 1531 1620 1572; x_wconf 90' lang='lat' dir='ltr'>di-</span> 
     </span>
     <span class='ocr_line' id='line_1_22' title="bbox 144 1595 1620 1652; baseline -0.001 -13"><span class='ocrx_word' id='word_1_187' title='bbox 144 1599 395 1652; x_wconf 81' lang='lat' dir='ltr'>phthongum</span> <span class='ocrx_word' id='word_1_188' title='bbox 424 1600 466 1639; x_wconf 89' lang='lat' dir='ltr'>in</span> <span class='ocrx_word' id='word_1_189' title='bbox 495 1599 717 1651; x_wconf 89' lang='lat' dir='ltr'>penultima</span> <span class='ocrx_word' id='word_1_190' title='bbox 746 1598 911 1651; x_wconf 77' lang='lat' dir='ltr'>habent,</span> <span class='ocrx_word' id='word_1_191' title='bbox 939 1600 1099 1640; x_wconf 88' lang='lat' dir='ltr'>ratione</span> <span class='ocrx_word' id='word_1_192' title='bbox 1123 1603 1263 1640; x_wconf 84' lang='lat' dir='ltr'>carent</span> <span class='ocrx_word' id='word_1_193' title='bbox 1281 1596 1472 1640; x_wconf 73' lang='grc' dir='ltr'><strong>Ἐόοῦνοι</strong></span> <span class='ocrx_word' id='word_1_194' title='bbox 1496 1595 1620 1644; x_wconf 77' lang='grc' dir='ltr'><em>ἔθνος</em></span> 
     </span>
     <span class='ocr_line' id='line_1_23' title="bbox 144 1662 1617 1718; baseline -0.002 -12"><span class='ocrx_word' id='word_1_195' title='bbox 144 1664 255 1706; x_wconf 83' lang='lat' dir='ltr'>Suid.</span> <span class='ocrx_word' id='word_1_196' title='bbox 290 1666 509 1716; x_wconf 80' lang='grc' dir='ltr'><strong>Καμοῦνοι</strong></span> <span class='ocrx_word' id='word_1_197' title='bbox 539 1676 640 1718; x_wconf 84' lang='lat' dir='ltr'>gens</span> <span class='ocrx_word' id='word_1_198' title='bbox 670 1665 865 1705; x_wconf 88' lang='lat' dir='ltr'>Rhaetiae</span> <span class='ocrx_word' id='word_1_199' title='bbox 897 1666 1030 1706; x_wconf 84' lang='lat' dir='ltr'>Strab.</span> <span class='ocrx_word' id='word_1_200' title='bbox 1061 1667 1125 1706; x_wconf 93' lang='lat' dir='ltr'>IV.</span> <span class='ocrx_word' id='word_1_201' title='bbox 1157 1666 1248 1707; x_wconf 77' lang='lat'>206.</span> <span class='ocrx_word' id='word_1_202' title='bbox 1280 1665 1439 1718; x_wconf 83' lang='lat' dir='ltr'>(omiss,</span> <span class='ocrx_word' id='word_1_203' title='bbox 1466 1665 1509 1704; x_wconf 90' lang='lat' dir='ltr'>in</span> <span class='ocrx_word' id='word_1_204' title='bbox 1530 1662 1617 1716; x_wconf 84' lang='lat' dir='ltr'><strong>Th.)</strong></span> 
     </span>
     <span class='ocr_line' id='line_1_24' title="bbox 150 1728 1617 1785; baseline 0.001 -16"><span class='ocrx_word' id='word_1_205' title='bbox 150 1731 394 1782; x_wconf 74' lang='grc' dir='ltr'><strong><em>Ταυροῦνος</em></strong></span> <span class='ocrx_word' id='word_1_206' title='bbox 433 1731 578 1771; x_wconf 85' lang='lat' dir='ltr'>fluvius</span> <span class='ocrx_word' id='word_1_207' title='bbox 612 1730 772 1770; x_wconf 86' lang='lat' dir='ltr'>Arrian.</span> <span class='ocrx_word' id='word_1_208' title='bbox 810 1729 894 1770; x_wconf 88' lang='lat' dir='ltr'>Iud.</span> <span class='ocrx_word' id='word_1_209' title='bbox 936 1740 969 1770; x_wconf 88' lang='lat' dir='ltr'>c.</span> <span class='ocrx_word' id='word_1_210' title='bbox 1012 1731 1075 1771; x_wconf 89' lang='lat' dir='ltr'>IV.</span> <span class='ocrx_word' id='word_1_211' title='bbox 1114 1728 1335 1785; x_wconf 79' lang='grc' dir='ltr'><em>βελλούνης</em></span> <span class='ocrx_word' id='word_1_212' title='bbox 1366 1732 1490 1772; x_wconf 86' lang='lat' dir='ltr'>buteo</span> <span class='ocrx_word' id='word_1_213' title='bbox 1520 1730 1617 1771; x_wconf 86' lang='lat' dir='ltr'>Hes.</span> 
     </span>
     <span class='ocr_line' id='line_1_25' title="bbox 122 1792 1619 1850; baseline 0 -14"><span class='ocrx_word' id='word_1_214' title='bbox 122 1796 354 1844; x_wconf 77' lang='grc' dir='ltr'><strong>’Νιπουνίς</strong></span> <span class='ocrx_word' id='word_1_215' title='bbox 390 1797 576 1837; x_wconf 85' lang='lat' dir='ltr'>Amazon</span> <span class='ocrx_word' id='word_1_216' title='bbox 614 1796 709 1847; x_wconf 81' lang='lat' dir='ltr'>Lyo.</span> <span class='ocrx_word' id='word_1_217' title='bbox 733 1793 898 1847; x_wconf 75' lang='grc' dir='ltr'><em>’Ίζουνα</em></span> <span class='ocrx_word' id='word_1_218' title='bbox 934 1793 961 1850; x_wconf 81' lang='grc' dir='ltr'>ἡ</span> <span class='ocrx_word' id='word_1_219' title='bbox 1000 1794 1217 1850; x_wconf 75' lang='grc' dir='ltr'><strong>βοόστασις</strong></span> <span class='ocrx_word' id='word_1_220' title='bbox 1253 1798 1348 1838; x_wconf 90' lang='lat' dir='ltr'>Hes.</span> <span class='ocrx_word' id='word_1_221' title='bbox 1385 1792 1619 1849; x_wconf 76' lang='grc' dir='ltr'><strong>Περιγούνη</strong></span> 
     </span>
     <span class='ocr_line' id='line_1_26' title="bbox 147 1862 1618 1915; baseline -0.001 -13"><span class='ocrx_word' id='word_1_222' title='bbox 147 1863 327 1904; x_wconf 78' lang='lat' dir='ltr'>Sinnidis</span> <span class='ocrx_word' id='word_1_223' title='bbox 358 1863 438 1903; x_wconf 86' lang='lat' dir='ltr'>filia</span> <span class='ocrx_word' id='word_1_224' title='bbox 467 1863 570 1904; x_wconf 89' lang='lat' dir='ltr'>Plut.</span> <span class='ocrx_word' id='word_1_225' title='bbox 595 1862 714 1902; x_wconf 87' lang='lat' dir='ltr'>Thes.</span> <span class='ocrx_word' id='word_1_226' title='bbox 736 1873 768 1905; x_wconf 88' lang='lat' dir='ltr'>o.</span> <span class='ocrx_word' id='word_1_227' title='bbox 791 1864 890 1905; x_wconf 89' lang='lat' dir='ltr'><strong>VIII.</strong></span> <span class='ocrx_word' id='word_1_228' title='bbox 914 1864 1137 1915; x_wconf 79' lang='lat' dir='ltr'>syntheton</span> <span class='ocrx_word' id='word_1_229' title='bbox 1156 1864 1316 1905; x_wconf 85' lang='lat' dir='ltr'>videtur</span> <span class='ocrx_word' id='word_1_230' title='bbox 1332 1868 1376 1904; x_wconf 89' lang='lat' dir='ltr'>ut</span> <span class='ocrx_word' id='word_1_231' title='bbox 1403 1865 1618 1915; x_wconf 78' lang='grc' dir='ltr'><strong>Μελιγου-</strong></span> 
     </span>
     <span class='ocr_line' id='line_1_27' title="bbox 144 1919 1619 1983; baseline 0.001 -15"><span class='ocrx_word' id='word_1_232' title='bbox 144 1929 216 1976; x_wconf 76' lang='grc' dir='ltr'><strong>νίς.</strong></span> <span class='ocrx_word' id='word_1_233' title='bbox 243 1952 299 1957; x_wconf 90' lang='grc'>-</span> <span class='ocrx_word' id='word_1_234' title='bbox 335 1929 551 1969; x_wconf 85' lang='lat' dir='ltr'>Nominum</span> <span class='ocrx_word' id='word_1_235' title='bbox 588 1930 631 1969; x_wconf 91' lang='lat' dir='ltr'>in</span> <span class='ocrx_word' id='word_1_236' title='bbox 658 1919 759 1976; x_wconf 61' lang='grc' dir='ltr'><em>υ-νιῖᾇ</em></span> <span class='ocrx_word' id='word_1_237' title='bbox 798 1931 1031 1971; x_wconf 84' lang='lat' dir='ltr'>exeuntium</span> <span class='ocrx_word' id='word_1_238' title='bbox 1060 1942 1248 1983; x_wconf 79' lang='lat' dir='ltr'>magnum</span> <span class='ocrx_word' id='word_1_239' title='bbox 1279 1941 1487 1970; x_wconf 88' lang='lat' dir='ltr'>numerum</span> <span class='ocrx_word' id='word_1_240' title='bbox 1516 1939 1619 1969; x_wconf 84' lang='lat' dir='ltr'>coe-</span> 
     </span>
     <span class='ocr_line' id='line_1_28' title="bbox 94 1994 1619 2048; baseline 0.001 -15"><span class='ocrx_word' id='word_1_241' title='bbox 94 2041 97 2043; x_wconf 34' lang='lat'><em>,</em></span> <span class='ocrx_word' id='word_1_242' title='bbox 142 1994 201 2045; x_wconf 81' lang='lat' dir='ltr'>git</span> <span class='ocrx_word' id='word_1_243' title='bbox 230 1994 487 2035; x_wconf 86' lang='lat' dir='ltr'>Herodianus</span> <span class='ocrx_word' id='word_1_244' title='bbox 526 1995 574 2036; x_wconf 88' lang='lat' dir='ltr'>de</span> <span class='ocrx_word' id='word_1_245' title='bbox 605 1995 797 2036; x_wconf 84' lang='lat' dir='ltr'>Diohron.</span> <span class='ocrx_word' id='word_1_246' title='bbox 827 1995 919 2037; x_wconf 75' lang='lat'><strong>287.</strong></span> <span class='ocrx_word' id='word_1_247' title='bbox 962 1996 1003 2036; x_wconf 94' lang='lat' dir='ltr'>T.</span> <span class='ocrx_word' id='word_1_248' title='bbox 1029 1996 1094 2037; x_wconf 92' lang='lat' dir='ltr'><strong>III.</strong></span> <span class='ocrx_word' id='word_1_249' title='bbox 1138 1997 1205 2048; x_wconf 89' lang='lat' dir='ltr'>qui</span> <span class='ocrx_word' id='word_1_250' title='bbox 1237 1996 1424 2036; x_wconf 88' lang='lat' dir='ltr'>omnibus</span> <span class='ocrx_word' id='word_1_251' title='bbox 1452 1995 1619 2047; x_wconf 78' lang='lat' dir='ltr'>ypsilon</span> 
     </span>
     <span class='ocr_line' id='line_1_29' title="bbox 141 2057 1618 2114; baseline 0.001 -15"><span class='ocrx_word' id='word_1_252' title='bbox 141 2059 306 2111; x_wconf 80' lang='lat' dir='ltr'>longum</span> <span class='ocrx_word' id='word_1_253' title='bbox 345 2061 483 2100; x_wconf 83' lang='lat' dir='ltr'>tribuit</span> <span class='ocrx_word' id='word_1_254' title='bbox 515 2066 688 2114; x_wconf 80' lang='lat' dir='ltr'>excepto</span> <span class='ocrx_word' id='word_1_255' title='bbox 721 2062 756 2102; x_wconf 89' lang='lat' dir='ltr'>si</span> <span class='ocrx_word' id='word_1_256' title='bbox 787 2063 917 2113; x_wconf 72' lang='lat' dir='ltr'>sigma</span> <span class='ocrx_word' id='word_1_257' title='bbox 946 2061 1167 2114; x_wconf 85' lang='lat' dir='ltr'>praecedat</span> <span class='ocrx_word' id='word_1_258' title='bbox 1197 2059 1468 2111; x_wconf 77' lang='grc' dir='ltr'>δεσπόσυνος,</span> <span class='ocrx_word' id='word_1_259' title='bbox 1506 2057 1618 2113; x_wconf 78' lang='grc' dir='ltr'>θάρ-</span> 
     </span>
     <span class='ocr_line' id='line_1_30' title="bbox 141 2123 1619 2181; baseline 0.002 -17"><span class='ocrx_word' id='word_1_260' title='bbox 141 2134 279 2172; x_wconf 79' lang='grc' dir='ltr'><em>συνος,</em></span> <span class='ocrx_word' id='word_1_261' title='bbox 309 2126 482 2174; x_wconf 79' lang='grc' dir='ltr'><em>πίσυνος</em></span> <span class='ocrx_word' id='word_1_262' title='bbox 512 2151 564 2155; x_wconf 90' lang='lat'>—</span> <span class='ocrx_word' id='word_1_263' title='bbox 592 2123 640 2168; x_wconf 86' lang='grc' dir='ltr'>τὸ</span> <span class='ocrx_word' id='word_1_264' title='bbox 669 2124 712 2168; x_wconf 77' lang='grc' dir='ltr'>ὁὲ</span> <span class='ocrx_word' id='word_1_265' title='bbox 739 2125 922 2181; x_wconf 81' lang='grc' dir='ltr'>μόσυνος</span> <span class='ocrx_word' id='word_1_266' title='bbox 950 2123 1212 2180; x_wconf 75' lang='grc' dir='ltr'><em>ἐκτεταμένον</em></span> <span class='ocrx_word' id='word_1_267' title='bbox 1240 2124 1316 2180; x_wconf 79' lang='grc' dir='ltr'><strong>ἔχει</strong></span> <span class='ocrx_word' id='word_1_268' title='bbox 1345 2123 1426 2168; x_wconf 77' lang='grc' dir='ltr'>ἀπὸ</span> <span class='ocrx_word' id='word_1_269' title='bbox 1456 2127 1619 2180; x_wconf 74' lang='grc' dir='ltr'><strong>γενικῆς</strong></span> 
     </span>
     <span class='ocr_line' id='line_1_31' title="bbox 140 2188 1616 2245; baseline 0.001 -14"><span class='ocrx_word' id='word_1_270' title='bbox 140 2188 371 2244; x_wconf 67' lang='grc' dir='ltr'>γεινόμενοι),</span> <span class='ocrx_word' id='word_1_271' title='bbox 402 2193 607 2244; x_wconf 84' lang='lat' dir='ltr'>genitivos</span> <span class='ocrx_word' id='word_1_272' title='bbox 639 2198 773 2235; x_wconf 87' lang='lat' dir='ltr'>autem</span> <span class='ocrx_word' id='word_1_273' title='bbox 804 2194 989 2234; x_wconf 88' lang='lat' dir='ltr'>vocalem</span> <span class='ocrx_word' id='word_1_274' title='bbox 1018 2193 1181 2245; x_wconf 80' lang='lat' dir='ltr'>longam</span> <span class='ocrx_word' id='word_1_275' title='bbox 1203 2194 1357 2235; x_wconf 85' lang='lat' dir='ltr'>hahere</span> <span class='ocrx_word' id='word_1_276' title='bbox 1385 2190 1616 2245; x_wconf 78' lang='grc' dir='ltr'><em>Φόρκυνος,</em></span> 
     </span>
     <span class='ocr_line' id='line_1_32' title="bbox 144 2254 1616 2312; baseline 0.001 -15"><span class='ocrx_word' id='word_1_277' title='bbox 144 2254 378 2312; x_wconf 79' lang='grc' dir='ltr'>Πόλτυνος,</span> <span class='ocrx_word' id='word_1_278' title='bbox 418 2262 535 2311; x_wconf 86' lang='lat' dir='ltr'>cujus</span> <span class='ocrx_word' id='word_1_279' title='bbox 565 2260 732 2311; x_wconf 82' lang='lat' dir='ltr'>genitivi</span> <span class='ocrx_word' id='word_1_280' title='bbox 762 2260 842 2301; x_wconf 89' lang='lat' dir='ltr'>alia</span> <span class='ocrx_word' id='word_1_281' title='bbox 872 2260 1003 2300; x_wconf 81' lang='lat' dir='ltr'>forma</span> <span class='ocrx_word' id='word_1_282' title='bbox 1031 2260 1157 2300; x_wconf 88' lang='lat' dir='ltr'>utitur</span> <span class='ocrx_word' id='word_1_283' title='bbox 1188 2260 1422 2312; x_wconf 87' lang='lat' dir='ltr'>Stephanus</span> <span class='ocrx_word' id='word_1_284' title='bbox 1454 2271 1487 2301; x_wconf 90' lang='lat' dir='ltr'>S.</span> <span class='ocrx_word' id='word_1_285' title='bbox 1519 2261 1616 2300; x_wconf 80' lang='grc' dir='ltr'>Με-</span> 
     </span>
     <span class='ocr_line' id='line_1_33' title="bbox 139 2321 1615 2379; baseline 0.003 -16"><span class='ocrx_word' id='word_1_286' title='bbox 139 2324 315 2376; x_wconf 77' lang='grc' dir='ltr'><em>σημβρία</em></span> <span class='ocrx_word' id='word_1_287' title='bbox 352 2348 405 2353; x_wconf 91' lang='lat'>—</span> <span class='ocrx_word' id='word_1_288' title='bbox 448 2326 713 2379; x_wconf 77' lang='grc' dir='ltr'><em>Πολτυμβριά</em></span> <span class='ocrx_word' id='word_1_289' title='bbox 749 2321 772 2379; x_wconf 80' lang='grc' dir='ltr'><em>ἦ</em></span> <span class='ocrx_word' id='word_1_290' title='bbox 816 2323 1003 2373; x_wconf 78' lang='grc' dir='ltr'><em>Πόλτυος</em></span> <span class='ocrx_word' id='word_1_291' title='bbox 1037 2323 1176 2377; x_wconf 75' lang='grc' dir='ltr'><strong>πόλις,</strong></span> <span class='ocrx_word' id='word_1_292' title='bbox 1218 2328 1282 2367; x_wconf 81' lang='lat' dir='ltr'>cui</span> <span class='ocrx_word' id='word_1_293' title='bbox 1311 2327 1486 2367; x_wconf 82' lang='lat' dir='ltr'>Vicinum</span> <span class='ocrx_word' id='word_1_294' title='bbox 1526 2326 1615 2367; x_wconf 83' lang='lat' dir='ltr'>Sine</span> 
     </span>
     <span class='ocr_line' id='line_1_34' title="bbox 142 2388 1616 2445; baseline 0.002 -15"><span class='ocrx_word' id='word_1_295' title='bbox 142 2389 264 2430; x_wconf 87' lang='lat' dir='ltr'>dubio</span> <span class='ocrx_word' id='word_1_296' title='bbox 297 2391 370 2431; x_wconf 86' lang='lat' dir='ltr'>fuit</span> <span class='ocrx_word' id='word_1_297' title='bbox 405 2388 619 2440; x_wconf 80' lang='grc' dir='ltr'>Πόλτυνος</span> <span class='ocrx_word' id='word_1_298' title='bbox 647 2388 744 2445; x_wconf 76' lang='grc' dir='ltr'><em>ὅρος</em></span> <span class='ocrx_word' id='word_1_299' title='bbox 770 2391 924 2432; x_wconf 82' lang='lat' dir='ltr'>Anecd.</span> <span class='ocrx_word' id='word_1_300' title='bbox 955 2392 1118 2433; x_wconf 86' lang='lat' dir='ltr'>Baclun.</span> <span class='ocrx_word' id='word_1_301' title='bbox 1154 2394 1196 2433; x_wconf 92' lang='lat' dir='ltr'>T.</span> <span class='ocrx_word' id='word_1_302' title='bbox 1228 2394 1256 2434; x_wconf 67' lang='grc' dir='ltr'><strong>Ι.</strong></span> <span class='ocrx_word' id='word_1_303' title='bbox 1287 2392 1380 2435; x_wconf 83' lang='grc'><strong>449.</strong></span> <span class='ocrx_word' id='word_1_304' title='bbox 1430 2393 1491 2434; x_wconf 89' lang='lat' dir='ltr'>De</span> <span class='ocrx_word' id='word_1_305' title='bbox 1512 2403 1616 2434; x_wconf 85' lang='lat' dir='ltr'>ana-</span> 
     </span>
    </p>
   </div>
   <div class='ocr_carea' id='block_1_3' title="bbox 484 1059 599 1064">
    <p class='ocr_par' dir='ltr' id='par_1_3' title="bbox 484 1059 599 1064">
     <span class='ocr_line' id='line_1_35' title="bbox 484 1059 599 1064; baseline 0 0"><span class='ocrx_word' id='word_1_306' title='bbox 484 1059 599 1064; x_wconf 95' lang='lat' dir='ltr'> </span> 
     </span>
    </p>
   </div>
   <div class='ocr_carea' id='block_1_4' title="bbox 141 2560 1616 2778">
    <p class='ocr_par' dir='ltr' id='par_1_4' title="bbox 141 2560 1616 2778">
     <span class='ocr_line' id='line_1_36' title="bbox 229 2560 1613 2612; baseline 0.001 -15"><span class='ocrx_word' id='word_1_307' title='bbox 229 2560 264 2604; x_wconf 91' lang='lat'>1)</span> <span class='ocrx_word' id='word_1_308' title='bbox 288 2561 352 2596; x_wconf 91' lang='lat' dir='ltr'>Pro</span> <span class='ocrx_word' id='word_1_309' title='bbox 382 2562 540 2609; x_wconf 77' lang='grc' dir='ltr'>ταρηόνη</span> <span class='ocrx_word' id='word_1_310' title='bbox 569 2563 701 2599; x_wconf 80' lang='lat' dir='ltr'>ArrIan.</span> <span class='ocrx_word' id='word_1_311' title='bbox 726 2565 809 2600; x_wconf 85' lang='lat' dir='ltr'>Mar.</span> <span class='ocrx_word' id='word_1_312' title='bbox 835 2564 967 2609; x_wconf 85' lang='lat' dir='ltr'>Erythr.</span> <span class='ocrx_word' id='word_1_313' title='bbox 994 2575 1029 2609; x_wconf 88' lang='lat' dir='ltr'>p.</span> <span class='ocrx_word' id='word_1_314' title='bbox 1062 2566 1136 2602; x_wconf 83' lang='grc'><strong>178.</strong></span> <span class='ocrx_word' id='word_1_315' title='bbox 1173 2566 1229 2601; x_wconf 85' lang='lat' dir='ltr'>vel</span> <span class='ocrx_word' id='word_1_316' title='bbox 1252 2564 1416 2612; x_wconf 75' lang='grc' dir='ltr'><em>ταρπάνη</em></span> <span class='ocrx_word' id='word_1_317' title='bbox 1451 2565 1613 2600; x_wconf 84' lang='lat' dir='ltr'>scriben-</span> 
     </span>
     <span class='ocr_line' id='line_1_37' title="bbox 144 2618 1612 2666; baseline 0.002 -15"><span class='ocrx_word' id='word_1_318' title='bbox 144 2618 223 2652; x_wconf 83' lang='lat' dir='ltr'>dum</span> <span class='ocrx_word' id='word_1_319' title='bbox 246 2619 394 2662; x_wconf 48' lang='lat' dir='ltr'>videtne</span> <span class='ocrx_word' id='word_1_320' title='bbox 407 2622 463 2656; x_wconf 88' lang='lat' dir='ltr'>vel</span> <span class='ocrx_word' id='word_1_321' title='bbox 488 2624 651 2665; x_wconf 69' lang='grc' dir='ltr'>ταρπίινη,</span> <span class='ocrx_word' id='word_1_322' title='bbox 676 2625 858 2666; x_wconf 91' lang='lat' dir='ltr'>utrumque</span> <span class='ocrx_word' id='word_1_323' title='bbox 883 2631 902 2656; x_wconf 83' lang='lat' dir='ltr'>a</span> <span class='ocrx_word' id='word_1_324' title='bbox 926 2620 1054 2666; x_wconf 71' lang='grc' dir='ltr'><strong>ῑιῖρπη.</strong></span> <span class='ocrx_word' id='word_1_325' title='bbox 1104 2621 1266 2666; x_wconf 81' lang='grc' dir='ltr'>Στορόνη</span> <span class='ocrx_word' id='word_1_326' title='bbox 1293 2621 1386 2665; x_wconf 87' lang='lat' dir='ltr'>quod</span> <span class='ocrx_word' id='word_1_327' title='bbox 1414 2621 1492 2656; x_wconf 85' lang='lat' dir='ltr'>cod.</span> <span class='ocrx_word' id='word_1_328' title='bbox 1520 2621 1612 2655; x_wconf 84' lang='lat' dir='ltr'>Harl.</span> 
     </span>
     <span class='ocr_line' id='line_1_38' title="bbox 141 2674 1616 2722; baseline 0.002 -15"><span class='ocrx_word' id='word_1_329' title='bbox 141 2674 285 2717; x_wconf 81' lang='lat' dir='ltr'>praebet</span> <span class='ocrx_word' id='word_1_330' title='bbox 309 2676 404 2712; x_wconf 85' lang='lat' dir='ltr'>Aret.</span> <span class='ocrx_word' id='word_1_331' title='bbox 432 2677 524 2712; x_wconf 89' lang='lat' dir='ltr'>Diut.</span> <span class='ocrx_word' id='word_1_332' title='bbox 551 2678 578 2713; x_wconf 95' lang='grc' dir='ltr'>Ι.</span> <span class='ocrx_word' id='word_1_333' title='bbox 603 2679 635 2722; x_wconf 87' lang='grc'>2,</span> <span class='ocrx_word' id='word_1_334' title='bbox 661 2679 738 2715; x_wconf 84' lang='grc'><strong>297.</strong></span> <span class='ocrx_word' id='word_1_335' title='bbox 770 2687 883 2722; x_wconf 84' lang='lat' dir='ltr'>aeque</span> <span class='ocrx_word' id='word_1_336' title='bbox 908 2678 1093 2713; x_wconf 84' lang='lat' dir='ltr'>obscurum</span> <span class='ocrx_word' id='word_1_337' title='bbox 1120 2682 1172 2714; x_wconf 87' lang='lat' dir='ltr'>est</span> <span class='ocrx_word' id='word_1_338' title='bbox 1195 2681 1232 2712; x_wconf 87' lang='lat' dir='ltr'>ut</span> <span class='ocrx_word' id='word_1_339' title='bbox 1257 2677 1350 2722; x_wconf 87' lang='lat' dir='ltr'>quod</span> <span class='ocrx_word' id='word_1_340' title='bbox 1367 2678 1470 2721; x_wconf 83' lang='lat' dir='ltr'>vulgo</span> <span class='ocrx_word' id='word_1_341' title='bbox 1490 2677 1616 2720; x_wconf 84' lang='lat' dir='ltr'>legitur</span> 
     </span>
     <span class='ocr_line' id='line_1_39' title="bbox 141 2730 1377 2778; baseline 0.003 -16"><span class='ocrx_word' id='word_1_342' title='bbox 141 2730 305 2773; x_wconf 69' lang='grc' dir='ltr'>στορῦιή.</span> <span class='ocrx_word' id='word_1_343' title='bbox 353 2732 505 2776; x_wconf 81' lang='lat' dir='ltr'>Longius</span> <span class='ocrx_word' id='word_1_344' title='bbox 530 2735 698 2777; x_wconf 76' lang='lat' dir='ltr'>producta</span> <span class='ocrx_word' id='word_1_345' title='bbox 724 2736 847 2777; x_wconf 65' lang='grc' dir='ltr'><em>ἱμονίκ</em></span> <span class='ocrx_word' id='word_1_346' title='bbox 878 2737 912 2770; x_wconf 82' lang='lat' dir='ltr'>et</span> <span class='ocrx_word' id='word_1_347' title='bbox 937 2734 1130 2777; x_wconf 32' lang='grc' dir='ltr'><strong>στελλιιοιίἀ</strong></span> <span class='ocrx_word' id='word_1_348' title='bbox 1159 2733 1241 2769; x_wconf 73' lang='lat' dir='ltr'>allbi</span> <span class='ocrx_word' id='word_1_349' title='bbox 1267 2735 1377 2778; x_wconf 84' lang='lat' dir='ltr'>attigi.</span> 
     </span>
    </p>
   </div>
  </div>
 </body>
</html>
