1747 3005
142 162 210 205 DE
240 162 362 206 ΝΟΜ.
391 162 611 212 QUORUM
641 161 792 205 CHAR.
823 161 924 204 EST
952 161 1206 204 LABIALIS.
1238 162 1279 204 C.
1308 162 1354 203 Π.
1385 166 1424 212 §.
1454 161 1491 204 2.
1523 162 1615 205 293

138 273 446 327 significationis
478 284 606 314 causa
635 271 797 313 abillis
838 269 1094 323 segreganda
1130 269 1225 311 duxi
1266 274 1306 312 et
1344 270 1439 322 quia
1477 281 1528 311 ex
1565 281 1612 311 se

136 343 234 379 nata
263 342 358 379 sunt
387 338 626 379 auctoribus
653 349 736 378 non
768 337 961 389 optimis3
1000 346 1093 376 nam
1133 346 1273 376 eorum
1302 336 1454 376 nullum
1486 347 1612 388 supra

137 403 411 455 Theophrasti
439 405 674 444 memoriam
705 403 835 454 repeti
866 405 1025 454 potest,
1065 400 1172 453 apud
1203 413 1321 453 quem
1361 398 1612 453 δενδρύφιου

134 467 282 520 legitur
319 469 360 508 in
389 468 435 509 H.
465 468 522 509 Pl.
553 469 641 508 sine
679 467 762 507 ulla
800 466 917 508 codd.
949 466 1210 507 dissensione
1237 470 1277 507 et
1314 463 1530 519 χωράφιον
1568 466 1611 505 in

134 533 330 585 Fragmm.
398 533 545 574 Cetera
586 533 705 584 hujus
747 532 1045 572 terminationis
1085 531 1272 583 exempla
1309 536 1404 572 sunt
1442 531 1611 583 propria

135 600 178 639 Γ
173 595 372 651 άργαφος,
392 595 596 652 ’Έπαφος,
629 595 864 650 Κέρκαφος,
902 599 941 637 Τ
937 594 1125 649 ε’κταφος,
1149 592 1322 649 Ἀνάφη,
1349 593 1508 649 Ἀράφη
1527 597 1610 636 Ar-

134 664 221 706 cad.
254 664 342 706 115.
374 675 493 716 quam
523 664 756 716 Stephanus
782 659 978 716 Ἀροὶφεια
1009 662 1144 703 dicere
1174 661 1354 712 videtur,
1385 661 1608 712 demusque

134 730 284 769 atticus
310 724 497 782 Ἀραφήν
526 734 566 770 et
595 730 730 770 insula
751 725 927 783 Ἱεράφη.
994 728 1168 780 Epsilon
1206 739 1339 779 pauca
1376 726 1528 767 habent
1567 728 1608 765 et

134 805 276 845 parum
316 794 553 845 explanata:
599 792 768 847 κέλεφος
814 800 1006 846 leprosus
1048 793 1321 845 scriptoribus
1372 791 1605 833 christianis

134 859 343 911 familiare,
373 855 591 912 ἀστέλεφος
618 856 664 899 τὸ
693 857 782 912 περὶ
820 857 1002 912 κιθάραν
1040 856 1166 911 δέρμα
1198 859 1292 899 Hes.
1332 859 1396 899 eui
1433 853 1608 909 στέρφος

134 925 394 975 conjunctius
424 924 581 965 videtur
611 937 731 977 quam
759 926 1026 978 στελεφοῦρος
1064 925 1228 976 plantae
1266 934 1436 975 nomen3
1473 918 1606 962 κοσοὲ-

131 990 249 1041 λεφοι
277 987 455 1042 κόλαφοι
483 987 511 1042 ἢ
538 988 763 1043 κοσάλεφοι
793 990 893 1042 (sic)
924 991 1019 1031 Hes.
1052 990 1194 1030 nescio
1225 1001 1277 1030 an
1315 1002 1363 1030 ex
1401 984 1606 1030 κοσσοκό-

131 1056 259 1107 λαφοι
297 1060 552 1095 contractum
592 1056 668 1109 sit,
708 1061 748 1097 et
795 1054 978 1110 Τήλεφος
1016 1066 1179 1107 quoque
1217 1055 1450 1106 copulatum
1491 1059 1605 1106 puto,

132 1132 216 1161 non
245 1121 306 1161 sic
336 1125 378 1161 ut
406 1121 706 1161 Buttmannus⁵
735 1122 809 1163 sed
839 1134 863 1163 a
891 1122 1017 1162 verbo
1049 1118 1145 1172 φάω
1175 1123 1219 1159 ut
1254 1116 1433 1172 Τήλεμος
1453 1131 1476 1159 a
1499 1115 1603 1170 μάω.

132 1185 348 1226 Postremo
380 1182 525 1239 ἐλέφας
554 1191 594 1227 et
624 1188 751 1238 piscis
782 1199 931 1228 nomen
960 1184 1142 1238 ἐλεφιτίς,
1174 1184 1284 1236 quod
1311 1185 1351 1224 in
1382 1184 1470 1224 cod.
1500 1184 1604 1236 Hip-

131 1262 244 1304 pocr.
275 1251 324 1291 de
354 1252 483 1292 Diaet.
513 1252 559 1291 ΙΙ.
592 1251 683 1293 681.
712 1250 893 1305 ἐλεφητίς
929 1253 1125 1303 scriptum
1166 1254 1241 1290 est.
1300 1250 1604 1300 Diphthongum

131 1316 428 1357 circumscribit
468 1317 756 1367 Theognostus
797 1331 834 1371 p.
866 1318 928 1359 76.
970 1313 1021 1356 τὰ
1049 1311 1117 1356 διὰ
1144 1316 1220 1355 τοῦ
1251 1306 1347 1367 up]
1377 1312 1604 1368 δισύλλαβα

128 1379 200 1422 καὶ
227 1376 329 1434 ὑπὲρ
358 1378 436 1422 δύο
466 1379 669 1435 συλλαβὰς
698 1379 767 1424 διὰ
794 1384 870 1424 τοῦ
898 1389 919 1423 ῖ
945 1380 1197 1437 γράφονται,
1239 1383 1406 1434 γρῖφος,
1448 1378 1602 1434 ἔριφος,

128 1447 323 1501 Σέριφος·
353 1449 611 1501 σεσημείωται
642 1444 689 1488 τὸ
720 1449 872 1501 ψῆφος,
904 1460 979 1501 pro
1025 1459 1105 1500 quo
1145 1451 1309 1499 στεῖφος
1347 1446 1388 1487 id
1427 1451 1491 1488 est
1523 1451 1604 1487 στῖ-

128 1528 210 1568 φος
238 1514 517 1565 reponendum
548 1526 598 1555 ex
626 1514 860 1555 Herodiano
893 1526 930 1566 p
961 1513 1051 1555 294.
1083 1514 1151 1565 qui
1181 1513 1297 1565 paria
1326 1513 1528 1564 praecipit
1551 1511 1602 1552 de

131 1580 333 1621 femininis
363 1592 400 1632 p.
431 1579 523 1620 302.
559 1595 609 1620 τα
638 1579 692 1626 εἰς
720 1581 749 1633 ἦ
777 1577 921 1632 ἔχοντα
958 1575 1038 1633 πρὸ
1076 1579 1152 1619 τοῦ
1182 1594 1207 1632 η
1223 1593 1263 1654 >ΙΙ
1293 1574 1340 1618 τὸ
1368 1581 1401 1618 θ
1429 1575 1455 1631 ἢ
1492 1573 1539 1618 τὸ
1568 1592 1602 1630 φ

128 1641 157 1698 ἢ
184 1641 231 1684 τὸ
259 1660 283 1697 χ
312 1641 363 1685 οὐ
393 1642 563 1685 θέλουσι
589 1660 639 1697 τΙΙ
668 1659 703 1685 ει
730 1642 1041 1698 παραληγεσθαι
1068 1642 1178 1696 τιθη,
1210 1639 1378 1696 αγρίφη,
1405 1639 1601 1696 σκιδαφή,

128 1706 250 1763 ἐριφη
281 1710 538 1761 (accentibus
578 1709 808 1763 mendosis)
851 1721 970 1761 quem
1012 1710 1062 1750 ad
1106 1721 1305 1750 canonem
1343 1709 1436 1760 plus
1475 1708 1602 1748 semel

129 1786 455 1835 recurremusL-
464 1775 523 1815 De
551 1774 670 1814 litera
701 1779 767 1815 eta
808 1775 1097 1826 Theognostus
1137 1786 1174 1826 p.
1216 1774 1304 1816 118.
1345 1778 1384 1814 et
1421 1773 1506 1814 EM.
1534 1773 1600 1827 44,

130 1841 195 1883 22.
227 1839 277 1880 τὰ
306 1840 361 1888 εἰς
389 1855 465 1892 ιφη
493 1854 695 1893 μονογενη
737 1836 804 1880 διὰ
842 1840 918 1880 τοῦ
940 1855 953 1879 ι
1001 1838 1233 1893 γράφονται
1267 1840 1404 1892 Σίφη,
1445 1834 1601 1891 αγρίφη

129 1903 156 1961 ἡ
185 1903 337 1959 σκάφη·
366 1902 413 1946 τὸ
440 1920 582 1959 κνηφη
608 1904 678 1946 καὶ
707 1901 903 1958 ακαληφη
931 1906 1207 1957 σεσημειᾙωται
1238 1916 1409 1957 quorum
1429 1905 1601 1944 alterum

130 1985 155 2014 a
182 1969 296 2014 κυάω
326 1969 472 2025 κνήθω
502 1972 742 2025 profectum,
774 1971 944 2012 alterum
965 1982 1216 2024 paragogum
1236 1975 1299 2011 est
1324 1970 1374 2011 ab
1395 1965 1474 2023 ἆκή
1494 1969 1600 2010 unde

128 2137 279 2182 σάφιον,
305 2136 551 2183 ἆργυράφιον,
579 2135 713 2180 ὁμοίιος
737 2134 806 2169 κᾶν
832 2134 903 2169 ἀπὸ
931 2135 1002 2168 τῶν
1028 2136 1078 2173 εἷς
1104 2139 1139 2174 (ἶ,
1168 2134 1386 2180 μοιράφιον·
1413 2136 1445 2169 εἰ
1469 2134 1507 2168 δὲ
1532 2134 1597 2178 μή,

130 2192 192 2227 διὰ
218 2192 281 2225 τοῦ
305 2196 328 2225 ’ὗ
355 2191 591 2238 ὃενδρύφιον,
617 2190 797 2236 ζωύφιον,
821 2190 1020 2235 ὀρνῦφιυν,
1054 2191 1214 2235 ὠύφιον,
1254 2191 1378 2235 quibus
1414 2201 1457 2226 ex
1490 2192 1599 2233 primo

129 2258 259 2292 genere
288 2247 448 2282 addenda
472 2250 550 2282 sunt
573 2245 753 2289 ξυλιέφιον
777 2250 812 2281 et
835 2245 1027 2292 ξυράφιον,
1061 2257 1103 2282 ex
1130 2248 1237 2281 altero
1265 2245 1477 2293 medszrpfflp,
1509 2248 1598 2277 3101.

128 2302 269 2348 ράφιον
291 2304 351 2338 ille
379 2304 452 2338 sine
481 2303 585 2337 dubio
616 2302 744 2337 alicubi
769 2312 829 2345 pro
864 2301 1058 2346 μυριὲᾳιον
1091 2304 1255 2346 scriptum
1290 2303 1437 2344 invenit,
1472 2302 1598 2336 inven-

129 2363 234 2402 toque
262 2357 363 2393 sidem
388 2358 519 2405 habuit.
569 2358 709 2402 Ypsilon
735 2367 794 2391 cur
818 2366 885 2390 non
911 2358 1066 2399 iteretur,
1092 2361 1169 2391 ante
1205 2358 1325 2391 oeulos
1364 2360 1440 2397 est3
1475 2356 1539 2391 sed
1566 2357 1599 2390 in

129 2412 308 2456 θειάφιον
333 2417 368 2448 et
392 2412 581 2457 θηράφιον
608 2413 696 2448 haec
732 2413 819 2446 ratio
857 2422 924 2445 non
959 2413 1129 2446 convenit.
1188 2412 1283 2446 Hanc
1315 2411 1599 2447 deminutivorum

130 2469 406 2504 terminationem
430 2469 584 2511 neglexit
608 2467 771 2502 Matthiae
800 2467 947 2502 Graium.
975 2467 1005 2507 §.
1034 2468 1110 2502 102.

219 2535 256 2573 5]
277 2533 362 2567 Ἀπὸ
389 2534 452 2566 τοῦ
482 2535 621 2578 ἔλαφον
653 2533 796 2574 θῆσθαι
830 2533 977 2568 Gramm.
1005 2533 1031 2567 Ι.
1057 2534 1112 2568 79.
1149 2533 1225 2567 adn.
1258 2536 1294 2568 ut
1332 2533 1466 2568 Aelian.
1491 2534 1530 2568 V.
1556 2534 1596 2568 H.

130 2588 205 2634 ΧΠ.
230 2589 287 2625 42.
313 2593 347 2624 et
370 2589 440 2623 alii.
488 2589 575 2623 Hinc
599 2587 787 2633 ἕλαφοθής
813 2592 973 2632 componi
1000 2592 1134 2632 poterat
1159 2592 1195 2622 ut
1226 2587 1398 2632 αἶγοθής,
1433 2598 1499 2622 non
1532 2588 1596 2630 Τή-

130 2643 253 2687 λεφος,
283 2643 376 2687 quod
400 2653 525 2678 nomen
551 2645 657 2678 multo
683 2645 855 2688 antiquius
889 2648 942 2679 est
975 2654 1076 2687 quam
1108 2644 1223 2679 sabula
1256 2644 1316 2678 illa
1349 2643 1393 2680 de
1426 2646 1598 2679 nutricatu

130 2694 255 2736 'cervae
283 2699 459 2737 Hecataeo
484 2699 584 2734 Paus.
611 2700 702 2734 vul.
728 2700 761 2735 4.
788 2700 974 2742 incognita.
