1731 3021
138 156 232 199 270
622 151 1056 196 DISSERTATIO
1094 151 1139 193 V.

139 280 204 321 ρες
231 262 310 318 γὰρ
337 260 384 305 τὸ
411 260 591 305 ἀλάλκον
619 259 696 317 τὴν
733 259 840 316 ἀράν
876 260 947 303 καὶ
983 257 1179 314 ἀπεῖργον
1215 257 1291 315 τὴν
1329 259 1495 315 βλάβην.
1553 260 1616 301 Ab

139 332 283 375 eodem
313 332 477 373 nomine
509 331 742 382 composita
772 334 866 371 sunt
897 339 1001 381 quae
1032 328 1261 379 Hesychius
1302 328 1417 369 affert
1443 325 1621 380 ’Ἀνηρος

140 397 358 449 ἄβλαπτος,
388 394 587 450 Δωσιάρη
617 391 722 436 κακὰ
751 395 939 443 διδοῦσα,
970 398 1022 446 et,
1053 398 1096 433 ut
1127 393 1310 445 plerique
1343 394 1618 446 consentiunt,

140 461 340 518 ἀλεξιάρη.
410 464 497 505 Nec
544 462 705 503 aliunde
756 467 888 502 ortum
934 461 1093 501 videtur
1139 460 1349 511 proprium
1391 456 1620 513 Ἀλεξιάρης

139 531 332 584 Apollod.
365 541 413 570 ac
442 526 643 582 Λαμάρης
680 539 843 580 quoque
881 528 922 567 in
952 527 1158 578 Inscriptt.
1196 526 1397 566 laconicis
1428 526 1619 578 componi

138 602 279 653 potest
320 607 410 638 cum
449 596 658 637 Demarati
694 594 882 647 nomine.
916 592 1026 645 quod
1064 592 1300 633 Herodotus
1348 592 1398 633 ad
1436 588 1621 643 ἀρᾶσθαι,

138 666 286 715 resert3
327 668 365 704 et
412 659 594 715 Τιμάρης
629 660 751 701 Anth.
792 659 873 700 VII.
910 670 948 699 n.
987 658 1078 699 652.
1117 658 1260 699 Jambl.
1290 658 1334 699 V.
1365 659 1407 700 P.
1445 657 1618 700 XXXVI.

138 732 230 774 528.
264 742 354 772 cum
391 726 622 781 Τιμάρατος
659 725 806 765 ibidem
838 736 875 776 p.
905 724 998 765 302.
1034 721 1231 777 Θυμάρης
1268 735 1367 764 vero
1408 728 1447 764 et
1482 725 1620 776 Θυμα-

138 797 253 850 ρίὸνης
284 797 445 843 (omiss.
475 794 517 833 in
549 792 639 843 Th.)
671 791 723 831 ib.
753 789 873 831 XXII.
906 790 998 830 224.
1031 802 1121 830 cum
1156 787 1445 843 Θυμάρμενος;
1483 790 1621 830 Κλεα-

139 863 253 916 ρίὸης
283 872 372 902 cum
404 859 564 901 duobus
596 853 832 908 Κλεάρατος
862 861 901 897 et
933 854 1195 909 Κλεάρεστος.
1252 857 1339 897 Nec
1368 857 1501 897 minus
1530 867 1621 897 am-

138 930 263 981 bigna
296 922 495 978 Πανάρης
526 922 644 964 Diod.
674 923 830 974 Fragm.
860 922 1035 963 XXXIX.
1066 923 1130 964 fin.
1171 925 1247 965 Dio
1290 924 1405 964 Cass.
1443 922 1618 964 XXXVI.

138 996 178 1036 2.
220 989 443 1046 Παντάρης
480 988 631 1031 Herod.
669 989 751 1029 VII.
795 988 884 1029 154.
927 985 1085 1042 Θεάρης
1123 994 1162 1030 et
1206 990 1425 1042 Θεαρίδης,
1471 989 1620 1041 quibus

144 1058 369 1112 Θεάρεστος
409 1063 488 1098 tam
528 1057 703 1096 vicinum
744 1059 808 1095 est
850 1066 969 1106 quam
1012 1053 1166 1108 θεαρός
1203 1057 1227 1097 i.
1267 1068 1304 1108 q.
1345 1051 1505 1107 θεωρός
1544 1059 1620 1095 etc.

140 1124 341 1179 Μενάρης
367 1123 516 1165 Herod.
546 1122 609 1163 VI.
640 1122 704 1163 65.
735 1121 878 1161 nescio
911 1132 962 1161 an
991 1121 1031 1161 in
1061 1122 1270 1173 proprium
1298 1119 1424 1174 ’Ἁρης
1461 1120 1623 1161 desinat

141 1194 284 1235 eodem
315 1190 526 1232 intellectu
556 1200 636 1240 qno
669 1184 892 1239 Μενάλκης
925 1192 964 1227 et
996 1184 1351 1240 μενεπτόλεμος.37
1380 1211 1433 1216 --
1461 1187 1549 1227 Jam
1579 1190 1623 1227 ut

142 1259 193 1300 ad
230 1258 371 1298 ultima
409 1256 666 1308 perveniam,
720 1253 980 1294 substantiva
1020 1254 1164 1293 tertiae
1203 1253 1490 1293 declinationis
1527 1257 1622 1292 sunt

141 1323 317 1378 φαληρίς
342 1334 365 1363 a
395 1318 528 1375 φαλός
559 1320 797 1372 derivatum,
827 1318 1005 1371 λεβηρίς,
1045 1318 1154 1370 quod
1192 1319 1423 1369 Hesychius
1456 1330 1488 1359 s.
1532 1320 1622 1359 Γυ-

140 1388 334 1445 μνότερος
365 1393 459 1441 apte
490 1387 540 1427 ad
569 1383 690 1433 λέπος
726 1385 905 1437 reducit,
949 1385 1011 1424 cui
1051 1381 1173 1435 λοβός
1212 1396 1375 1436 qnoque
1415 1384 1622 1438 adhaeret,

142 1458 385 1507 tertiumque
418 1454 620 1507 πεμφηρίς
649 1452 777 1504 piscis
808 1461 957 1491 nomen
998 1451 1298 1491 inaestimabile
1338 1455 1378 1490 et
1420 1450 1623 1502 adjectiva

142 1522 362 1578 βλιστηρίς,
393 1519 586 1572 inaneis,
617 1519 811 1571 τριετηρίς
843 1512 1061 1569 (εὐετηρία)
1095 1522 1170 1557 etc.

254 1594 292 1636 ς.
323 1588 359 1628 5.
420 1586 532 1634 Quae
562 1590 722 1626 restant
753 1584 1081 1624 terminationum
1108 1583 1284 1634 species,
1315 1582 1485 1623 minoris
1530 1587 1624 1623 sunt

145 1666 316 1708 operae:
357 1648 499 1703 ἀκιρός
529 1650 639 1703 quod
671 1661 760 1690 cum
800 1645 966 1696 ἀκιδνὸς
1005 1653 1044 1688 et
1084 1645 1228 1695 ἄκικυς
1266 1650 1528 1699 conjugatum
1558 1649 1625 1688 vi-

144 1722 282 1774 detur,
320 1716 511 1772 βάλλιρος
549 1717 677 1770 piscis
708 1726 858 1755 nomen
888 1725 1018 1766 nuper
1049 1725 1070 1754 e
1102 1713 1219 1755 codd.
1249 1713 1466 1754 Aristoteli
1496 1714 1624 1753 resti-

144 1793 270 1829 tutum
302 1797 376 1839 pro
411 1781 614 1837 βάλλερος,
647 1781 895 1834 propriaque
928 1777 1149 1832 Κύσπιρος,
1185 1776 1388 1831 Στάλιρος
1426 1784 1503 1820 etc.
1534 1780 1621 1820 EM.

142 1854 235 1907 488,
265 1854 302 1894 ὅ.
335 1851 515 1902 Theogn.
546 1849 590 1890 ll.
622 1847 737 1889 71³⁸
756 1843 912 1897 ’Ἁκιρις
942 1851 1018 1887 etc.
1050 1858 1221 1899 quornm
1261 1845 1414 1886 nullum
1451 1844 1625 1885 demon-

143 2063 260 2095 κιμος,
287 2049 380 2084 unde
405 2049 592 2089 Alcumene,
617 2047 681 2080 nisi
708 2046 776 2080 hoc
803 2046 960 2081 vocalem
989 2046 1175 2079 insiticiam
1202 2044 1307 2079 habet
1325 2047 1361 2078 ut
1380 2043 1624 2086 Aesculapius,

143 2108 367 2147 Tecuinessa‚
395 2104 593 2146 draclnnna,
620 2104 722 2145 mina,
749 2102 875 2146 quibus
900 2102 1095 2136 Priscianus
1124 2101 1150 2134 Ι.
1178 2100 1209 2136 6.
1236 2100 1290 2135 36.
1315 2100 1408 2141 (555.
1433 2098 1487 2141 Ρ.)
1512 2098 1624 2132 Alcu-

143 2172 245 2198 mena
275 2161 488 2195 adnumerat.
529 2158 754 2201 Ἳῑιῑιαλκμος
790 2168 851 2202 pro
874 2156 1114 2200 ‘12171422213105
1145 2156 1184 2190 G.
1220 2153 1417 2189 Dindorfius
1451 2156 1485 2189 in
1520 2154 1622 2189 Thes.

144 2218 371 2261 suspectavit.

233 2273 292 2315 37]
317 2272 391 2306 EM.
422 2271 496 2313 175,
523 2270 576 2305 30.
600 2267 780 2313 Ἀφαρεύς
802 2267 901 2312 παρὰ
926 2267 963 2301 τὸ
994 2265 1123 2311 ([άρος.
1168 2264 1203 2297 ‘O
1230 2264 1267 2298 (Ῡὲ
1290 2264 1517 2308 Ἡρωδιανός
1535 2277 1626 2310 φησι

144 2328 187 2361 τὰ
215 2328 363 2360 τοιαῦτα
389 2326 489 2369 παρὰ
519 2325 577 2365 τῆς
595 2326 698 2367 ’Ἄρης
723 2326 955 2367 συγκεῖσθαι,
992 2321 1190 2365 Τυνδάρης,
1213 2319 1418 2364 Ἀμᾳιιὲρης
1451 2322 1511 2353 καὶ
1543 2322 1622 2365 'Aga

146 2383 307 2429 ᾳιᾱραος
332 2386 399 2417 etc.
428 2380 519 2424 quod
548 2380 591 2413 (le
617 2381 725 2423 primo
756 2383 789 2413 et
816 2378 972 2413 secundo
998 2380 1056 2421 qni
1083 2377 1152 2411 dici
1178 2378 1330 2421 potuerit
1366 2386 1433 2410 non
1468 2377 1623 2420 intelligo

144 2449 260 2484 neque
291 2438 477 2473 decernam
502 2440 613 2469 ulrum
647 2435 706 2468 ille
743 2432 814 2466 ἀπὸ
850 2434 909 2474 τῆς
941 2433 1029 2477 ἀρῆς
1065 2433 1243 2478 (γενικῆς)
1277 2434 1456 2476 scripserit
1489 2441 1530 2465 an
1566 2432 1625 2472 τῆς

138 2497 241 2538 Ἀρης
265 2491 456 2536 (εὐθείας).
506 2493 603 2532 Quae
631 2489 725 2525 idem
749 2493 915 2524 memorat
939 2490 1015 2532 650,
1042 2491 1097 2526 28.
1132 2487 1327 2533 Πάνδαρος
1358 2486 1506 2520 πάντων
1540 2486 1623 2531 ἆρά·

145 2549 369 2594 Πανδάρεως
394 2546 411 2581 ὃ
439 2547 558 2581 πάντα
587 2545 745 2590 δράσας·
783 2545 955 2578 Πανδίων
983 2545 1082 2591 παρὰ
1108 2544 1172 2585 Τὴν
1197 2543 1261 2576 ἰών
1285 2541 1451 2588 μετοχήν
1474 2543 1622 2576 πλεονα-

146 2606 228 2650 σμῷ
243 2605 302 2637 τοῦ
324 2596 357 2639 fl.
385 2604 467 2637 nulli
494 2605 571 2637 usui
586 2607 681 2644 sunt3
721 2603 850 2636 rectius
878 2600 1054 2646 Βριαρεῦς
1079 2610 1140 2636 seu
1167 2599 1352 2646 Βριάρεως
1375 2599 1419 2634 ad
1439 2607 1626 2642 paronyma

145 2663 251 2698 retert
275 2662 352 2704 213,
386 2660 438 2696 12.

232 2717 291 2754 38]
318 2716 382 2750 Hic.
406 2714 581 2758 Πύστιρος
607 2713 705 2748 affert
731 2723 772 2749 ex
799 2712 926 2747 Herod.
954 2712 1027 2746 VII.
1057 2712 1129 2747 109.
1157 2711 1213 2745 ubi
1242 2712 1417 2756 Πίστυρος
1433 2709 1622 2752 vulgatum,
