1731 3021
134 130 194 174 32
619 122 1054 172 DISSERTATIO
1097 124 1124 168 Ι,

136 240 366 287 masculina
383 252 408 283 a
429 239 632 283 femininis
653 242 744 280 orta
761 237 957 279 dicentes.
996 238 1049 277 At
1072 235 1178 277 idem
1198 231 1368 288 ἀράχνη,
1397 233 1468 275 ubi
1491 228 1613 275 telam

139 309 334 362 declarat,
383 310 424 348 et
469 301 648 358 ἀράχνης
690 305 759 346 ubi
798 308 1019 356 tenorem,
1066 302 1305 354 paronymis
1343 299 1615 341 adscribenda

140 381 255 427 sunt;
292 374 416 416 motis
445 383 543 413 vero
575 366 703 424 φύκη,
734 370 769 411 si
799 369 879 410 hoc
908 370 1071 410 nomine
1103 363 1125 407 ὁ
1155 367 1289 420 θῆλυς
1317 362 1455 420 φύκης
1482 365 1616 417 signi-

138 442 284 484 ficatus
317 445 401 494 est,
439 447 558 490 quem
588 435 838 477 Aristoteles
870 439 1005 475 tamen
1033 432 1189 486 φυκίδα
1218 432 1429 485 appellare
1456 430 1618 472 videtur

139 508 186 550 H.
196 508 243 548 A.
254 505 317 548 VI.
330 505 391 548 13.
413 507 453 545 et
474 498 655 556 δαμάλης
674 497 696 541 ὁ
712 497 846 553 ἅῤῥην
863 497 1025 552 μόσχος,
1050 497 1209 552 ὄαμάλη
1224 496 1249 551 ἡ·
1266 497 1414 551 θήλεια
1429 498 1616 538 Ammon.

69 574 73 575 ⁷
142 572 225 615 Sed
251 571 293 612 id
322 579 486 624 quoque
517 567 568 609 ad
595 568 794 608 incertum
824 570 994 606 revocat
1025 565 1201 605 Thomas
1232 560 1407 617 Λαμάλη
1428 558 1450 603 ὁ
1468 559 1616 615 ἄῤῥην,

141 635 312 691 δάμαλις
353 632 380 690 ἡ
416 631 583 689 θήλεια,
636 637 847 683 totumque
897 642 1022 671 sexus
1071 630 1291 671 discrimen
1331 630 1437 671 tollit
1479 623 1617 670 Schol.

144 704 315 745 Theocr.
341 703 370 744 Ι.
400 701 464 743 75.
503 695 662 752 δαμαλη
700 702 915 749 poetarum
956 696 1098 736 ditioni
1128 696 1364 747 suinciens.
1422 695 1526 736 Huic
1556 693 1619 735 si-

143 769 350 811 millimum
392 765 466 808 sed
506 766 627 818 plane
673 762 881 803 indubium
926 765 990 801 est
1032 758 1227 801 Μακέται
1269 760 1312 801 αἱ
1356 756 1621 813 Μιμαλλόνες

144 834 291 875 Athen.
328 833 374 874 V.
407 830 496 874 198.
525 831 570 872 Ε.
611 829 661 870 de
699 839 779 880 quo
821 826 1056 878 Stephanus
1094 823 1292 879 Μακέτης
1326 823 1397 866 καὶ
1435 821 1622 873 Μακέτις

143 896 249 953 γυνή
277 895 348 939 καὶ
375 893 582 938 Μάκεσσα
609 891 846 939 ἐπιθετικῶς
875 889 944 931 καὶ
964 888 1162 932 Μάκεττα
1191 888 1259 932 διὰ
1286 889 1366 933 δύο
1394 881 1450 933 τ’τ-
1469 889 1540 933 καὶ
1568 886 1617 932 δι’

145 963 258 1015 ἑνός,
296 963 337 1005 id
368 966 432 1004 est
461 957 647 1014 Μακέτη.
704 957 1008 1011 Appellativum
1047 958 1199 998 nullum
1238 958 1420 1010 suppetit
1456 961 1622 1010 praeter

143 1031 291 1084 ταμίας
315 1028 450 1082 ταμία.
507 1026 611 1068 Nam
649 1024 759 1078 quod
796 1024 837 1064 in
873 1024 983 1064 Arca
1013 1023 1371 1075 Constantinopol.
1402 1023 1623 1076 apponitur

141 1094 346 1151 Ἀγγελίας
380 1091 451 1135 καὶ
488 1088 652 1145 ἀγγελία
689 1085 744 1138 ὥς
780 1089 926 1142 ταμίας
955 1089 1099 1142 ταμία,
1138 1089 1336 1140 ambiguis
1363 1090 1503 1129 nititur
1531 1088 1623 1129 Ho-

146 1163 246 1205 meri
286 1165 326 1202 et
360 1158 530 1201 Hesiodi
567 1157 695 1210 locis,
742 1156 810 1209 qui
846 1166 980 1207 neque
1018 1155 1232 1196 masculini
1271 1166 1404 1207 neque
1443 1155 1624 1196 feminini

145 1239 265 1270 usum
294 1228 520 1280 praestant.
575 1223 663 1264 Jam
691 1226 735 1263 ut
765 1221 816 1262 ad
844 1223 1010 1262 nomina
1030 1222 1176 1262 tertiae
1196 1221 1345 1262 classis
1368 1220 1623 1276 progrediar,

145 1295 218 1336 illa
244 1292 490 1334 brevissima
518 1290 596 1342 via,
625 1299 705 1340 qua
732 1288 904 1328 Romani
933 1288 1160 1328 masculina
1188 1289 1229 1328 in
1260 1294 1288 1326 σ
1313 1287 1504 1328 exeuntia
1528 1297 1623 1328 mo-

147 1363 244 1401 vent
275 1359 344 1400 lea
374 1356 542 1409 copa‚20
575 1353 719 1396 Graeci
750 1364 834 1394 non
864 1357 1051 1406 utuntur,
1083 1354 1275 1394 feminina
1303 1353 1541 1405 plerumque
1572 1353 1623 1394 ab

149 1423 363 1477 adjectivis
393 1420 584 1473 mutuati,
602 1416 754 1472 Ἕλλην
775 1414 930 1469 Ἑλλάς,
957 1414 1042 1459 ’[οὲν
1070 1420 1158 1460 sive
1183 1414 1274 1459 Ἰών
1298 1414 1389 1466 Ἰάς.
1448 1418 1530 1460 Sed
1555 1419 1625 1460 in-

149 1489 306 1532 terdum
336 1499 360 1529 a
385 1487 517 1540 prima
546 1485 828 1533 declinatione}
848 1488 1038 1537 repetunt
1069 1489 1112 1525 ut
1135 1481 1328 1539 Ἀργείων
1346 1480 1565 1539 Ἀργειώνη
1585 1490 1626 1527 ct

149 1566 255 1610 quae
273 1552 505 1605 Hesychius
526 1552 677 1605 promit
693 1546 777 1592 Ἰάν
790 1546 900 1604 Ἰάνη
920 1547 1107 1604 ἕλληνική
1127 1548 1211 1591 ἐπεὶ
1225 1547 1358 1599 Ἰἇνας
1375 1547 1624 1606 τούςἝλλη-

148 1636 236 1672 νας,
273 1615 426 1673 Τιτήνη
455 1613 480 1671 ἡ
510 1617 666 1670 βασιλίς
683 1613 898 1669 Αἰσχύλος,
931 1616 1040 1669 quod
1059 1616 1314 1658 Hermannus
1342 1617 1502 1670 Opusc.‚
1516 1618 1557 1659 T.
1578 1618 1624 1662 V.

151 1685 241 1729 162.
273 1684 323 1726 ab
354 1683 557 1736 adjectivo
589 1680 751 1736 τιτηνός
780 1682 949 1735 repetit,
979 1677 1202 1734 Ὀργεῶναι
1228 1679 1378 1736 ἱέρειαι,
1409 1683 1516 1725 unde
1540 1695 1625 1726 non

149 1751 272 1804 longe
308 1749 461 1791 distant
489 1749 697 1790 nominum
727 1748 988 1802 propriorum
1015 1748 1243 1803 motiones,
1272 1746 1390 1791 Διών
1418 1746 1626 1808 Διώνη,27

150 1938 289 1982 propria
322 1940 418 1978 sunt3
458 1936 521 1970 τοῦ
551 1934 699 1970 Πλάτεω
733 1937 874 1972 Aristot.
909 1936 949 1971 H.
982 1936 1069 1970 Ann.
1095 1936 1134 1970 V.
1163 1937 1214 1973 19.
1249 1947 1283 1982 p.
1309 1938 1462 1982 551,16.
1498 1942 1535 1974 ut
1565 1939 1630 1973 τοῦ

150 1994 296 2036 Λέσχεω
322 1992 413 2036 apud
436 1991 638 2034 Proculum,
671 2002 738 2036 quo
763 1995 902 2028 nomine
925 1992 1122 2036 Stephanus
1146 2003 1285 2038 quoque
1309 1996 1415 2029 utitur
1433 1994 1626 2041 Ἀναριάκη

151 2046 263 2085 πόλις,
294 2046 333 2080 τὸ
367 2046 517 2080 garinim
539 2047 752 2092 Ἀναριάκης
787 2048 832 2086 ὡς
854 2050 961 2093 λέσχη
986 2049 1131 2092 λέσχης,
1168 2047 1309 2093 ἁριίχνη
1335 2047 1508 2093 ἀράχνης.
1553 2049 1626 2083 Νά-

153 2116 216 2145 κης
239 2112 306 2137 non
330 2112 474 2137 naccam
498 2104 573 2139 sive
600 2107 735 2138 nactam
759 2105 957 2147 significare
981 2104 1118 2139 videtur
1141 2103 1206 2140 sed
1237 2103 1301 2146 τὴν
1329 2102 1454 2146 νάκην.
1516 2105 1629 2149 Opera

151 2169 195 2192 ex
220 2159 302 2192 lana
326 2169 433 2191 nacae
456 2159 612 2192 dicuutur
635 2170 657 2192 a
685 2161 825 2193 Graecis
849 2159 942 2194 Fest.

238 2229 298 2272 26)
338 2229 484 2264 Glossae
510 2231 544 2263 in
570 2230 653 2274 Maji
677 2231 801 2274 Script.
831 2230 941 2264 Class.
975 2229 1015 2264 T.
1042 2230 1116 2264 VII.
1142 2230 1219 2265 586.
1248 2229 1353 2263 draco
1376 2230 1548 2264 dracaena
1577 2232 1628 2264 vel

152 2285 272 2328 draca,
300 2285 397 2328 calpa
423 2283 510 2329 (Sic)
535 2287 702 2329 calpona,
725 2285 842 2319 strabo
864 2285 1027 2319 strabona
1049 2291 1081 2319 et
1103 2285 1235 2319 straba.

241 2357 302 2400 27)
336 2356 411 2391 Hoc
447 2357 603 2392 mulieris
630 2366 757 2393 nomen
787 2360 841 2392 est
872 2358 906 2390 in
940 2356 1042 2391 Anth.
1081 2355 1253 2391 diversum
1283 2364 1367 2391 vero
1391 2354 1508 2396 Διώνη
1529 2355 1628 2391 Jovis

154 2414 281 2455 conjux
306 2415 341 2448 et
363 2412 433 2447 iilia
460 2421 622 2456 quaeque
648 2412 816 2447 Dodonae
843 2411 996 2449 σύνναος
1024 2410 1075 2455 τῷ
1097 2410 1155 2442 Διὶ
1179 2408 1382 2453 ἀπεδείχθη
1413 2410 1525 2445 Strab.
1551 2411 1625 2446 VII.

152 2467 230 2503 329.
258 2476 278 2501 a
306 2467 372 2502 deo
398 2468 475 2511 ipso
501 2467 721 2502 denominata
749 2468 848 2511 quasi
872 2467 960 2503 Jova
985 2466 1110 2510 (Varro
1134 2465 1171 2499 L.
1189 2464 1227 2499 L.
1246 2463 1301 2500 IX.
1315 2465 1408 2509 140.)
1433 2466 1488 2501 vel
1504 2467 1629 2502 Jovina

153 2523 280 2565 potius,
308 2531 386 2556 nam
411 2522 520 2558 Jovae
546 2523 692 2557 similior
716 2526 769 2558 est
791 2525 873 2555 Δῖα.
919 2523 971 2556 Ac
995 2522 1116 2558 nescio
1145 2530 1186 2555 an
1210 2522 1246 2555 in
1260 2520 1378 2555 Schol.
1408 2520 1473 2556 Od.
1490 2522 1553 2557 111.
1571 2522 1627 2558 91.

153 2575 217 2616 τὴν
238 2576 474 2620 Ἀμφιτρίτην
496 2577 685 2610 Ποσειδῶν
710 2577 890 2622 ἥρπασεν,
928 2576 1018 2611 ὅθεν
1042 2575 1111 2610 ὑπὸ
1136 2576 1207 2609 τῶν
1233 2575 1423 2620 ἐγχωρίων
1446 2576 1628 2610 Ποσειδω-

153 2633 211 2663 νία
237 2630 436 2675 ὠνομάσθη
465 2631 511 2669 ὡς
532 2633 594 2665 καὶ
614 2632 736 2677 ἡ(Ήρα
753 2635 876 2673 Ausim
902 2632 1001 2677 παρὰ
1024 2631 1264 2669 Δωδωναίοις,
1288 2640 1356 2665 non
1374 2632 1485 2666 solum
1499 2630 1629 2673 Διώνη,

154 2685 244 2729 quod
269 2685 492 2722 Buttmannus
519 2688 695 2731 praeterre
722 2691 836 2731 timet,
873 2688 936 2724 sed
965 2689 1070 2724 etiam
1093 2686 1302 2728 Ποσειδώνη
1327 2686 1550 2724 scribendum
1571 2688 1627 2722 sit.
