1731 3021
145 138 235 182 180
629 135 1054 179 DISSERTATIO
1094 136 1157 178 IV.

147 252 322 290 accentu
351 259 429 288 nos
461 246 583 288 docet
611 247 814 290 Arcadius
846 260 883 301 p.
915 247 978 289 (34.
1013 251 1352 299 proparoxytona
1392 260 1487 290 csse
1527 249 1631 290 sub——

149 314 330 355 stantiva
359 313 506 365 quibus
538 313 659 373 alpha
698 314 844 368 breve⁷
881 313 914 354 εἰ
953 311 1007 367 μὴ
1047 310 1128 364 πρὸ
1157 314 1233 353 τοῦ
1263 305 1294 353 ἆ
1317 311 1365 354 τὸ
1394 306 1474 368 δ’-ἢ
1503 305 1528 355 Ξ
1550 313 1577 368 ἢ
1606 309 1630 356 ἶ

148 375 339 431 ὑπάρχοι,
371 375 586 431 στέφανος,
616 379 827 432 κλίβανος,
865 376 1036 432 χόανος·
1066 380 1328 431 σεσημείωται
1353 376 1401 420 τὸ
1440 378 1629 429 πελανός,

153 441 343 497 οὐρανός,
375 442 570 493 Σικανός.
628 446 688 486 De
718 447 847 497 primo
887 447 1029 486 horum
1073 446 1313 485 Eustatliius
1358 457 1394 497 p.
1436 445 1555 499 1601,
1594 446 1630 487 5.

154 511 197 552 αἱ
224 509 462 565 θυηλαὶ,-
492 507 541 558 ἃς
568 508 770 559 πελάνους
797 509 902 560 τινές
933 522 1062 565 φασιν
1097 508 1124 564 ἢ
1154 509 1224 551 καὶ
1263 506 1470 560 ὀξυτόνως
1506 514 1633 552 πελα-

153 573 267 627 νούς,
300 577 382 618 sed·
402 577 523 628 vulgo
559 583 781 628 oxytonum
811 583 897 633 est,
937 580 1136 619 incertum
1177 577 1283 617 unde
1319 576 1569 631 derivatum,
1611 589 1634 618 a

154 639 262 696 πάλη
292 647 335 682 ut
366 642 574 695 Didymus,
605 654 656 683 an
688 655 712 684 a
740 641 894 692 πλατύς
923 657 958 685 v.
991 645 1189 695 Harpocr.
1223 654 1254 684 s.
1286 642 1309 683 l.
1342 647 1381 683 et
1413 644 1550 685 Scliol.
1582 643 1633 684 ad

155 709 251 750 Eur.
281 709 401 750 Rlies.
432 709 524 749 427.
555 710 590 748 si
620 720 718 749 vero
760 711 927 762 proprie
965 710 1166 761 significat
1205 709 1406 760 liquorem
1449 720 1635 750 crassum

159 779 199 815 et
230 775 515 825 faeculentum,
544 769 618 813 τὸν
647 772 971 828 διαπεπηγμὲνον
1000 773 1067 814 καὶ
1106 771 1295 827 ῥυπαρὸν
1325 770 1465 826 ἀφρόν
1496 774 1634 816 Schol.

158 840 295 892 Apoll.
326 840 353 880 I.
386 838 503 880 1077.
535 849 624 878 cum
657 840 842 892 πλῆμνος
879 837 1012 893 ἀφρός
1040 841 1136 881 Hes,
1177 846 1216 881 et
1253 837 1380 894 πηλός
1419 844 1638 892 cognatum

159 905 332 946 videtur.
395 900 588 955 Οὐρανός
616 909 780 946 veteres
810 905 931 946 modo
965 907 1014 947 ab
1047 899 1172 959 οὖρος
1211 903 1234 946 ὁ
1272 904 1407 959 φύλαξ
1447 910 1638 958 repetunt

162 984 198 1013 v.
227 970 430 1023 Aglaoph.
461 969 552 1011 503.
582 970 705 1011 modo
745 971 795 1012 ab
835 964 960 1025 οὖρος
1002 967 1025 1011 ὁ
1063 969 1160 1023 ὅρος
1197 974 1315 1025 quasi
1353 968 1521 1024 ὁρίζων,
1561 971 1639 1024 vel,

164 1036 275 1090 quod
304 1035 574 1089 pi·obabiliUS‚
604 1036 655 1077 ab
690 1036 793 1090 αἴρω
823 1037 874 1077 ad
905 1039 1211 1090 significandum
1237 1040 1314 1079 ltoc
1334 1038 1513 1079 sublime
1533 1049 1641 1078 ccm-

166 1103 269 1144 dens
291 1101 423 1154 Ennii,
455 1105 499 1141 ut
518 1098 664 1154 βρόχος
694 1099 889 1154 οὐράνιος
919 1100 940 1144 ὁ
969 1102 1168 1157 μετέωρος
1196 1104 1289 1145 Sch.
1312 1104 1406 1144 Eur.
1439 1103 1526 1143 Alc.
1547 1102 1640 1143 230.

168 1168 316 1209 Cetera
345 1166 526 1218 regulam
566 1174 792 1220 sequuntur
832 1170 919 1211 sive
958 1171 1185 1210 masculina
1223 1174 1317 1210 sunt
1359 1170 1446 1210 sive
1484 1172 1642 1220 neutra,

166 1234 247 1274 nisi
287 1231 397 1284 quod
435 1232 476 1272 in
515 1234 696 1284 propriis
734 1235 918 1275 nonnihil
956 1237 1170 1277 titubatum
1208 1240 1290 1276 est:
1326 1230 1475 1282 Ὀαυός
1510 1234 1642 1275 Nonn.

167 1299 269 1341 XIII.
299 1298 393 1339 471.
426 1297 536 1350 quod
574 1301 728 1340 rectius
758 1306 952 1352 gravatur
990 1315 1053 1354 ap.
1096 1301 1345 1353 Stephanum
1387 1301 1438 1341 ob
1478 1301 1644 1340 brevem

167 1364 443 1418 penultimam.
503 1364 666 1418 Eorum,
698 1377 803 1417 quae
833 1368 1034 1408 Arcadius
1069 1369 1159 1408 acui
1190 1367 1299 1420 dicit,
1337 1368 1413 1407 tria
1443 1370 1538 1407 sunt
1568 1375 1645 1416 ge-

168 1442 282 1484 nera,
313 1441 484 1482 quorum
514 1432 685 1482 primum
723 1437 816 1473 ante
857 1433 977 1485 alpha
1016 1434 1174 1474 literam
1194 1424 1237 1473 ἶ
1258 1433 1380 1474 habet
1416 1427 1645 1480 Ἀπιδανός,

165 1493 399 1550 Ἠριδανός,
431 1496 510 1536 nisi
540 1498 761 1548 praecedat
792 1499 865 1539 rho
888 1497 1120 1553 Δάρδανος,
1143 1495 1364 1551 Ἰάρδανος.
1422 1498 1516 1540 Non
1534 1501 1647 1538 recte

169 1563 294 1615 igitur
324 1562 516 1602 scribitur
548 1557 747 1611 Ῥόδανος
787 1565 926 1617 Stepli.
1001 1566 1178 1607 Secundi
1221 1566 1448 1618 exemplum
1485 1564 1647 1604 unicum

171 1632 265 1689 Q
267 1623 448 1674 ὠκεανός
477 1623 499 1666 ὃ
530 1629 794 1680 σεσημείωται
830 1628 1052 1671 συστέλλου
1085 1629 1131 1672 τὸ
1172 1636 1223 1672 ἆ·
1261 1628 1311 1671 τὰ
1349 1630 1427 1683 γὰρ
1468 1625 1537 1670 διὰ
1570 1627 1648 1667 τοῦ

172 1708 273 1741 OWOS
308 1689 485 1742 ὀξύτονοι
529 1689 628 1745 ὑπὲρ
664 1698 769 1747 τρεῖς
804 1693 1008 1750 συλλαβὰς
1044 1694 1206 1738 ἐκτείνει
1243 1694 1289 1737 τὸ
1334 1700 1360 1737 ἆ
1399 1693 1523 1749 χωρὶς
1560 1694 1645 1734 τῶν

173 1756 285 1812 παρὰ
313 1764 398 1807 τοῖς
426 1755 600 1811 ὕστερον
634 1758 869 1813 Ἀδριανός,
905 1758 1129 1810 Ἰουλιανός
1166 1763 1251 1803 EM.
1288 1762 1390 1815 438,
1433 1762 1494 1803 10.
1533 1761 1648 1802 Eust.

177 1827 268 1880 128,
297 1826 362 1867 43.
419 1825 541 1865 Plura
571 1826 732 1878 quidem
763 1829 921 1880 profert
943 1829 1233 1881 Theognostus
1261 1826 1311 1868 τὰ
1340 1824 1408 1868 διὰ
1435 1828 1511 1868 τοῦ
1531 1840 1651 1874 savos

179 1889 357 1942 ὀξύτονα
395 1887 497 1942 ὑπὲρ
546 1889 624 1932 δύο
663 1891 866 1947 συλλαβάς
904 1891 1105 1944 ὠκεανός,
1154 1891 1425 1946 Μυρλεανός,
1469 1889 1650 1943 κτεανός,

177 1954 362 2008 ἀκεανός,
396 1956 470 1998 sed
501 1957 724 1999 secundum
752 1959 938 2000 vocalem
967 1960 1131 2011 longam
1162 1960 1297 2012 habet,
1328 1971 1402 2011 pro
1433 1959 1554 1999 tertio
1580 1969 1652 1999 re—

178 2022 410 2076 ponendum
447 2020 601 2070 Τεανός
630 2025 791 2065 Teanus
821 2026 909 2066 sive
940 2026 1178 2079 Teanensis‚
1210 2025 1474 2077 ejusdemque
1499 2023 1653 2064 moduli

179 2093 244 2130 est
273 2088 487 2140 leguminis
518 2099 686 2143 nomen,
731 2090 840 2142 quod
879 2092 1124 2143 saepissime
1162 2087 1335 2138 ἀκέανος
1375 2090 1568 2131 scribitur
1609 2092 1650 2130 et

178 2149 384 2207 geminata
427 2154 580 2207 liquida
626 2153 826 2204 ἀκέαννος
862 2157 903 2196 in
939 2157 1198 2198 Pherecratis
1245 2168 1369 2197 versu
1409 2156 1451 2196 T.
1486 2154 1514 2196 I.
1558 2154 1650 2196 345.

176 2220 240 2262 Ex
269 2231 350 2272 quo
382 2231 503 2272 quum
531 2226 729 2272 appareat
759 2222 1020 2274 penultimam
1050 2223 1213 2275 longam
1235 2235 1343 2276 esse,
1372 2221 1651 2262 renuntiemus

180 2289 345 2338 oportet
377 2285 682 2339 Grammaticis,
721 2288 788 2338 qui
823 2298 972 2327 nomen
1011 2288 1090 2328 hoc
1129 2286 1408 2336 ὄυςκάτακτον
1443 2287 1651 2338 interpre-

180 2355 317 2392 tantur
363 2355 555 2403 tanquam
594 2363 618 2391 a
652 2352 780 2392 verbo
817 2350 959 2393 κεάσαι
996 2356 1280 2406 compositum
1306 2358 1351 2395 ut
1384 2349 1579 2399 εὐκὲανος
1613 2355 1654 2392 et

180 2413 437 2467 ἰθυκτέανος,
467 2428 638 2468 quorum
668 2417 789 2471 alpha
822 2418 957 2460 breve.
1015 2420 1212 2471 Equidem
1253 2424 1419 2470 etymon
1455 2419 1651 2470 ignotum,

181 2483 424 2534 scripturam
457 2482 710 2534 Theognosti
739 2495 875 2524 veram
907 2496 1002 2525 esse
1033 2486 1223 2526 arbitror.
1284 2484 1421 2525 Tertio
1451 2483 1546 2523 loco
1567 2483 1651 2522 Ar-

182 2547 322 2589 cadius
352 2548 533 2600 loquitur
561 2547 610 2589 de
638 2549 711 2602 iis,
742 2561 847 2602 quae
876 2551 962 2590 iota
992 2555 1086 2592 ante
1117 2551 1239 2603 alpha
1266 2550 1446 2603 positum
1474 2548 1650 2598 habent3

181 2623 285 2664 quae
325 2612 555 2665 cujusmodi
583 2614 686 2667 sint,
714 2615 870 2656 nesciO.
928 2615 1029 2656 Nam
1060 2617 1170 2669 quod
1200 2616 1246 2657 οἴ
1267 2613 1461 2669 ὕστερον,
1491 2619 1534 2654 ut.
1562 2613 1651 2654 Eu-

182 2677 357 2718 statliius
387 2679 442 2719 ait
466 2674 691 2731 Ἀδριανός,
719 2676 941 2728 Ἰουλίαυος
970 2686 1009 2722 et
1039 2683 1134 2723 talia
1170 2683 1395 2735 corripiunt
1432 2693 1468 2722 v.
1509 2679 1650 2732 Spitz-
