1731 3021
128 174 218 215 ‘23⁴3
599 170 1026 214 DISSERTATIO
1082 170 1144 211 lv,

130 278 395 335 ἀπειροσύνη,
425 276 691 335 ἀπιστοσύνη,
722 276 949 332 ἅοιδοσύνη
981 278 1148 330 Gregor.
1180 278 1279 320 Naz.
1313 277 1442 319 Carm.
1471 278 1607 321 XXVI.

130 362 168 402 p.
194 349 258 391 96.
288 349 335 389 Α.
367 352 406 388 et
433 347 475 388 L.
506 358 543 399 p.
567 348 656 389 120.
680 348 728 388 A.
761 342 1020 397 ἀϋπνοσύνη,
1052 341 1302 397 εἰκαιοσύνη,
1332 341 1606 398 ἐπαγροσύνη,

129 410 417 467 ἐπιορκοσύνη,
442 411 690 467 ἓρημοσύνη,
711 409 962 466 ἐφηβοσύνη,
982 406 1179 463 ἠλοσύνη,
1209 409 1465 464 θεωροσύνη,
1498 426 1610 463 κραι-

129 477 346 534 πνοσύνη,
377 477 731 533 κακοβουλοσύνη,
760 475 1009 531 λαβροσύνη,
1041 473 1282 529 λεπτοσύνη,
1312 473 1608 530 μετεωροσύνη,

133 544 368 601 ὄρθοσύνη,
409 544 659 600 σκαιοσύνη,
697 541 917 598 χηροσύνη.
976 544 1089 583 Haec
1128 543 1178 583 ab
1221 542 1436 594 adjectivis
1478 547 1610 583 tracta

134 619 250 666 sunt3
289 614 422 654 minus
455 613 581 654 mulla
611 624 635 652 a
665 611 936 652 substantivis
968 605 1224 662 ἀεθλοσύνη,
1256 606 1517 662 ὄειπνοσύνη,
1549 610 1611 662 ζη-

131 679 300 733 λοσύνη,
331 675 581 731 θεσμοσύνη,
612 674 818 730 πηοσύνη,
848 688 871 716 a
892 675 1126 716 nominibus
1156 676 1197 715 in
1226 665 1310 727 μῶ
1331 676 1396 716 vel
1423 666 1481 728 μ-οι
1509 674 1613 716 deri-

130 748 237 789 vatis
268 741 525 799 ἀγερμοσύνη
567 745 654 784 sive
693 738 984 795 ἀγυρμοσύνη,
1025 738 1317 795 οἰκτιρμοσύνη
1348 745 1388 782 et
1418 742 1613 794 σεβασμο-

132 812 259 866 σύνη,
305 812 452 864 quibus
492 809 734 860 subjungam
773 805 1040 860 δρησμοσύνη
1077 807 1187 859 quod
1224 808 1265 848 in
1303 808 1348 849 H.
1379 808 1425 848 H.
1465 807 1613 861 δρᾶσιν
1680 819 1683 821 ·

130 879 345 932 significat,
375 875 483 929 apud
512 876 729 915 Maximum
760 870 956 924 δρασμόν.
1024 873 1086 914 Ex
1123 873 1186 913 his
1218 885 1322 926 quae
1358 874 1503 914 tertiae
1534 872 1612 914 ad-

130 946 287 997 scripta
317 947 411 984 sunt
443 941 580 995 classi,
610 939 776 981 nomina
804 939 844 979 in
868 930 1020 987 o—ghuc
1041 939 1200 980 deflecti
1221 940 1358 980 solent
1378 935 1611 993 ἀνθοσύυη,

131 1008 330 1063 τἰδοσύνη,
357 1006 575 1060 διψοσύνη,
598 1002 859 1059 θαμβοσύνη,
879 1003 1125 1059 καλλοσύνη,
1148 1002 1372 1058 κηδοσύνη,
1385 1002 1612 1059 μηδοσύνη,

130 1074 348 1133 χητοσύνη,
369 1080 408 1117 et
429 1077 471 1116 in
491 1066 551 1115 ὧν
567 1069 816 1126 ἀρηγοσύνη,
847 1069 1075 1124 γειτοσύνη,
1106 1069 1442 1125 καταπυγοσύνη,
1470 1085 1611 1112 τεκτο-

131 1143 249 1198 σύνη,
280 1139 534 1196 παιηοσύνη,
568 1152 615 1181 ac
646 1150 744 1192 prae
776 1139 925 1178 ceteris
957 1148 1061 1189 quae
1090 1138 1131 1177 in
1159 1128 1260 1190 (HJJ
1280 1143 1430 1178 exeunt
1458 1139 1611 1180 verba-

129 1213 184 1253 lia
214 1205 513 1263 ἀλιτημοσύνη,
544 1202 807 1259 ὄαημοσύνη,
839 1199 1108 1256 ἐλεημοσύνη,
1139 1201 1402 1258 ἐθημοσύνη,
1436 1206 1611 1258 ζηλημο-

130 1275 250 1331 σύνη,
281 1272 482 1330 ἡμοσύνη,
513 1268 764 1326 θεημοσύνη,
786 1266 1036 1322 τλημοσύνη,
1056 1268 1312 1324 μνημοσύνη,
1334 1271 1443 1323 quod
1465 1271 1611 1312 Gram-

130 1345 305 1386 maticus
338 1342 467 1383 Cram.
499 1340 526 1380 Ι.
558 1338 650 1380 411,
688 1348 772 1377 non
810 1340 854 1376 ut
885 1336 1105 1376 Cattierius
1138 1350 1161 1378 a
1189 1335 1454 1391 μνημόσυνος
1483 1337 1558 1378 sed
1587 1349 1611 1377 a

130 1408 303 1465 μνήμων
332 1408 556 1449 derivatum
587 1408 742 1457 censet,
773 1405 889 1453 cujus
912 1413 935 1441 a
954 1403 1134 1453 genitivo
1162 1405 1333 1456 propius
1355 1403 1474 1443 abest
1491 1414 1610 1455 quam

131 1490 155 1519 a
182 1474 321 1530 μνήμη
353 1479 392 1515 et
421 1473 572 1525 μνῆμα.
625 1470 768 1521 Itaque
807 1469 964 1509 tenoris
994 1468 1184 1508 servandi
1217 1480 1344 1509 eausa
1374 1469 1495 1510 etiam
1528 1482 1612 1509 πα-

130 1539 384 1596 λαισμοσύυη
423 1549 506 1579 non
547 1536 808 1578 substantivo
836 1532 1044 1587 πάλαισμα
1073 1534 1356 1586 subjungimus
1387 1535 1461 1576 sed
1492 1535 1613 1588 adje-

131 1612 254 1663 ctivo,
284 1608 362 1649 elsi
392 1616 475 1646 non
506 1603 708 1655 reperitur
740 1601 819 1640 nisi
849 1601 1059 1652 proprium
1093 1601 1321 1652 Παλαίμων
1349 1613 1385 1642 v.
1409 1601 1611 1654 Aglaoph.

132 1676 259 1718 1170.
301 1678 337 1714 el
369 1670 537 1711 verbum
568 1669 856 1718 παλαιμονεῖν,
896 1677 1067 1717 quorum
1101 1666 1151 1706 ad
1182 1667 1484 1708 similitudinem
1513 1668 1612 1707 Ari-

129 1741 320 1784 starchus
350 1732 638 1788 παλαιμοσύνῃ
670 1732 838 1783 scripsit
876 1731 990 1772 Eust.
1024 1731 1142 1785 1587,
1173 1733 1238 1774 40.
1279 1733 1353 1774 sed
1391 1743 1475 1773 non
1513 1744 1613 1785 per-

130 1806 263 1849 suasit
288 1808 438 1856 poetae
458 1800 732 1842 imitatoribus
755 1798 888 1846 Quint.
911 1798 973 1838 IV.
993 1797 1082 1838 120.
1104 1798 1295 1840 Nonn.X.
1307 1798 1399 1840 332.
1420 1798 1612 1841 XXXVII.

129 1873 222 1915 581.
264 1869 440 1911 Maneth.
479 1868 542 1908 Ill.
582 1866 675 1908 356.
707 1864 910 1905 Christod.
939 1864 1087 1916 Ecphr.
1127 1864 1219 1906 234.
1275 1865 1326 1906 Et
1359 1864 1410 1905 oh
1442 1864 1612 1906 eandem

131 1948 298 1979 causam
337 1935 415 1975 hue
453 1934 668 1974 referimus
706 1927 968 1983 παιγμοσύνη
1002 1930 1177 1971 Stesich.
1210 1931 1272 1972 Fr.
1301 1930 1471 1972 LXVIII.
1490 1933 1612 1985 κελη-

129 2000 304 2059 μοσύνη,
325 1996 640 2052 κελευσμοσύνη,
667 1994 900 2050 πημοσύνη,
925 1992 1177 2049 χαρμοσύνη,
1203 1992 1480 2048 χρησμοσύνη,
1504 2007 1612 2048 quo-

129 2082 218 2112 rum
249 2069 340 2109 aliis
371 2066 575 2117 adjectiva
605 2068 817 2117 praeeunt,
848 2063 938 2104 aliis
971 2063 1243 2115 substantiva,
1274 2061 1348 2103 sed
1380 2061 1449 2101 illa
1480 2062 1613 2114 pluri-

129 2137 221 2188 bus,
253 2135 287 2175 si
319 2131 561 2185 praesertim
593 2133 815 2181 conjuncta
836 2133 1132 2181 computamus,
1163 2140 1243 2180 quo
1265 2140 1315 2169 ex
1332 2139 1483 2179 genere
1506 2139 1612 2170 unus

128 2203 331 2243 Homerus
364 2209 439 2238 Sex
469 2197 661 2237 delibavit
692 2191 1030 2248 ἀγανοφροσύνη,
1062 2189 1355 2248 ἀεσιφροσύνη,
1377 2189 1610 2248 ἀφροσύνη,

130 2261 424 2320 ὁμοφροσύνη,
463 2259 756 2315 σαοφροσύνη,
805 2256 1089 2314 χαλιφροσύνη
1133 2265 1172 2300 et
1211 2272 1300 2301 culn
1343 2261 1433 2301 aliis
1473 2261 1612 2302 verbis

131 2344 319 2375 connexa
358 2325 647 2382 ἀχρημοσύνη,
695 2322 957 2381 ἐφημοσύνη,
995 2323 1284 2380 μεθημοσύνη,
1326 2325 1609 2381 συνημοσύνη,

129 2394 459 2450 ὑποθημοσύνη,
494 2396 641 2448 quibus
671 2393 877 2435 Hesiodus
909 2392 1093 2444 adjnnxit
1123 2390 1410 2447 ὁυςφροσύνη,
1444 2391 1613 2447 ἐπιφρο-

131 2463 249 2518 σύνη,
272 2459 552 2516 εὐθημοσύνη,
572 2456 910 2513 κακοθημοσύνη,
944 2459 1149 2510 Theognis
1181 2455 1469 2513 ἀγνωμοσύνη,
1501 2455 1611 2512 ἀπη-

130 2528 313 2584 μοσύνη,
346 2525 598 2582 εὐφροσύνη,
638 2522 961 2580 πολυφροσύνη,
993 2522 1267 2579 σωφροσύνη,
1298 2524 1498 2567 Pindarus
1528 2536 1610 2565 non

132 2599 225 2651 plus
247 2608 327 2637 uno
352 2592 658 2649 φιλοφροσύνη,
682 2597 778 2646 post
799 2592 959 2644 sequuti
982 2588 1303 2645 ἀλιτοφροσύνη,
1323 2586 1609 2644 ἀμνημοσύνη,

130 2659 400 2716 ἐχεαροσύνη,
430 2658 737 2714 λαθιφροσύυη.
797 2659 969 2700 Ceterae
999 2657 1119 2708 hujus
1151 2656 1437 2698 declinationis
1470 2657 1612 2699 termi-

132 2730 321 2771 nationes
358 2727 408 2769 ad
438 2726 701 2770 derivandum
729 2725 862 2768 minus
893 2728 1015 2777 aptae
1044 2723 1208 2764 habitae
1238 2726 1354 2775 sunt3
1402 2722 1452 2764 ab
1484 2747 1536 2752 —-
1559 2713 1613 2776 ἦρ
