1699 3021
346 174 413 215 DE
444 173 565 214 MUT.
597 172 805 213 TERMIN.
837 172 1036 214 CAUSIS.
1076 173 1116 213 C.
1138 173 1182 214 ll.
1223 178 1260 221 §.
1280 174 1317 216 8.
1517 173 1578 216 37

92 287 210 338 suut,
252 294 423 335 quorum
458 293 579 323 unum
611 282 937 323 terminationem
975 281 1217 333 bisyllabam
1248 284 1365 335 stirpi
1399 285 1462 324 vel
1491 294 1572 324 no-

93 350 211 390 minis
241 348 305 388 vel
336 348 448 388 verbi
481 348 639 388 affixam
670 348 793 400 gerit,
824 347 941 387 alteri
973 359 996 387 a
1026 348 1259 388 nominibus
1290 349 1329 387 in
1360 340 1421 388 ω-ι)
1451 353 1490 389 et
1520 340 1573 391 αν

93 419 185 456 orto
226 425 315 454 cuin
353 413 416 453 liis
456 413 519 453 vel
558 417 728 464 utraque
769 413 995 453 communis
1039 417 1103 453 est
1142 413 1259 453 litera
1299 416 1341 453 ut
1371 411 1568 465 Λύμαινα

91 479 222 520 simile
263 479 477 529 adjectivis
506 475 685 531 μέλαινα,
716 476 910 528 τάλαινα,
952 479 1015 518 vel
1055 483 1166 519 certe
1209 479 1339 518 altera
1373 479 1566 530 γείταινα,

89 542 293 594 τέκταινα,
334 556 438 596 (inae
468 544 707 585 Eustatliius
739 556 776 596 p.
802 543 918 596 1129,
945 543 1005 584 19.
1037 544 1160 595 longo
1192 544 1362 584 circuitu
1394 556 1418 585 a
1447 546 1566 597 geni—

88 612 182 652 tivis
212 611 529 651 masculinorum
559 611 747 663 arcessit,
777 614 805 650 ὅ
834 611 871 649 in
904 609 931 648 ἇ
960 614 1154 650 mutatum
1187 614 1226 649 et
1256 610 1348 650 huic
1378 611 1462 651 iota
1489 611 1565 652 ad—

88 676 213 718 ditum
244 676 383 716 dicens
414 680 456 716 ut
484 672 763 728 μεσαιπόλιος,
805 675 914 727 quod
945 686 1086 727 parum
1117 675 1259 715 simile.
1316 676 1467 717 Eadem
1500 683 1561 717 est

88 742 304 783 verborum
344 741 514 792 divisi03
554 752 646 781 nam
684 741 892 781 nonnullis
934 741 1178 793 praeludunt
1216 742 1380 782 nomina
1417 742 1456 781 in
1486 733 1561 792 003,

86 808 248 858 πιαίνω,
278 803 482 860 ἅφραίνω,
513 803 738 860 εὐφραίνω,
769 806 973 857 τεκταίνω,
1006 807 1200 859 pleraque
1221 812 1353 847 aulem
1376 808 1464 847 Sine
1484 820 1560 848 an—

87 874 321 914 tecessione
349 873 492 913 literae
522 874 552 913 is
577 877 814 926 nascuntur,
843 873 987 924 partim
1008 873 1058 913 ab
1081 873 1294 923 adjectivis
1324 872 1422 924 (quo
1444 874 1561 924 prin—

85 939 193 992 cipio
239 942 380 978 carent
419 939 612 990 nomina)
652 939 715 979 vel
756 938 961 979 secundae
1011 937 1296 979 declinationis
1347 933 1558 990 ἀγριαίνω,

84 1000 316 1055 ἀλιτραίνω,
359 998 562 1055 ἄργαίνω,
602 998 783 1054 αὐαίνω,
823 1001 1050 1056 ἐχθραίνει),
1088 1004 1305 1054 κοιλαίνει),
1341 1006 1557 1058 κυλλαίνω,

80 1070 273 1124 λιραίνω,
301 1069 535 1121 μαργαίνω,
567 1067 767 1121 ξηραίνω,
798 1067 1003 1119 ῥυσαίνω,
1033 1069 1221 1121 σιμαίνω,
1249 1071 1449 1121 χωλαίνω,
1481 1077 1558 1121 ψυ-

81 1136 233 1189 χραίνω
275 1146 363 1175 cum
403 1135 708 1187 parasyilthelis
740 1130 972 1186 ἀνοηταίνω
1004 1139 1043 1175 et
1073 1130 1352 1175 ἀκολασταίνει)
1384 1137 1557 1190 aliisque

82 1204 125 1243 in
153 1201 320 1242 Adnott.
351 1200 401 1241 ad
430 1201 576 1241 Buttm.
609 1200 778 1241 Gramm.
810 1201 855 1241 ll.
886 1200 949 1241 OG.
980 1200 1044 1240 vel
1076 1201 1220 1242 tertiae
1252 1198 1436 1255 ὑγιαίνω,
1468 1205 1559 1253 6129-

79 1267 280 1322 μεναίνω,
323 1266 568 1318 δυςχεραίνω
600 1270 676 1307 etc.
734 1266 834 1306 Pars
866 1278 889 1305 a
921 1266 1191 1307 substantivis
1225 1269 1339 1309 trium
1372 1269 1556 1311 declina—

80 1336 253 1376 tionum:
296 1332 518 1381 ι’θαίνω,38
555 1331 771 1383 καλχαίνω,
811 1332 1007 1384 λεσχαίνω
1037 1355 1091 1361 —-
1121 1334 1319 1385 κοταίνω,
1360 1337 1553 1389 ληραίνω,

77 1401 263 1453 λιμαίνω,
290 1398 521 1449 λιστραίνω,
552 1393 754 1448 ὗὸεραίνω
784 1423 837 1427 —
864 1398 1069 1451 δειμαίνω,
1100 1401 1333 1452 θαυμαίνω,
1356 1403 1552 1454 κηραίνω,

76 1466 271 1517 κυδαίνω,
302 1460 524 1516 ὀνομαίνω,
557 1464 755 1516 σημαίνω,
787 1476 957 1516 quorum
985 1465 1180 1517 pleraque
1207 1478 1306 1506 usus
1328 1470 1552 1509 communis

77 1533 157 1573 alio
190 1530 414 1572 deflexit.3⁹
464 1530 607 1582 Neque
637 1530 769 1570 minus
800 1531 925 1570 multa
956 1543 979 1571 a
1007 1531 1143 1571 verbis
1176 1535 1214 1571 et
1244 1532 1457 1583 barytonis
1489 1530 1555 1574 ἆλ-

74 1598 225 1648 δαίνω,
263 1592 564 1650 ὀσφραίνομαι,
606 1600 645 1635 et
677 1596 945 1637 circumflexis
976 1591 1151 1647 ἇλαίνω,
1191 1592 1443 1650 ἆλασταίνω,
1484 1600 1552 1653 δη-

75 1664 223 1714 λαίνω,
262 1662 469 1715 μυὸαίνω,
510 1660 700 1713 χαλαίνω.
768 1662 944 1702 Plurima
982 1663 1171 1714 utrinque
1211 1662 1393 1704 derivata
1425 1666 1550 1706 videri

76 1734 275 1783 possunt,
316 1733 396 1768 tam
437 1739 461 1767 a
490 1727 626 1766 verbis
657 1739 776 1778 quam
807 1740 831 1767 a
860 1728 1092 1767 nominibus
1123 1723 1293 1778 ἀζαίνω,
1340 1725 1549 1781 ἀρεταίνω,

75 1793 267 1844 ἓλκαίνω,
305 1792 547 1846 θαμβαίνω,
579 1792 804 1844 κροταίνω,
843 1793 1019 1845 κυαίνω,
1051 1794 1277 1843 κυκλαίνω,
1309 1789 1548 1846 ὀλισθαίνω,

75 1861 267 1915 περαίνω,
297 1858 489 1912 χλιδαίνω
516 1862 591 1898 etc.
623 1853 809 1910 ὥχραίνω
840 1859 889 1899 ab
922 1859 1124 1910 adjectivo
1156 1870 1237 1898 non
1268 1860 1399 1900 minus
1431 1872 1549 1912 quam

76 1928 126 1968 ab
158 1923 315 1979 ὠχράω.
353 1926 404 1966 Et
435 1924 721 1964 nonnullorum
751 1925 910 1965 radices
940 1926 981 1964 in
1013 1924 1174 1965 occulto
1207 1926 1330 1965 sitae:
1362 1925 1552 1977 tatvco,4⁰

73 1994 283 2046 μαραίνω,
315 1990 515 2043 λαχαίνω,
546 1990 777 2043 βλεμεαίνω,
809 1986 1039 2043 ἀναίνομαι.
1098 1990 1225 2038 Quum
1256 1991 1377 2042 igitur
1410 1997 1550 2044 pateat

75 2059 372 2100 terminationis
403 2071 505 2097 αινω
537 2061 576 2097 et
606 2047 929 2108 ffidiiplicem
961 2068 1056 2097 esse
1088 2061 1231 2109 ortum,
1262 2068 1382 2098 unum
1412 2070 1433 2098 a
1461 2059 1549 2110 pri-

162 2226 222 2269 38)
256 2225 449 2269 Hesychius
471 2225 548 2267 Ἰθή
574 2225 798 2271 εὖφροσύνη,
826 2225 983 2257 ἰιἸαίιέιν
1007 2224 1202 2269 disponit!
1233 2235 1298 2259 scr.
1324 2224 1545 2268 εὐφραίνειν.

162 2281 223 2324 39)
260 2280 460 2324 Θαυμάζω,
486 2281 664 2325 ὀνομάζω,
691 2279 865 2325 χειμάζω.
924 2280 1091 2313 Similiter
1121 2280 1275 2318 ἱκμαίνω
1303 2279 1436 2319 -άζω,
1464 2292 1545 2325 περ·

71 2338 183 2370 maium
209 2334 336 2375 -cigm,
363 2324 544 2380 λιχμαίνω
569 2336 695 2377 -άζω,
713 2337 864 2368 imarum
882 2334 1009 2374 -άζω,
1037 2337 1218 2378 καριαίνω
1247 2335 1375 2375 -άζιι),
1400 2333 1545 2379 ursatum

73 2390 200 2431 -άζω,
231 2393 410 2434 (Ῑοιβαίνω
435 2391 563 2432 -άζοῃ
592 2393 781 2436 &fannium
808 2389 922 2430 -άζω
947 2401 978 2424 v.
1005 2391 1048 2424 ad
1074 2391 1264 2424 Buttmann.
1291 2392 1312 2424 1.
1339 2401 1368 2424 c.

160 2451 220 2495 40)
251 2451 394 2484 Ἰαιίἐιν
433 2452 471 2485 τὸ
511 2452 658 2497 διαχεῖν
691 2455 725 2487 et
759 2452 888 2483 ἰαίιέιν
924 2451 960 2484 τὸ
1000 2451 1134 2494 χολοῧν
1164 2452 1223 2493 (ab
1251 2449 1320 2495 ἰός)
1355 2454 1390 2486 et
1416 2450 1545 2482 ἰᾶσθαι

73 2509 229 2551 quamvis
264 2506 400 2541 diversa
435 2508 597 2551 prosodia
629 2512 741 2542 tamen
777 2511 923 2550 cognata
946 2506 1105 2541 videntur
1138 2511 1171 2541 et
1205 2508 1294 2541 inter
1327 2515 1366 2541 Se
1402 2509 1437 2541 et
1469 2515 1545 2539 cum

74 2563 238 2599 διαίνειν,
267 2564 364 2605 cujus
390 2572 612 2606 synonymum
632 2561 829 2606 καιάρδειν
848 2561 1041 2604 Hesychius
1064 2562 1304 2605 interpretatur
1322 2559 1544 2606 εὐφραίνειν.

71 2616 276 2660 Eodemque
302 2617 445 2653 tendere
468 2618 627 2653 videntur
646 2619 804 2650 ἷθαίνειν
827 2621 861 2651 et
878 2616 1066 2659 χλιαίνειν.
1115 2619 1291 2660 ,nugacium
1318 2615 1371 2658 [ut
1388 2616 1543 2659 marceo)

71 2672 145 2707 EM.
172 2672 226 2715 76,
251 2670 306 2707 22.
333 2673 558 2717 probabiliter
591 2683 610 2708 a
635 2674 756 2717 μαίρω
783 2673 919 2715 repetit.
978 2671 1172 2716 Δαρδαίνει
1204 2670 1351 2714 μολύνει
1385 2671 1467 2706 Hes.
1501 2670 1543 2705 ad

70 2726 167 2771 ἄρδις
195 2728 368 2770 pertinere
396 2728 542 2763 videtur.
