1731 3021
169 140 229 183 26
625 130 1084 176 ⁴DISSERTATIO
1127 131 1154 171 1.

168 251 210 290 et
246 258 343 289 mea
371 246 523 287 mulier
560 245 689 286 Plaut.
729 244 827 285 Cist.
857 242 920 283 IV.
949 241 988 295 2,
1018 240 1082 283 57.
1124 243 1260 281 tamen
1298 237 1441 279 eodem
1479 238 1642 278 nomine

165 318 380 365 utrumque
414 322 557 352 sexum
596 310 806 351 deelarant
844 307 1005 361 addito,
1045 306 1114 347 ubi
1146 305 1335 346 feminam
1362 302 1534 355 intelligi
1563 313 1644 343 vo-

164 380 273 432 lunt,
303 377 489 420 articulo.
545 376 720 418 Nomina
757 385 862 428 quae
902 372 1228 415 terminationem
1267 369 1644 411 characteristioam

165 445 329 498 habent,
360 448 461 485 nota
497 442 568 483 illa
604 452 688 482 non
716 441 898 492 indigent
937 438 1010 480 sed
1040 438 1252 478 asciscunt
1282 439 1416 476 tamen
1443 434 1645 476 interdum

165 510 344 564 (παίδων
371 507 442 551 καὶ
460 504 649 562 ἀῤῥένων
668 505 757 559 καὶ)
789 506 969 560 θηλειῶν
986 504 1123 557 κορῶν
1142 503 1243 543 Plat.
1262 502 1384 553 Legg.
1404 501 1468 542 Vl.
1487 500 1577 542 764.
1598 500 1644 541 D.

164 574 289 631 κόρος
316 573 448 629 ἄοσην
474 575 569 616 Eur.
589 572 714 615 Andr.
733 572 797 614 24.
826 573 1015 624 γυναῖκες
1043 567 1207 623 θηλειαι
1237 568 1371 610 Orest.
1404 565 1521 608 1205.
1552 565 1648 618 qui-

166 654 257 685 eum
295 641 536 683 Eustathius
569 639 661 692 727,
689 639 753 680 32.
794 637 1005 679 contendit
1041 636 1289 676 homericum
1326 629 1550 685 θηλύτεραι
1576 645 1648 683 γυ-

165 713 314 759 ναῖκες,
347 707 538 748 dubitans
569 709 705 745 tamen
735 714 931 745 sexumne
962 702 1163 754 significet
1193 711 1245 740 an
1275 699 1524 751 qualitatem.
1573 697 1648 738 Hie

167 780 303 816 autem
331 784 383 814 ne
412 771 511 812 illud
542 770 702 822 quidem
732 768 841 821 quod
862 768 1153 809 admoneamus
1176 766 1383 818 indignum
1409 767 1485 817 est,
1517 762 1649 804 Grae-

166 852 240 882 eos
269 839 424 892 pariter
452 848 501 877 ae
529 836 737 876 Romanos
757 834 867 873 illam
894 844 1019 874 sexus
1041 832 1343 874 slmilitudinem
1363 829 1414 871 ad
1439 841 1488 870 ea
1507 832 1648 869 trans-

166 906 312 948 tulisse
352 913 458 956 quae
498 905 631 941 terrae
671 900 755 940 fetu
796 903 1086 978 prooreamtntur
1134 894 1254 951 κοινὴ
1291 898 1392 937 πᾶσι
1429 897 1533 949 (τοῖς
1561 890 1650 935 δέν-

166 973 296 1025 ὅροις)
327 963 510 1022 διαφορὰ
539 962 585 1006 τὸ
614 967 727 1019 θῆλυ
754 962 824 1005 καὶ
849 961 896 1005 τὸ
928 963 1065 1018 ἄῤῥεν,
1098 964 1157 1005 ὠν
1185 960 1232 1005 τὸ
1260 960 1333 1017 μὲν
1361 957 1649 1015 καρποφόρον,

166 1034 213 1079 τὸ
247 1034 290 1078 ὁὲ
319 1034 508 1087 ἄκαρπον
547 1032 748 1084 Theophr.
779 1031 825 1072 H.
856 1031 921 1085 ΙΙΙ,
950 1031 978 1073 8
1009 1031 1070 1085 (9)
1104 1030 1137 1073 1.
1176 1030 1365 1082 κρανείας
1401 1025 1450 1069 τὸ
1478 1025 1553 1081 μὲν
1580 1023 1651 1080 ἄῤ·
1710 1048 1712 1055 =

170 1103 265 1156 ῥεν,
303 1100 351 1143 τὸ
381 1097 424 1142 δὲ
452 1100 585 1153 θῆλυ,
626 1095 681 1152 ἠν
709 1095 779 1138 καὶ
806 1094 1114 1150 θηλυκράνειαν
1141 1097 1317 1137 καλοῦσι
1344 1095 1408 1137 ΙΧ.
1440 1093 1553 1148 12,1
1588 1092 1651 1144 (ut

168 1166 440 1223 θηλύπρινος,
468 1163 743 1219 θηλυπτερίς).
800 1163 982 1204 Achilles
1015 1163 1101 1204 Tat.
1131 1163 1158 1204 I.
1193 1162 1254 1204 17.
1285 1159 1449 1215 λέγουσι
1476 1156 1551 1200 τὸν
1577 1155 1652 1212 μὲν

169 1233 324 1288 α’ῤῥενα
350 1232 435 1274 τῶν
464 1231 681 1286 φοινίκων,
713 1225 788 1269 τὸν
812 1225 855 1269 δὲ
881 1226 1065 1283 θήλειαν.
1122 1229 1233 1270 Ε1111
1251 1228 1482 1281 plantarum
1501 1237 1652 1279 genere

168 1299 401 1351 λινόζωστις
429 1294 456 1352 ἡ
487 1295 621 1350 α’ρῤην
650 1296 790 1337 Dioso.
819 1295 921 1348 Eup.
951 1296 997 1337 ΙΙ.
1028 1295 1093 1349 99,
1125 1295 1216 1336 297.
1259 1291 1496 1346 πολύγονον
1526 1289 1653 1344 ἄῤῥεν

168 1392 224 1398 ——
251 1368 364 1421 θῆλυ
392 1366 455 1425 IV.
486 1364 523 1405 4.
555 1367 595 1404 et
626 1362 662 1404 5.
696 1358 948 1414 τιθύμαλλος
983 1358 1005 1402 ὁ
1036 1359 1170 1414 ἄῤῥην
1196 1359 1267 1401 καὶ
1295 1355 1318 1401 ὁ
1347 1360 1482 1408 θῆλυς
1513 1358 1651 1400 Galen.

169 1433 274 1476 Med.
314 1433 452 1484 Temp.
481 1430 581 1471 VIII.
613 1428 674 1470 19.
707 1427 797 1469 142.
838 1429 880 1469 Τ.
911 1428 994 1469 XII.
1033 1440 1069 1469 v.
1107 1426 1316 1469 Bodaeum
1358 1426 1408 1467 ad
1448 1424 1651 1477 Theophr.

170 1512 208 1553 p.
239 1499 331 1541 772.
387 1498 544 1548 Hisque
573 1493 806 1535 nominibus
839 1493 982 1535 Graeci
1022 1494 1271 1545 distinguere
1311 1492 1447 1533 solent
1479 1491 1652 1532 arbores

171 1566 387 1608 silvestres
419 1573 574 1614 easque
605 1572 710 1613 quae
740 1571 764 1600 a
793 1559 922 1600 Plinio
953 1559 1052 1600 XVI.
1086 1559 1146 1600 19.
1177 1559 1421 1599 urbaniores
1451 1560 1653 1598 vocantur

174 1632 278 1685 quia
307 1630 453 1682 fructu
494 1629 571 1668 aut
610 1627 756 1679 aliqua
787 1625 884 1665 dote
915 1625 1142 1666 ltmnanius
1173 1626 1320 1665 vivunt
1358 1626 1481 1665 exuto
1511 1623 1652 1663 nativo

172 1697 325 1738 robore
366 1692 476 1746 quod
513 1692 609 1732 illae
646 1691 884 1731 indomitum
915 1694 1101 1731 servant:
1150 1686 1201 1730 τὰ
1231 1687 1353 1743 ἄγρια
1380 1691 1465 1730 τῶν
1489 1685 1654 1743 ἡμέρων

175 1758 435 1816 ἰσχυρότερα,
482 1753 608 1811 ἄχρὰς
646 1752 792 1807 ἀπίου,
837 1753 990 1809 ἐρινεός
1024 1757 1154 1810 συκῆς
1191 1755 1393 1808 Theophr.
1429 1756 1477 1797 H.
1507 1755 1570 1796 IV.
1602 1754 1653 1797 13

175 1829 264 1882 (14)
306 1827 340 1869 1.
381 1837 461 1878 (1110
495 1835 545 1864 ex
574 1823 667 1863 1000
700 1827 873 1875 apparet
903 1823 1008 1863 hane
1047 1822 1326 1863 diversitatem
1363 1832 1654 1874 nonnunquam

175 1895 297 1937 etiam
328 1890 610 1941 heteronymia
641 1889 889 1930 declaratam
921 1899 1028 1929 esse.
1088 1889 1157 1929 Sio
1190 1892 1229 1928 et
1260 1888 1475 1928 silvestres
1507 1888 1653 1929 fraxini

176 1960 364 2002 dicuntur
404 1957 498 1997 orm·
538 1955 748 1996 Columell.
792 1954 842 1995 de
878 1954 975 1995 Arb.
1007 1964 1039 1994 o.
1072 1953 1134 1995 16.
1171 1949 1324 2006 ῥάχους
1360 1954 1534 1994 καλοῦσι
1569 1955 1655 1995 πᾶν

176 2022 280 2067 ὅσον
306 2021 495 2074 ἄκαρπον
520 2019 677 2073 ἐλαίας,
722 2017 889 2061 κότινον
916 2017 986 2060 καὶ
1013 2019 1168 2072 φυλίαν
1195 2017 1263 2059 καὶ
1293 2017 1430 2060 ἔλαιον
1456 2020 1576 2062 Paus.
1606 2021 1653 2062 ΙΙ.

176 2092 243 2145 32,
273 2090 310 2132 9.
363 2090 450 2130 Neo
480 2100 573 2129 raro
606 2089 698 2129 solo
733 2086 1028 2127 terminationis
1058 2085 1174 2127 flexu.
1228 2083 1367 2133 Ἴωνες
1393 2082 1470 2139 τὴν
1500 2083 1654 2137 ἄῤῥενα

176 2155 247 2199 καὶ
276 2151 424 2208 ἀγρίαν
450 2151 589 2195 ἐλαίαν
618 2152 755 2194 ἔλαιον
783 2161 897 2204 φασι,
924 2146 1095 2191 Ἀττικοὶ
1123 2148 1166 2191 δὲ
1194 2148 1361 2192 κότινον
1388 2152 1504 2193 Eust.
1535 2151 1652 2205 1944,

177 2223 214 2265 8.
255 2226 294 2263 et
327 2221 388 2263 15.
429 2232 504 2274 pro
547 2232 628 2273 quo
669 2219 902 2272 Sophocles
944 2218 1086 2258 Traeh.
1120 2217 1235 2259 1197.
1276 2214 1409 2270 ἄρσην
1446 2214 1587 2270 ἄγριός
1619 2213 1651 2258 τ’

176 2287 309 2335 ἔλαιος
339 2287 450 2328 dixit.
507 2283 673 2338 ’Έρινος
711 2286 842 2326 σῦκον
869 2281 995 2336 ἄῤῥεν
1030 2283 1125 2324 HeS.
1163 2279 1226 2323 τὰ.
1253 2280 1375 2336 ἄγρια
1404 2284 1511 2324 σῦκα
1540 2281 1654 2336 ἔρινα

179 2357 358 2398 καλεῖται
385 2353 487 2395 Poll.
517 2353 544 2394 I.
575 2352 718 2394 24215
756 2361 861 2403 quae
890 2349 1113 2402 impolitior
1151 2352 1267 2389 aetas
1298 2344 1525 2402 ἀγριόσυκα
1554 2349 1653 2390 dixit

181 2531 223 2557 ex
258 2519 388 2554 Esdrae
413 2518 468 2552 IX.
497 2519 551 2554 40.
589 2516 660 2552 ἀπὸ
694 2514 890 2561 ἀνθρώπου
927 2515 993 2552 ἕως
1026 2512 1208 2559 γυναικός.
1267 2514 1310 2549 Et
1343 2514 1513 2551 Alexand.
1550 2515 1650 2550 Tl'all.

180 2576 236 2612 IV.
264 2575 341 2611 233.
369 2573 424 2609 ed.
453 2573 558 2608 Basil.
587 2573 630 2609 de
659 2574 840 2610 mulierum
866 2574 1042 2607 curatione
1068 2571 1230 2615 loquutus
1257 2570 1353 2605 addit
1377 2570 1482 2604 τοῦτο
1509 2571 1570 2604 καὶ
1595 2570 1654 2604 ἐπὶ

182 2628 379 2675 ἀνθρώπου
405 2627 464 2661 δεῖ
485 2632 615 2662 ποιεῖν.

274 2683 332 2726 15)
358 2680 489 2716 Ῥίνεαι
516 2684 555 2717 αἱ
580 2684 750 2727 μέλαιναι
777 2683 926 2730 ἰσχάδες
949 2682 1099 2727 Hesych.
1126 2682 1229 2718 scrib.
1255 2680 1399 2726 ἐρίνεαι.
