1731 3021
162 159 223 201 50
650 157 1085 202 DISSERTATIO
1128 158 1157 200 Ι.

386 266 512 321 Εἴαρι
540 265 610 308 καὶ
637 265 844 324 τρήρωνες
870 266 1092 310 ἐπιθύουσι
1120 268 1307 319 πελείαις,
1370 296 1374 298 ἡ

386 334 533 387 ταῦροι
562 329 602 373 δ’
625 330 848 388 ἀγροτέρας
875 333 940 376 ἐπὶ
965 333 1138 389 πόρτιας
1168 331 1423 387 ὁρμαίνουσι.

387 398 456 439 καὶ
484 397 634 454 κάπροι
661 399 877 455 πυρόεντες
906 399 1175 455 ἐποχμάζουσι
1204 397 1347 440 σύεσσι

387 464 457 506 καὶ
484 467 649 519 χίμαροι
678 469 866 522 λασίῃσιν
893 465 1165 521 ἐφιππεύουσι
1192 466 1395 519 χιμαίραις

167 544 247 585 quo
280 532 373 572 loco
399 544 519 584 quum
548 533 725 585 effugere
751 546 835 575 non
864 538 1011 586 posset
1041 534 1139 586 quin
1168 533 1384 574 columbos
1415 536 1455 573 et
1485 531 1647 573 colum-

167 599 243 639 bas
275 599 513 639 nominatim
544 599 833 653 distingueret,
879 600 1082 641 vocabula
1112 600 1153 639 in
1183 599 1304 638 alium
1330 609 1451 638 usum
1481 602 1646 650 reperta

170 664 376 704 transtulit
416 664 466 704 ad
506 676 660 706 sexum.
718 667 915 717 Soletque
953 666 1033 705 hoo
1069 665 1331 717 polyonymis
1370 663 1559 704 accidere
1602 668 1646 704 ut

167 741 242 782 pro
281 731 533 770 necessitate
562 731 826 770 scribentium
856 732 1064 771 varIentur
1095 731 1201 771 sicut
1230 727 1325 782 φάψ
1355 734 1394 770 et
1422 727 1565 783 φάσσα
1595 730 1646 772 cf.

168 795 329 847 Gloger.
369 795 419 835 de
450 796 593 836 avibus
625 796 675 836 ab
705 796 878 837 Aristot.
909 807 1169 838 commemor.
1205 808 1242 848 p.
1270 797 1335 837 47.
1365 791 1577 849 περιστερά
1606 799 1648 836 et

165 859 311 900 πέλεια.
368 861 454 901 Nec
485 861 618 901 solum
657 861 699 900 in
736 861 815 901 hoc
853 872 1028 914 genere,
1067 861 1140 903 sed
1172 863 1293 902 etiam
1325 860 1447 914 δρῦς,
1486 863 1644 913 πρῖνος,

166 923 311 980 φηγός,
340 926 463 966 modo
494 927 600 967 hanc
629 926 751 967 modo
779 926 889 967 illam
915 926 1180 969 differentiam
1200 928 1430 979 significant
1451 940 1487 969 v.
1508 927 1649 969 Schol.

166 992 254 1033 Nic.
279 992 396 1032 Ther.
414 992 507 1033 411.
533 997 573 1033 et
603 1004 893 1044 nonnunquam
923 994 1074 1034 nullam
1104 994 1178 1034 sed
1206 1005 1337 1045 genus
1366 994 1513 1046 ipsum.
1559 993 1646 1033 Ve-

166 1070 253 1099 rum
282 1058 385 1098 haec
416 1069 512 1109 pars
544 1058 834 1110 disputationis
863 1063 1033 1099 nostrae
1057 1058 1250 1100 absoluta
1279 1060 1355 1100 erit
1386 1060 1421 1101 si
1450 1058 1646 1100 addidero

166 1124 388 1164 intestinae
418 1125 613 1164 motionis
645 1124 873 1176 exemplum
904 1125 954 1164 ab
984 1126 1160 1177 Apione,
1193 1130 1236 1165 ut
1264 1125 1446 1178 videtur,
1484 1125 1550 1165 vel
1577 1126 1647 1165 in-

167 1195 331 1231 ventum
360 1189 426 1229 vel
450 1191 704 1230 ementitum:
740 1185 893 1230 Ἀπίων
913 1187 1114 1241 πάρδαλιν
1132 1189 1206 1244 μὲν
1224 1188 1271 1232 τὸ
1293 1186 1509 1244 ἀρσενικὸν
1527 1186 1645 1237 εἶναι,

166 1253 370 1308 πάρδαλιν
398 1253 441 1295 δὲ
467 1253 543 1308 τὴν
571 1253 745 1308 θήλειαν
762 1256 955 1308 Apollon.
976 1257 1071 1299 Lex.
1103 1258 1241 1298 addita
1268 1258 1409 1309 inepta
1438 1258 1647 1309 etymolo-

165 1323 232 1373 gia
263 1334 287 1362 a
314 1319 594 1373 παράλλεσθαι
623 1326 659 1362 et
691 1320 979 1375 προάλλεσθαι.
1037 1324 1117 1364 Alii
1142 1324 1251 1364 illam
1274 1325 1444 1364 formam
1464 1324 1646 1377 IonibuS,

168 1389 272 1429 lianc
301 1389 450 1428 Atticis
483 1388 696 1438 assignant
726 1401 762 1430 v,
794 1390 997 1441 Spitzner.
1027 1388 1078 1429 ad
1108 1389 1150 1430 Il.
1179 1389 1281 1430 XIII.
1315 1388 1404 1431 103.

277 1474 316 1517 ἓ.
351 1468 412 1510 14.
470 1470 665 1510 Motionis
705 1471 869 1521 species
909 1471 1039 1511 altera
1078 1470 1256 1523 pertinet
1295 1470 1346 1511 ad
1375 1471 1645 1522 quantitatem

166 1535 230 1575 vel
261 1534 487 1587 augendam
526 1535 591 1575 vel
623 1535 892 1577 minuendam.
949 1537 1097 1577 Verum
1136 1535 1334 1587 augendis
1371 1537 1495 1578 rebus
1533 1537 1644 1577 nulla

166 1602 335 1653 propria
364 1602 494 1641 forma
521 1601 687 1641 inventa
718 1605 782 1642 est
812 1601 898 1655 sed,
929 1602 963 1642 si
986 1613 1052 1642 res
1079 1602 1228 1655 poscit,
1260 1601 1310 1643 ad
1334 1602 1548 1654 synthesin
1567 1602 1645 1644 de-

167 1668 342 1707 curritur
371 1663 546 1719 βούπαις
576 1662 598 1706 ὁ
618 1664 742 1719 μέγας
769 1669 866 1714 παῖς
896 1668 1080 1708 Ammon.
1110 1672 1154 1707 ut
1183 1664 1297 1719 βόεια
1326 1665 1488 1720 ῥήματα
1516 1679 1643 1720 prae-

166 1732 336 1783 grandia
365 1732 473 1784 apud
505 1733 824 1784 Aristophanem
852 1733 980 1773 Rann.
1011 1732 1101 1774 924.
1136 1746 1171 1774 V.
1201 1732 1304 1773 Adn.
1334 1732 1398 1775 63.
1428 1730 1644 1786 βουλάπα-

164 1800 268 1849 θον,
316 1794 639 1851 ἱππομάραθρον
667 1795 735 1838 διὰ
768 1794 815 1838 τὸ
843 1795 1017 1850 μέγεθος
1056 1795 1166 1839 οὕτω
1203 1799 1378 1839 καλοῦσι
1414 1798 1552 1841 Galen.
1592 1799 1644 1841 de

167 1864 306 1915 Simpl.
339 1865 475 1915 Temp.
506 1864 585 1904 VII.
619 1863 681 1917 12,
712 1863 776 1905 68.
808 1865 850 1905 T.
879 1864 962 1905 XII.
981 1864 1016 1890 ⁵⁷
1053 1865 1200 1916 quibus
1235 1876 1340 1916 quae
1381 1865 1644 1906 Scholiastae

165 1927 216 1968 ad
238 1928 363 1980 Soph.
385 1929 448 1980 Aj.
472 1928 561 1970 143.
592 1929 685 1970 Eur.
716 1929 896 1970 Phoenn.
925 1929 990 1971 28.
1020 1929 1265 1984 adjungunt,
1303 1941 1477 1982 prorsus
1507 1930 1642 1972 aliena

166 1997 260 2033 sunt
291 1994 339 2035 cf.
367 1993 513 2035 Parall.
535 1994 627 2036 373.
659 1998 870 2046 totumque
901 1995 981 2035 hoc
1010 2006 1139 2046 genus
1168 1996 1422 2048 intentionis,
1453 1995 1517 2035 cui
1536 1994 1641 2043 λαίς-

163 2070 258 2105 παις
287 2069 452 2110 quoque
489 2059 697 2113 adJicitur,
741 2061 910 2112 politior
940 2071 1075 2101 sermo
1106 2060 1295 2102 declinat.
1351 2061 1494 2113 Neque
1522 2075 1642 2114 μεγα-

162 2121 413 2177 λοσοφιστής
442 2129 482 2165 et
511 2123 790 2179 μεγαλοκήρυξ
820 2126 874 2178 (v.
898 2126 1046 2176 Phryn.
1077 2126 1169 2168 600.
1205 2130 1245 2167 et
1275 2126 1386 2178 660.)
1425 2127 1491 2167 hio
1521 2138 1640 2168 com—

162 2190 425 2231 memoranda
460 2190 650 2233 ducerem
680 2193 759 2232 nisi
797 2192 889 2231 avia
919 2191 1123 2231 diceretur
1151 2188 1434 2245 μεγαλομήτηρ
1462 2192 1640 2244 Hesych.

163 2255 224 2294 sic
262 2260 305 2295 ut
341 2257 382 2296 in
418 2262 564 2297 nostra
601 2258 738 2309 lingua
776 2257 950 2309 aliisque
987 2262 1152 2309 praeter
1189 2269 1422 2309 romanam3
1466 2268 1560 2298 nam
1597 2258 1638 2299 hi

162 2325 364 2372 cognatos
394 2325 596 2376 majores,
641 2334 746 2375 quos
787 2324 955 2375 proprio
986 2324 1150 2363 nomine
1181 2323 1390 2375 appellare
1418 2335 1502 2364 non
1531 2334 1639 2375 pos-

162 2390 277 2439 sunt,
318 2388 528 2439 parathesi
569 2388 759 2441 adjectivi
800 2392 882 2429 tum
921 2389 1100 2430 absoluti
1132 2393 1213 2430 tum
1254 2399 1328 2441 per
1356 2388 1507 2441 gradus
1537 2389 1637 2429 moti

247 2550 307 2592 57)
334 2549 637 2597 Ἰπῖῑυμάριιθρον
669 2553 764 2585 ἔστιν
798 2555 881 2590 ἴσως
916 2553 953 2587 τὸ
993 2553 1032 2586 ἓν
1065 2553 1108 2597 η’]
1141 2554 1316 2595 συνηθείᾳ
1351 2551 1636 2597 ἀγριομάραθον

161 2603 292 2639 Coi-aes
324 2607 371 2640 ait
403 2607 444 2640 ad
478 2607 589 2641 Strab.
615 2618 647 2651 p.
675 2608 750 2644 355.
786 2608 964 2644 Silvestria
1001 2611 1130 2653 quippe
1166 2609 1285 2643 sativis
1318 2607 1513 2642 robustiora
1543 2612 1631 2643 sunt.

151 2656 445 2697 Ἵππυλάπαθον,
479 2662 572 2705 quod
597 2663 704 2698 hodie
731 2663 1011 2708 ιἰγριολάηαθον
1035 2668 1192 2705 vocatur,
1228 2663 1358 2697 Plinius
1383 2664 1493 2697 sativo
1524 2665 1634 2706 majus

160 2713 253 2746 dicit.
