1699 3021
331 160 398 202 DE
430 158 719 203 NOMINIBUS
748 159 803 201 IN
828 158 856 212 ρ
877 157 1222 202 EXEUNTIBUS.
1253 164 1291 209 §.
1313 161 1347 203 1.
1483 162 1573 205 255

99 268 318 324 κύσσαρος,
351 270 402 312 ab
433 267 524 324 ἕτης
550 267 701 322 ἕταρος.
760 268 842 312 Sed
870 272 1025 310 mutata
1053 268 1244 321 primitivi
1273 269 1571 322 significatione

99 337 248 389 οἴναρα
275 333 327 376 τὰ
354 337 427 389 τῆς
456 331 640 387 ἀμπέλου
667 332 804 386 φύλλα
834 334 971 377 Schol.
1001 333 1088 375 Nic.
1117 334 1180 375 Al.
1210 334 1274 377 55.
1305 335 1356 376 ab
1387 336 1479 390 οἵνη
1502 337 1568 378 vel

99 397 223 452 οἶνος,
253 398 430 453 τύλαρος
459 399 481 442 ὁ
511 399 718 454 μάνδαλος
747 411 770 440 a
797 396 937 449 τύλος,
969 411 993 440 a
1022 396 1099 452 χέω
1128 402 1244 453 χεῖμα
1270 402 1458 454 χείμαρος
1487 402 1567 443 oh-

99 472 367 509 turamentum
400 469 555 509 susorii.
616 467 852 507 Ceterorum
889 466 1048 506 notatio
1086 466 1318 518 impeditior
1348 472 1432 521 est,
1472 472 1566 508 ten-

96 538 183 574 tat-a
214 538 347 574 tamen
375 533 438 574 vel
467 534 530 573 his
559 532 623 573 vel
653 532 800 584 priscis
830 530 994 571 seculis.
1050 530 1248 583 Λαπαρός
1268 530 1469 586 (λαπάρα)
1498 534 1567 573 λα-

96 595 222 652 γαρός
253 595 424 652 (λαγών)
458 598 634 639 Galenus
667 597 817 638 Comm.
848 597 892 637 II.
923 597 962 636 in
991 597 1079 639 libr.
1110 598 1159 639 de
1191 599 1294 640 offic.
1325 609 1359 639 e.
1383 599 1445 640 15.
1472 598 1564 641 762.

97 666 141 706 -Τ,
180 665 315 705 XVIII.
354 665 395 705 P.
426 665 470 705 II.
510 668 550 704 et
588 663 655 704 alii
686 674 774 703 oum
812 659 987 711 λαπάξαι
1023 661 1070 704 τὸ
1107 665 1282 705 κενῶσαι
1321 665 1566 706 consociant

96 730 267 770 ulterius
298 740 380 770 non
412 729 642 781 progressi3
672 739 803 780 neque
826 728 930 768 enim
959 739 1132 780 graecus
1161 741 1297 772 sermo
1321 731 1565 782 primitivum

98 796 220 836 habet
258 796 388 836 simile
431 795 567 835 latinis
607 793 767 845 flaccus
808 793 934 834 lasus
972 799 1012 834 et
1052 797 1286 846 germanico
1325 797 1444 848 capp,
1482 796 1563 836 nisi

97 861 287 913 lapathus
316 865 356 900 et
386 861 558 912 lapsana
587 869 734 899 nomen
765 858 815 898 ab
847 870 895 899 eo
928 859 1077 901 habent
1110 861 1219 913 quod
1247 861 1380 902 alvum
1407 861 1563 902 leniunt

97 931 137 967 et
166 926 373 976 molliunt3
411 927 471 966 sie
502 927 606 966 enim
637 924 686 965 de
706 928 878 976 utraque
909 925 1070 967 tradunt
1099 927 1251 968 Plinius
1277 930 1316 968 et
1345 927 1564 968 Dioscori-

96 991 182 1032 des.
239 988 470 1043 Μάργαρος
500 996 539 1031 et
567 988 780 1043 μάργαρον
808 991 1046 1031 Eustatliius
1075 991 1168 1045 853,
1196 992 1259 1033 49.
1282 993 1408 1034 verbo
1427 993 1561 1047 μαίρω

95 1056 286 1097 adnectit.
344 1054 564 1108 Κάρχαρος
593 1057 627 1096 si
658 1068 680 1096 a
710 1054 900 1108 χαράσοω
942 1057 1072 1096 extitit
1112 1057 1365 1109 reduplicata
1403 1059 1564 1110 syllaba

96 1123 225 1175 prima
255 1127 297 1162 ut
331 1122 380 1162 ab
413 1123 498 1163 EM.
530 1122 717 1162 traditum
749 1127 812 1163 est
841 1134 878 1174 p.
907 1121 1000 1174 493,
1031 1122 1067 1162 5.
1097 1126 1137 1162 et
1167 1123 1459 1174 comprobatur
1489 1135 1564 1166 ac-

97 1187 263 1240 centu,⁷
302 1188 353 1228 ad
391 1188 430 1229 id
470 1187 579 1240 quod
609 1188 741 1238 agitur
775 1188 874 1228 nihil
913 1187 1107 1240 perfluet,
1145 1187 1358 1239 plurimum
1398 1200 1496 1230 vero
1528 1191 1564 1231 si

94 1253 164 1293 illa
194 1253 353 1304 syllaba
381 1254 548 1306 stIrpem
580 1254 760 1293 continet
791 1258 834 1293 ut
862 1253 903 1293 in
933 1252 1118 1293 affinibus
1148 1250 1310 1305 καρκώ,
1341 1251 1564 1309 καρχώδης,

95 1315 236 1370 κέρχω.
295 1315 518 1369 Κάνδαρος
546 1315 707 1369 ἄνθραξ
735 1319 934 1359 Martinus
975 1319 1016 1358 in
1044 1318 1130 1360 EM.
1160 1319 1268 1360 haud
1294 1320 1484 1361 incallide
1514 1322 1564 1363 ad

95 1384 199 1425 καίω
237 1395 370 1425 canus
401 1384 561 1425 candeo
600 1384 784 1436 reducit3
820 1381 1033 1436 κάνθαρος
1061 1384 1216 1425 Coraes
1247 1385 1298 1425 ab
1329 1386 1432 1428 Plut.
1462 1388 1565 1429 Sto-

96 1449 248 1490 ehasm.
281 1449 323 1490 T.
354 1449 416 1491 Ill.
448 1450 511 1491 76.
542 1449 592 1490 ab
625 1461 674 1490 eo
707 1449 856 1491 dietum
887 1454 1029 1491 censet
1059 1450 1168 1502 quod
1188 1451 1229 1491 In
1258 1456 1444 1494 stercore
1476 1454 1566 1495 asi-

95 1526 239 1556 norum
275 1520 464 1555 versetur
501 1516 567 1567 qui
616 1512 831 1563 κάνθωνες
874 1517 1135 1556 nominantur
1182 1523 1222 1558 et
1262 1515 1483 1572 κανθήλιοι
1528 1532 1565 1562 v.

97 1580 235 1621 Schol.
266 1581 363 1621 Veii.
396 1580 446 1621 ad
476 1582 601 1623 Arist.
631 1581 723 1622 Pae.
756 1581 821 1623 81.
853 1581 1035 1633 Squillae
1066 1593 1214 1624 nomen
1246 1580 1448 1636 κύλλαρος
1477 1586 1565 1627 sive

96 1643 322 1696 σκύλλαρος
353 1646 626 1687 Schneiderus
657 1648 697 1686 in
727 1647 821 1687 Lex.
859 1648 1152 1698 interpretatur
1184 1654 1316 1691 testae
1355 1656 1564 1703 expertem

98 1715 138 1751 et
167 1711 284 1762 quasi
313 1707 573 1762 ἐσκυλμένοι),
604 1711 677 1751 sed
707 1711 757 1752 ad
786 1713 958 1752 Aristot.
991 1713 1032 1753 T.
1062 1713 1126 1754 IIl.
1156 1714 1248 1756 211.
1280 1715 1331 1755 ab
1360 1716 1564 1769 inaequa-

95 1776 209 1816 litate
239 1775 498 1816 braohiorum
529 1775 678 1816 dictum
705 1781 819 1828 putat.
849 1778 967 1829 quasi
1003 1775 1164 1818 κυλλόν.
1226 1776 1421 1833 Κόμαρος
1458 1782 1565 1824 unde

97 1841 321 1882 derivatum
353 1841 406 1881 sit
437 1843 666 1893 significare
697 1842 856 1883 videtur
885 1842 1114 1894 Hesycluus
1146 1843 1347 1900 Κύμαρος
1383 1844 1565 1901 κόμαρος

95 1904 329 1959 βόστρυχος.
393 1904 547 1960 Ἀμάρα
583 1909 762 1949 sortasse
802 1920 825 1948 a
854 1905 1037 1960 καμάρα,
1078 1911 1157 1951 hoe
1195 1922 1219 1952 a
1257 1909 1427 1965 κάμπτω
1457 1914 1564 1956 unde

94 1970 295 2025 κάμπτρα,
326 1970 483 2025 κάμψα,
516 1975 694 2015 camella
725 1979 764 2015 et
795 1975 1127 2026 francogallieum
1166 1978 1360 2020 cambrer
1396 1980 1444 2021 ef.
1477 1980 1564 2022 Co·-

95 2051 188 2080 raes
220 2039 270 2080 ad
302 2039 436 2080 Strab.
470 2039 561 2080 235.
614 2040 735 2080 Verbi
764 2041 1013 2093 βατταρίζειν
1050 2046 1173 2093 eaput
1203 2046 1266 2083 est
1296 2055 1424 2086 sonus
1455 2047 1564 2086 essu-

95 2105 214 2145 tieius
246 2104 338 2155 bat,
380 2104 485 2145 unde
526 2105 756 2147 butubatta
792 2111 832 2147 et
870 2108 1121 2160 βαττολογία.
1180 2108 1260 2149 Sed
1290 2110 1441 2151 nullum
1472 2111 1564 2152 adi-

96 2174 177 2211 tum
218 2171 416 2223 praebent
452 2168 652 2222 κύναρος,
691 2172 891 2224 νίγλαρος,
923 2173 1161 2226 σκίνὸαρος,
1191 2174 1372 2227 χίμαρος,
1402 2173 1562 2229 ἐσχάρα,

92 2234 270 2289 κιθάρα,
301 2233 462 2288 κινάρα,
503 2238 612 2278 ete.8
667 2237 727 2278 Ex
766 2238 1019 2280 neutralibus
1064 2240 1267 2281 suffieIunt
1306 2237 1483 2295 μέγαρον
1523 2248 1563 2284 et

182 2421 219 2463 7)
249 2420 299 2454 Tc?
324 2422 375 2459 εἷς
400 2414 443 2460 ο-ς·
465 2423 612 2468 τριγενῆ
635 2423 894 2469 παραλῆγοντα
919 2427 969 2470 τῷ
1001 2420 1033 2459 α’
1058 2428 1120 2459 καὶ
1152 2428 1283 2471 ἔχοντα
1320 2428 1360 2462 ἐν
1390 2429 1434 2474 τῇ
1465 2433 1562 2476 τρίτῃ

94 2475 164 2508 ἀπὸ
191 2476 308 2513 τέλους
334 2476 370 2510 τὸ
397 2469 426 2512 α-
445 2478 619 2517 ὀξῦνεται,
644 2480 833 2524 μαδαρός,
857 2482 1060 2527 πλαδαρός,
1087 2482 1234 2527 ἁγανός·
1260 2487 1498 2527 σεσημείωται
1522 2486 1561 2520 τὸ

93 2530 299 2574 κάρχαχος·
332 2532 370 2566 τὸ
394 2534 465 2578 γὰρ
490 2535 552 2568 διὰ
576 2535 639 2569 τοῦ
664 2549 751 2580 «90,-
775 2536 922 2581 ὡςπερεὶ
957 2537 1292 2581 δεδιπλασιασμένα
1326 2539 1559 2585 βαρύνονται,

91 2585 299 2630 μάρμαρος,
327 2587 528 2635 Γάργαρος,
553 2590 749 2637 Τάρταρος,
774 2592 969 2638 βάρβαρος,
997 2593 1184 2639 κάρχαρος
1209 2593 1321 2631 Cram.
1347 2595 1373 2630 1.
1399 2597 1453 2633 55.

179 2648 218 2689 8)
243 2647 391 2690 llesych.
420 2649 584 2695 Κόβαρος
608 2652 823 2697 ἅνθρωπος,
857 2653 915 2687 ubi
952 2654 1110 2689 homines
1143 2658 1177 2690 et
1213 2656 1318 2698 asini,
1356 2660 1392 2691 ut
1429 2658 1463 2691 in
1490 2659 1559 2693 vita

92 2701 293 2746 quotidiana
325 2713 433 2749 saepe
468 2706 523 2749 lit,
556 2708 643 2744 inter
676 2717 716 2744 se
753 2711 949 2744 commutati
981 2709 1149 2746 videntur.
1198 2709 1333 2746 Etenim
1367 2713 1425 2755 qui
1453 2713 1558 2747 latine
