1731 3021
117 156 202 200 1218
590 154 1026 198 DISSERTATIO
1079 155 1122 196 11.

117 270 182 308 est
209 265 389 308 conditio
421 269 464 308 ut
489 265 666 319 judicari
695 276 779 306 non
809 265 945 317 possit
976 268 1108 304 utrum
1133 264 1311 316 longiori
1339 265 1433 306 vooi
1463 263 1601 306 addita

117 335 171 376 sit
201 333 361 385 syllaba
391 344 442 373 an
472 333 651 374 breviori
682 331 878 372 detracta.
936 329 1091 370 Deinde
1123 330 1391 383 appellativa:
1423 327 1600 379 ἀκανθίς

119 405 159 442 et
182 396 411 447 ἀκαλανθίς
439 400 652 440 carduelis
675 393 757 438 ἀπὸ
785 397 870 436 τῶν
899 392 1100 436 ἀκανθῶν
1131 398 1232 448 (suia
1260 398 1394 448 spinis
1427 399 1468 437 et
1496 409 1600 439 car-

119 468 214 508 duis
248 466 600 519 pascimuserv.
641 463 691 505 ad
734 462 801 504 Ge.
839 462 903 503 ΙΙΙ.
934 461 1027 503 338.
1065 458 1219 514 κόμβος
1258 459 1466 515 κόσυμβος
1502 464 1598 505 Η65.

119 534 185 575 cui
224 531 382 573 accedit
419 531 506 573 EM.
543 530 636 583 311,
675 529 711 571 3.
750 525 995 581 ἐγκόμβωμα
1032 524 1187 581 λέγεται
1224 523 1324 581 παρ’
1363 524 1600 582 Ἀθηναίοις

117 597 333 653 ὄχθοιβος,
376 593 459 637 ὑπὸ
498 593 541 636 δὲ
571 592 707 636 ἄλλων
735 591 923 647 κοσύμβη
953 594 992 634 id
1023 599 1087 635 est
1116 594 1248 636 nodus
1278 594 1401 635 fibula
1429 606 1466 635 v.
1501 595 1599 637 Sal-

115 677 216 707 mas.
248 664 298 705 ad
328 664 494 715 Vopiso.
525 662 570 702 V.
599 661 736 702 Aurel.
768 660 884 701 o.4ss.
915 672 952 712 p.
977 660 1071 702 566.
1099 660 1136 701 b.
1159 657 1293 713 κόμβη
1312 657 1477 714 κορώνη
1500 660 1597 703 Η65.

117 743 166 773 ea
186 730 377 771 videlieet
400 739 519 780 quam
536 727 738 768 Homerus
759 726 940 778 εἰναλίην
966 723 1160 778 κορώνην
1188 730 1312 766 vocat
1339 725 1380 766 id
1405 729 1469 766 est
1485 736 1598 767 mer-

113 810 207 851 gum
239 797 303 837 vel
333 795 494 836 fulicam
525 793 699 832 αἴθυιαν
727 791 954 844 κολυμβίδα
984 791 1034 831 ab
1063 792 1191 831 Arato
1223 791 1384 845 dietam,
1413 803 1495 844 quo
1520 792 1598 833 ad-

114 864 297 905 ducimur
326 857 459 913 κόμβη
490 863 530 900 et
560 857 749 900 columba
777 868 928 898 nomen
955 856 1061 897 idem
1091 868 1209 908 esse;
1239 859 1377 905 κοῖλος
1406 861 1446 898 et
1468 855 1597 899 κότι-

111 932 182 977 λος
222 929 324 981 (πᾶν
360 923 407 967 τὸ
436 927 578 966 κοῖλον
606 920 787 976 κοτύλην
815 919 1006 975 λέγουσιν
1033 923 1120 964 ΕΜ.
1151 923 1244 977 533,
1278 923 1358 975 11.)
1399 920 1519 977 ὅβρια
1555 930 1595 966 et

113 992 311 1050 ὀβρίκαλα
339 1005 376 1033 v,
405 992 576 1052 Jacob—sL
599 990 650 1031 ad
679 989 765 1030 Ael.
798 1001 834 1041 p.
865 989 957 1031 278.
994 985 1169 1041 ὄβρυζον
1201 994 1240 1030 et
1269 985 1516 1052 ὀλόβρυὲον,
1557 991 1595 1031 Si

112 1063 249 1116 placet
288 1058 488 1110 syllabam
526 1059 573 1097 λο
612 1056 899 1107 interpositam
940 1056 1079 1106 potius
1110 1067 1205 1095 esse
1245 1067 1365 1107 quam
1395 1059 1443 1096 ολ
1469 1068 1596 1108 prae—

111 1127 347 1183 positam.22
397 1120 630 1176 Ὀλοφώιος
658 1121 893 1162 Nitzsoliius
926 1120 976 1160 ad
1007 1120 1155 1171 Odyss
1187 1121 1248 1161 lV.
1279 1121 1371 1161 410.
1403 1127 1442 1162 et
1471 1126 1594 1163 vete-

110 1206 199 1236 rum
236 1191 421 1233 nonnulli
452 1189 725 1241 compositum
756 1198 851 1227 esse
883 1190 1050 1239 putant,
1089 1186 1184 1225 milii
1215 1197 1265 1226 ex
1295 1181 1416 1235 ὀλοός
1443 1183 1595 1236 ὀλοίιος

111 1260 362 1315 prolatatum
391 1255 618 1308 videbatur,
650 1254 727 1294 etsi
757 1253 969 1303 distinguit
992 1251 1128 1292 Soliol.
1150 1252 1236 1292 Nic.
1261 1253 1330 1294 Th.
1349 1265 1384 1295 v.
1411 1255 1445 1296 1.
1494 1256 1593 1295 Tum

111 1327 257 1368 verba:
278 1321 386 1377 ἐρύω
411 1317 581 1374 ἐρητύω,
599 1315 797 1360 κλωπεύω
816 1316 971 1359 κλέπτω
993 1315 1063 1358 καὶ
1082 1315 1333 1369 κλωπιτεύω,
1355 1317 1593 1362 κλοτοπεύω

110 1390 154 1434 δέ
175 1391 286 1434 Suid.
306 1389 510 1442 κοριῶυτα
525 1383 814 1439 γαυρούμενον
832 1385 927 1426 Η65.
949 1396 972 1424 a
990 1381 1115 1435 κόρος
1137 1385 1322 1438 forsitan,
1355 1390 1394 1427 et
1419 1398 1443 1427 a
1466 1397 1594 1439 para—

110 1469 219 1512 gogo
259 1451 445 1508 κορωνός
474 1453 666 1494 usitatius
700 1452 918 1504 κορωνιῶν
945 1451 1131 1503 γαυριών
1163 1451 1429 1504 ejusdemque
1460 1451 1592 1505 σμορ-

110 1525 216 1566 δοῦν
252 1516 557 1570 συνουσιάζειν,
604 1530 678 1571 pro
723 1530 803 1570 quo
844 1517 1014 1557 Pliotius
1055 1516 1319 1569 σμοκορδοῦυ
1358 1518 1593 1572 praebet,²3

110 1595 324 1644 postremo
358 1582 649 1638 Σκηπτόμενος
680 1581 965 1637 στηριζόμενος
996 1580 1064 1622 καὶ
1095 1580 1413 1635 σκηριπτόμενος
1442 1581 1594 1637 ὁμοίως

111 1656 222 1699 Suid.
254 1659 294 1695 et
325 1652 561 1693 adverbium
594 1646 758 1701 ἀμπετίξ
790 1654 829 1689 et
858 1645 1115 1700 περιαμπέπιξ
1144 1650 1185 1688 in
1215 1649 1354 1689 tabula
1371 1650 1591 1704 Latiomm,

110 1723 146 1764 si
177 1732 252 1775 pro
284 1716 413 1772 ἀμφίς
439 1717 570 1769 valet,
607 1716 656 1755 de
686 1726 766 1767 quo
800 1713 957 1755 dubitat
984 1714 1230 1755 Boeeldiius.

218 1798 371 1838 Horum
400 1792 596 1833 nonnulla
615 1792 754 1843 utique
777 1792 975 1843 praebent
995 1791 1175 1844 speeiem
1192 1791 1422 1844 parentasis
1444 1791 1592 1833 Gram-

107 1865 269 1905 matieis
302 1860 584 1912 complacitae.
652 1858 711 1896 Ao
742 1858 928 1908 profesto
962 1858 996 1897 51
1027 1858 1117 1909 quis
1144 1859 1395 1909 reputaverit
1426 1859 1591 1910 quoties

110 1929 257 1971 Graeci
286 1926 502 1967 vocabulis
535 1924 642 1964 omni
675 1934 725 1963 ex
758 1928 873 1974 parte
905 1924 1099 1974 perfectis
1133 1923 1254 1964 modo
1285 1924 1455 1964 vocales
1484 1925 1591 1965 insi-

108 1998 201 2035 rant
240 1993 446 2044 singulas,
485 1989 606 2031 modo
639 2000 868 2041 consonas,
900 2000 1030 2041 prope
1063 1990 1137 2029 erit
1167 1993 1207 2028 ut
1239 1989 1440 2030 interdum
1469 1990 1590 2032 binas

110 2071 159 2100 ex
190 2064 365 2109 utroque
396 2068 546 2109 genere
586 2056 727 2095 literas
758 2056 987 2094 insinualas
1019 2066 1113 2095 esse
1144 2060 1299 2095 statuat
1331 2060 1400 2096 aut
1430 2056 1589 2107 signifi-

108 2119 636 2173 cationis‘distinguendae
677 2131 803 2160 eausa
842 2124 910 2160 aut
949 2121 987 2160 vi
1024 2120 1323 2171 syneedromae
1362 2126 1431 2162 aut
1467 2122 1588 2175 lapsu

108 2190 284 2243 quodam
318 2189 507 2242 populari
537 2192 580 2227 ut
609 2187 761 2227 ὁοκικῶ
792 2198 866 2238 pro
896 2185 1030 2235 ὁοκώ,
1072 2197 1152 2237 quo
1185 2187 1431 2239 Hermippus
1461 2189 1588 2229 utitur

106 2256 326 2298 barbarum
363 2253 507 2294 ludens
550 2254 591 2292 in
626 2252 781 2303 Fragm.
823 2252 934 2292 Corn.
967 2252 1008 2292 T.
1039 2252 1083 2292 ΙΙ.
1112 2251 1204 2294 384.
1243 2254 1481 2306 novitiaque
1516 2255 1587 2296 illa

106 2334 210 2375 quae
241 2320 349 2374 apud
379 2321 440 2361 Du
462 2319 656 2369 Cangium
677 2318 860 2369 legimus,
890 2318 1125 2369 πριγιονίζω
1147 2315 1447 2372 [ποπριονίζω,
1477 2334 1585 2372 προ-

104 2389 261 2439 τίτερον
292 2392 368 2427 ete.
425 2387 478 2426 At
509 2385 544 2426 51
575 2395 717 2424 rursus
749 2384 961 2434 angustias
993 2390 1160 2424 nostras
1192 2386 1434 2437 respicimus
1467 2391 1506 2427 et
1537 2397 1588 2427 ex

193 2555 254 2595 22)
284 2554 454 2596 ὀλοσχος
477 2551 571 2586 idem
599 2559 677 2586 6556
703 2548 795 2592 quod
820 2549 929 2592 ὄσχος
952 2558 1020 2582 non
1045 2548 1284 2593 improbabilis
1307 2553 1360 2584 est
1379 2549 1584 2586 Schneideri

107 2610 224 2653 opinio
251 2608 291 2641 ad
319 2608 395 2642 Nic.
422 2607 482 2640 Th.
509 2606 587 2641 870.
615 2604 658 2639 de
683 2605 837 2641 ὄλυνθος
857 2609 892 2640 et
908 2605 1121 2648 ὀλοτῙλυκτίς
1146 2604 1238 2648 quod
1264 2604 1371 2648 addit,
1396 2616 1515 2650 parum
1533 2607 1581 2640 li-

106 2668 199 2709 quet.
245 2663 372 2706 Neque
398 2667 477 2706 apte
504 2669 684 2703 compares
714 2659 895 2704 ὀδύρομαι
925 2663 959 2695 et
983 2658 1226 2704 ὀλοφύρομαι.

162 2729 165 2731 ’
193 2719 254 2761 23)
287 2717 500 2762 Σκοροδοῦν
527 2714 774 2755 συνουσιάζειν
797 2716 879 2753 Hes.
910 2716 976 2751 alio
1003 2716 1179 2759 pertinere
1206 2714 1356 2751 videtur.
