1731 3021
150 171 241 215 368
460 175 466 181 “’
613 168 1042 212 DISSERTATIO
1091 169 1187 210 VIII.

149 282 281 334 ginem
317 280 429 321 filioli
459 279 560 321 deae
590 280 749 320 dedicat
779 275 804 319 ἁ
833 276 963 332 μάτηρ
993 274 1097 329 ζωὸν
1127 274 1199 317 τὸν
1227 277 1450 329 Μίκυθον,
1491 278 1622 319 leetor

150 348 362 399 antiquus,
413 346 481 398 qui
519 345 739 398 adscripsit
779 345 817 385 τί
854 343 936 385 ἐστι
971 345 1167 397 μίκυθος,
1214 342 1424 384 dubitasse
1464 343 1622 384 videtur

149 413 410 464 propriumne
446 412 499 451 sit
537 423 588 451 an
624 422 848 452 commune.
908 410 1022 458 Quod
1043 409 1271 459 Hesychius
1304 410 1418 450 affert
1455 406 1623 450 Ψαινύ-

147 482 242 524 &tog
266 474 412 525 ψευδές
439 473 615 528 μάταιον
644 472 797 523 εὐτελές
827 472 1012 525 οἰκτρόν,
1042 476 1083 514 in
1115 474 1398 515 Choerobosci
1428 475 1618 526 orthogr.

148 554 186 595 p.
219 542 310 584 280.
343 543 460 583 aliter
490 543 685 595 scriptum
717 547 780 582 est
810 539 1035 589 ψαινάθιος
1065 530 1111 580 οἶ
1137 539 1367 592 ὁίφθογγος
1393 536 1441 579 τὸ
1462 537 1622 588 ψευὸές,

148 613 187 649 et
217 609 301 648 fieri
332 613 470 660 potest
498 612 541 647 ut
570 612 756 648 neutrum
788 608 989 647 sincerum
1011 607 1061 647 sit
1083 606 1156 646 sed
1180 603 1497 655 ψαινυνθάδιος,
1528 616 1621 645 nam

147 679 188 713 ut
229 686 252 713 a
289 674 472 724 μίνυνθα
499 670 792 725 μινυνθάδιος,
835 673 929 712 item
960 683 983 712 a
1012 672 1248 720 ψαίνυνθα,
1289 682 1369 722 quo
1400 671 1618 722 Lycophro

145 740 271 779 utitur
300 751 335 779 v.
369 738 484 779 1420.
515 738 732 785 ψαίνυνθα
760 738 984 787 θεσπίζειν,
1016 737 1107 777 duci
1139 737 1273 788 potuit
1301 734 1619 784 ψαινυνθάδιος.

144 806 217 845 His
248 804 377 843 lueem
408 804 579 842 afferunt
617 804 785 854 glossae
828 804 1113 853 circumjectae
1151 799 1381 849 Ψαινὺντες
1408 802 1621 853 ψωμίζου-

144 884 218 918 τες,
257 868 447 908 Ψαίνυον
475 863 649 920 ἀχρεῖον,
689 869 909 920 Ψαίνυσμα
939 863 1089 919 ὀλίγον,
1119 868 1265 920 quibus
1298 867 1484 908 Omnibus
1516 868 1619 908 sub-

140 938 253 986 jecta
294 938 355 974 est
389 933 529 973 minuti
569 934 831 986 significatio,
875 934 1061 984 stirpitus
1102 945 1124 973 a
1160 935 1360 985 primitivo
1399 930 1495 981 ψάω
1533 933 1618 985 frio

146 1005 285 1053 tracta,
315 999 421 1039 unde
453 1000 696 1039 transfertur
727 999 776 1040 ad
807 999 845 1038 id
876 998 985 1050 quod
1008 999 1193 1038 frivolum
1216 1010 1361 1039 vanum
1380 999 1525 1039 salsum
1546 1003 1619 1039 est.

143 1069 179 1106 A
208 1063 304 1113 ψάω
342 1066 487 1118 igitur,
525 1064 632 1105 unde
671 1062 811 1118 ψήχω,
852 1061 1000 1117 ψώχω,
1029 1061 1175 1116 ψωμός
1206 1065 1398 1115 frustum,
1437 1064 1618 1115 ψωμίζω,

144 1133 350 1184 processit
386 1130 561 1181 ψαίνυμι
598 1134 641 1169 ut
683 1141 707 1169 a
744 1126 830 1169 δάω
871 1129 1060 1182 δαίνυμι,
1112 1134 1151 1169 et
1197 1125 1423 1169 Ψαινύσσω
1461 1127 1617 1181 ῥιπίζω,

144 1209 223 1249 quo
262 1197 388 1237 verbo
431 1195 535 1235 idem
575 1195 804 1246 Hesychius
847 1197 969 1236 utitur
1008 1195 1057 1236 ad
1095 1194 1440 1247 interpretandum
1469 1195 1618 1247 ψαίρω.

144 1263 378 1303 Consonam
416 1272 537 1313 vero,
584 1272 664 1312 qua
700 1262 936 1311 ψαίνυνθα,
971 1261 1156 1313 μίνυνθα
1195 1267 1231 1302 et
1268 1257 1460 1313 ὀλιγίνθοι
1497 1266 1618 1302 aucta

144 1332 258 1379 sunt,
297 1327 463 1378 saepius
504 1330 598 1366 ante
638 1327 961 1366 terminationem
999 1329 1094 1365 θ-
1123 1327 1336 1367 vooalihus
1367 1329 1385 1366 ῐ
1417 1332 1453 1367 et
1483 1327 1510 1366 ὖ
1540 1327 1617 1367 ad-

137 1394 290 1443 jectam
329 1391 523 1431 videmus.
591 1391 764 1431 Primum
797 1393 901 1431 enim
933 1393 1019 1431 avis
1059 1391 1207 1443 duplici
1237 1392 1357 1432 modo
1390 1392 1618 1444 appellatur

142 1457 306 1509 αἴγιθος
345 1461 384 1496 et
420 1457 610 1508 αἶ’γινθος
650 1456 821 1508 Oppian.
861 1458 985 1496 Ixeut.
1026 1457 1052 1496 I.
1097 1458 1156 1496 10.
1198 1458 1329 1497 frutex
1367 1454 1613 1509 τερέβινθος,

139 1519 357 1575 τέρμινθος
374 1526 412 1562 et
431 1519 632 1573 τρέμιθος,
666 1521 774 1573 quod
806 1527 842 1561 et
875 1523 924 1562 ab
945 1522 1030 1562 EM.
1060 1521 1279 1561 indicatum
1310 1527 1405 1573 puto
1438 1534 1486 1562 eo
1518 1522 1613 1562 loeo

139 1599 219 1640 quo
251 1598 358 1626 nune
389 1588 584 1638 seriptum
607 1592 671 1627 est
691 1584 908 1638 τερμινθός
927 1584 996 1626 καὶ
1014 1583 1233 1638 τέρμινθος
1253 1599 1288 1638 p.
1314 1587 1405 1639 753,
1431 1587 1492 1628 10.
1521 1599 1613 1628 nam

138 1658 330 1692 accentus
371 1651 586 1693 diversitas
625 1654 665 1692 in
704 1653 766 1692 his
794 1652 1025 1692 nominibus
1055 1652 1165 1692 nulla
1196 1652 1528 1704 deprehenditur3
1576 1658 1615 1694 et

137 1722 180 1757 ut
211 1729 233 1757 a
264 1719 484 1769 paragogis
515 1717 744 1767 discedam,
784 1719 862 1770 μῦς
892 1718 1075 1770 σμίνθος.
1136 1717 1330 1770 Quaeque
1369 1729 1450 1757 uno
1489 1717 1611 1758 modo

139 1784 378 1835 efferuntur,
424 1788 557 1823 tamen
594 1784 768 1823 maxima
809 1796 857 1824 ex
897 1788 1012 1836 parte
1050 1783 1230 1823 derivata
1269 1788 1364 1823 sunt
1401 1785 1507 1824 sicut
1542 1783 1613 1824 illa

138 1860 307 1900 quorum
338 1859 440 1899 pura
472 1853 535 1889 est
565 1850 793 1889 terminatio
830 1840 928 1896 θὀξ
984 1849 1082 1897 Quis
1114 1849 1218 1887 enim
1249 1847 1400 1889 dubitat
1429 1849 1524 1900 quin
1541 1845 1611 1901 κή-

136 1917 281 1966 ρινθος
310 1910 335 1966 ἡ
366 1910 540 1966 ἐριθεὲκη
570 1925 593 1954 a
622 1911 746 1966 κηρός
774 1926 923 1954 nemen
952 1914 1114 1966 habeat,
1144 1914 1207 1953 cui
1238 1914 1369 1954 simile
1395 1911 1611 1966 Κήρινθος

136 1980 233 2019 urbs
263 1979 458 2032 Euboica,
488 1979 750 2031 ejusdemque
780 1980 939 2019 insulae
969 1980 1113 2020 fluvius
1144 1976 1318 2030 Κηρεύς.
1365 1979 1424 2020 De
1452 1975 1609 2030 ἐρέβιν-

135 2047 234 2094 θος,
276 2047 392 2095 cujus
424 2046 587 2095 speeies
620 2045 767 2085 multae
798 2046 1017 2095 variaeque
1046 2042 1244 2096 γέλινθος,
1275 2042 1479 2097 νέρινθος,
1509 2039 1609 2083 ὀδό-

133 2112 290 2156 λυνθος
335 2110 384 2150 ab
432 2110 636 2161 Hesyehio
678 2115 771 2150 sunt
819 2109 991 2149 traditae
1028 2115 1067 2149 et
1106 2110 1208 2150 alias
1247 2120 1382 2149 sermo
1429 2110 1607 2149 novitius

134 2175 320 2228 procudit
348 2171 540 2227 ῥέβινθος
568 2181 605 2215 et
635 2174 786 2228 ῥοβίθι,
833 2176 888 2214 ita
918 2175 1012 2214 mihi
1043 2175 1232 2225 persuasi
1253 2185 1401 2214 nomen
1432 2185 1455 2214 a
1486 2175 1608 2214 simili

133 2241 347 2291 leguminis
382 2252 533 2291 genere
570 2238 718 2293 ὄροβος
759 2251 894 2280 ervum
936 2239 1178 2279 declinatum
1217 2250 1312 2279 esse
1340 2239 1485 2279 Parall.
1510 2239 1602 2279 244.

133 2302 359 2356 Μήρινθος
389 2311 423 2345 et
453 2305 674 2354 πείρινθος,
705 2316 809 2356 quae
841 2304 1097 2344 Grammatioi
1126 2307 1388 2357 conjungunt,
1421 2316 1444 2344 a
1473 2315 1606 2344 voea-

131 2370 236 2410 bulis
268 2370 407 2409 tertiae
438 2369 723 2410 declinationis
759 2366 878 2421 μήρις
906 2373 945 2408 et
974 2369 1100 2420 πείρις
1131 2374 1221 2409 orta
1249 2369 1457 2419 videntur,
1496 2380 1605 2421 quo-

130 2445 216 2474 rum
253 2435 466 2485 imaginem
505 2440 640 2474 servat
677 2434 947 2474 nominativus
985 2430 1125 2485 μέρμις
1155 2439 1194 2475 et
1224 2436 1485 2475 accusativus
1514 2435 1603 2474 πεί-

130 2502 258 2548 ρινθα
293 2511 328 2539 v.
359 2498 504 2538 Parall.
537 2499 624 2540 167.
664 2500 761 2540 illud
798 2500 849 2539 ab
878 2499 973 2552 εἴρω
1003 2499 1087 2540 ΕΜ.
1118 2500 1210 2551 580,
1241 2500 1305 2542 21.
1337 2501 1449 2541 Eust.
1484 2500 1600 2562 1646,

130 2564 194 2605 28.
234 2564 318 2615 vel,
349 2568 392 2603 ut
423 2563 672 2604 Schneidero
705 2565 858 2617 placet,
900 2576 922 2604 a
946 2561 1104 2616 μηρύω,
1151 2565 1321 2605 alterum
1352 2564 1546 2615 Didymus
1575 2576 1599 2604 a

128 2627 201 2678 ῥίψ
229 2640 301 2681 per
328 2628 567 2668 metathesin
595 2632 726 2668 ortum
746 2629 915 2669 affirmat
942 2629 1014 2671 sed
1039 2631 1126 2670 sine
1149 2631 1394 2682 probatione
1414 2630 1597 2670 solemni.

127 2693 255 2733 Porro
296 2694 363 2746 qui
395 2692 657 2734 Galiuthidem
689 2695 796 2744 sive,
835 2698 878 2733 ut
906 2694 1110 2736 Antonius
1150 2696 1235 2738 Lib.
1260 2700 1416 2747 vocat,
1457 2694 1597 2735 Galin-
