1731 3021
133 171 227 215 3811
597 168 1032 211 DISSERTATIO
1064 168 1164 210 VIII.

131 283 312 336 phanus:
363 280 524 328 Βοῦτος
562 277 632 320 καὶ
671 276 838 330 Βουτώ,
886 274 909 320 ὃ
947 278 1114 331 πολίτης
1146 277 1372 331 Βουτοΐτης
1405 275 1472 318 καὶ
1504 279 1610 318 Βου-

129 349 264 401 τοίτης
291 343 346 395 ὠς
374 347 447 400 τῆς
476 346 647 399 Σαβοῦς
675 346 883 399 Σαβοΐτης
909 343 979 386 καὶ
1003 344 1222 398 Σαβοίτης,
1254 342 1397 397 Κύβος
1424 342 1494 384 καὶ
1523 345 1610 384 Κυ-

130 411 203 468 βώ,
235 413 418 466 Κυβίτης
447 409 504 460 ὥς
534 413 717 465 Σαβίτης
742 412 815 464 τῆς
845 412 1016 464 Σαβοῦς
1044 408 1070 464 ἢ
1091 410 1298 463 Κυβοίτης
1328 406 1384 458 ὥς
1408 411 1481 464 τῆς
1502 412 1609 451 Βου-

128 480 227 527 τοῦς
267 479 489 531 Βουτοίτης
517 502 571 507 —
603 475 763 531 Χομψώ
794 477 1033 529 Χομψοίτης
1061 473 1116 525 ὡς
1145 477 1352 529 Σαβοίτης
1381 501 1435 507 -—-
1472 479 1607 517 Ψευα-

129 543 189 587 κώ
228 544 493 598 Ψενακοίτης,
525 556 630 597 quae
660 549 791 585 utrum
822 543 882 583 sio
913 543 1131 583 scribenda
1162 543 1240 582 sint
1262 553 1313 582 an
1336 553 1424 582 eum
1445 543 1608 593 punctis

131 613 373 665 diaeritieis⁷
412 612 452 651 in
482 610 613 651 medio
646 612 883 662 relinquam.
954 608 1035 648 Sed
1063 604 1175 662 φυλὴ
1199 604 1452 655 Ἱπποθοῖτις
1487 607 1608 648 Paus.

129 680 228 720 VIII.
259 678 324 731 53,
355 678 391 718 G.
416 679 457 717 in
479 676 594 717 codd.
615 678 768 717 rectiUs
790 665 1041 722 Ἱπποθοῖτις
1077 679 1120 715 ut
1150 673 1419 726 Δαμοθοΐτης
1449 673 1511 713 IV.
1543 672 1608 714 24.

130 745 255 787 seribi
286 743 467 793 videtur3
505 753 581 782 nee
612 742 704 794 plus
744 742 834 782 fidei
865 742 1000 795 habet,
1032 741 1139 793 quod
1172 740 1278 793 apud
1308 739 1479 781 eundem
1511 739 1609 780 Ste-

129 811 303 863 phanum
345 809 541 859 seriptum
581 812 645 848 est
683 804 832 860 Μερόη
868 832 920 838 -
961 803 984 848 ὁ
1013 807 1179 860 πολίτης
1208 805 1418 860 Μεροίτης
1454 799 1510 852 ὡς
1536 804 1610 857 τῆς

125 872 338 928 Ἀρσινόης
361 869 623 925 Ἀρσινοίτης,
655 884 747 912 nam
767 873 856 914 cod.
878 873 1000 914 Rhed.
1021 868 1272 926 Ἀρσινοΐτης
1291 872 1472 925 praebet,
1496 881 1608 911 num-

128 943 181 983 mi
208 936 488 993 Ἀρσιυοήτης,
529 949 700 991 quorum
738 937 837 978 illud
876 950 909 979 s.
948 937 1150 991 Ταύχειρα
1178 939 1325 990 legitur
1355 938 1434 978 hoo
1465 948 1496 978 s.
1520 932 1608 976 vePo-

128 1004 204 1060 ὁόη
236 1002 459 1059 Ῥοδοὴτης
497 999 552 1052 ὡς
585 999 866 1056 Ἀρσιυοὴτης,
907 1004 974 1044 uhi
1014 1005 1118 1045 idem
1161 1004 1290 1044 codex
1316 1000 1525 1056 Ῥοδοΐτης
1551 1025 1606 1030 ——-

123 1069 373 1125 Ἀρσινοΐτης
402 1071 572 1124 praebet
603 1075 646 1110 ut
680 1070 729 1110 ab
760 1066 861 1122 ἀλόη
883 1059 1047 1121 ιίλοῗτις,
1080 1068 1180 1125 ῥόα,
1212 1067 1324 1118 οἶνος
1349 1069 1498 1121 ῥοΐτης,
1531 1067 1605 1109 Sed

127 1144 193 1180 eta
225 1143 359 1179 tuetur
390 1137 622 1190 Stephanus
655 1132 791 1189 Νινόη
824 1133 1035 1189 Νινοήτης
1056 1133 1110 1184 ὡς
1138 1134 1340 1189 πυλήτης,
1370 1131 1606 1188 λιμνήτῑης.9

127 1205 244 1254 Quod
275 1203 570 1255 Mosohopulus
602 1203 744 1243 scribit
775 1203 816 1242 in
847 1202 1104 1244 8011θᾶ.147.
1138 1202 1334 1255 ζειποίτης
1362 1197 1384 1242 ὁ
1412 1202 1488 1242 τοῦ
1514 1203 1605 1253 θερ-

125 1272 207 1324 μοῦ
246 1269 289 1311 ἐν
324 1272 410 1317 τοῖς
437 1266 626 1320 λούτροις
655 1264 967 1320 ἐπιμελούμενος
1005 1269 1093 1309 sine
1135 1269 1256 1309 dubio
1288 1269 1429 1308 nititur
1456 1278 1608 1319 graeca

127 1337 377 1390 etymologia
407 1347 511 1387 quae
545 1335 586 1374 in
617 1334 747 1374 Cram.
781 1334 916 1374 Seliol.
949 1334 998 1374 ad
1031 1335 1166 1375 Tzetz.
1199 1335 1240 1374 T.
1275 1334 1338 1374 III.
1368 1334 1460 1374 357.
1498 1333 1605 1384 legi-

126 1409 190 1444 tur
229 1399 283 1449 ὡς
318 1398 364 1441 τὸ
395 1398 483 1451 ζέον
511 1400 664 1449 ποιῶν,
708 1399 781 1440 sed
819 1400 903 1439 lieri
943 1404 1080 1451 potest
1120 1405 1162 1439 ut
1202 1400 1401 1451 aquarioli
1440 1399 1605 1439 barbari

125 1470 221 1510 dieti
252 1469 333 1509 sint
365 1469 572 1507 Ζειποῐται
603 1466 709 1506 sieut
741 1466 952 1505 carnifices
990 1462 1190 1517 Τράλλεις.
1242 1465 1426 1517 Namque
1455 1475 1605 1506 nomen

123 1535 382 1588 peregrinum
424 1536 487 1573 est
526 1535 568 1571 ut
602 1526 791 1583 Ὀροίτης
823 1530 970 1583 Persa,
1020 1531 1206 1583 Τιβοίτης
1234 1531 1432 1581 Bithynus
1461 1530 1604 1581 Polyb.

123 1602 186 1643 IV.
225 1601 289 1641 50.
331 1600 399 1639 ubi
436 1597 535 1638 Edd.
573 1600 670 1636 vett.
710 1596 893 1648 Τιβίτης,
938 1596 1155 1648 Στιβοίτης
1192 1596 1336 1635 fluvius
1374 1595 1604 1646 Hyrcaniae

123 1667 239 1709 Diod.
270 1665 387 1706 XVII.
419 1663 483 1704 75.
514 1662 702 1713 idemque
734 1662 935 1713 signifieat
964 1662 1191 1702 Pausanias
1223 1661 1266 1702 V.
1300 1660 1360 1701 12.
1397 1660 1604 1714 Ζυποίτης

126 1758 174 1761 -—
210 1730 323 1787 Θρᾷξ
361 1725 478 1782 γένος
517 1724 713 1777 εἰκάζοντί
741 1742 784 1780 γε
814 1723 895 1767 ἀπὸ
924 1728 1000 1768 τοῦ
1039 1723 1252 1779 ὀνόματος.
1293 1726 1435 1778 Neque
1451 1737 1599 1777 graece

123 1798 319 1851 appellati
368 1794 555 1835 videntur
603 1793 800 1845 Λιμοίτης
846 1794 1013 1845 ignotus
1063 1793 1184 1833 homo
1232 1793 1416 1834 Parthen.
1463 1792 1601 1834 XXXI.

123 1864 283 1912 (omiss.
316 1862 356 1901 in
388 1861 476 1912 Th.)
503 1855 684 1912 Ἐχοίτας
713 1860 1004 1911 Hierapytnius
1035 1860 1075 1899 in
1106 1860 1231 1900 Inser.
1258 1859 1482 1911 Σιπροίτης
1501 1858 1601 1899 Cres

121 1932 271 1971 Anton.
301 1927 386 1968 Lib.
421 1938 453 1967 ο.
485 1926 619 1966 XVIII.
678 1926 728 1965 Et
760 1925 808 1965 de
838 1926 991 1976 inclyto
1023 1926 1192 1966 Plrillioi
1224 1926 1304 1966 filio
1341 1924 1602 1978 Πολυποίτης

119 1994 360 2036 Eustatliius
391 2004 428 2044 p.
458 1992 550 2044 334,
573 1992 637 2032 24.
671 1992 837 2043 ambigit
868 1996 997 2031 utrum
1029 2004 1177 2033 nomeu
1208 1993 1286 2033 hoe
1313 2003 1401 2032 eum
1431 1987 1602 2043 ποιητής

121 2059 394 2112 compositum
426 2058 491 2109 sit,
522 2056 728 2109 quomodo
760 2058 827 2097 isti
859 2059 1053 2110 ζειποίτης
1073 2059 1406 2110 interpretantur,
1437 2067 1488 2096 an
1508 2067 1598 2096 eum

118 2122 313 2178 ποιυητης
353 2135 403 2163 an
443 2124 581 2175 potius
620 2119 859 2176 πολυπότην
896 2124 1116 2175 significet,
1157 2135 1261 2175 quae
1292 2123 1442 2163 ceteris
1473 2133 1598 2174 prae-

120 2192 308 2234 stabilior
346 2189 505 2229 videtur
544 2190 649 2228 ratio
690 2189 767 2228 etsi
813 2201 946 2240 neque
987 2189 1220 2228 verbalibus
1267 2190 1354 2229 iota
1390 2188 1597 2239 interponi

119 2259 228 2300 solet
258 2261 300 2296 ut
330 2252 468 2306 ὁότης,
498 2251 632 2306 βοτής,
662 2251 830 2304 ἄροτος,
862 2252 1026 2306 κρότος,
1060 2249 1204 2301 ὀνοτός
1234 2258 1310 2294 etc.
1343 2265 1475 2305 neque
1506 2254 1597 2305 pri-

117 2323 268 2363 mitivis
298 2318 430 2369 κότος,
461 2317 592 2366 νότος.
623 2343 676 2347 n-
707 2320 920 2360 Secundae
947 2319 1232 2360 declinationis
1256 2319 1484 2371 exemplum
1502 2320 1597 2360 uni-

207 2514 245 2557 9)
265 2508 483 2556 Ἀρσινοΐτης
506 2510 616 2544 Strab.
641 2510 744 2544 XVII.
772 2510 849 2545 812.
879 2510 1116 2545 Tzschuekius
1142 2521 1161 2547 e
1190 2511 1291 2546 codd.
1328 2520 1390 2554 pro
1413 2509 1592 2555 Ἀρσιμοῆ-

117 2583 186 2611 της.
235 2567 431 2611 Stephanus
461 2564 688 2609 Ἀρσινοήτης
721 2565 846 2607 (ΗΜΛ,
871 2565 1102 2610 namnet-sm)
1128 2567 1188 2598 um*
1212 2565 1425 2610 ›Aemyofflsu
1473 2566 1533 2600 Sic
1559 2569 1593 2600 et

111 2623 270 2664 ἈνΠνόἸ
299 2624 374 2657 Sive
396 2619 592 2653 'AVTWO‘HU
614 2620 822 2659 'AVTWOHQB
856 2620 958 2664 Ἀρόη
989 2620 1142 2664 ’-4()οει’ῑς,
1176 2621 1238 2656 Sed
1275 2620 1420 2661 Bon-76²7
1455 2623 1591 2652 Bova«)-

117 2685 216 2717 αῖος,
256 2677 362 2718 Οἰνόη
398 2677 566 2712 obmurm-
597 2680 664 2711 etc.
685 2675 835 2716 Ῥοείτης
861 2675 952 2709 iluvii
979 2686 1101 2710 nomen
1128 2676 1240 2710 Strab.
1265 2675 1355 2710 XIII.
1383 2677 1459 2711 602.
1498 2675 1589 2718 apud

114 2734 329 2772 Eustathium
348 2730 491 2772 Ῥοῒτης.
