1731 3021
125 167 211 214 418
603 164 1033 209 DISSERTATIO
1080 164 1145 206 IX.

130 277 197 320 lin.
238 275 318 318 16.-
374 275 529 325 Quibus
570 276 611 316 in
650 280 892 316 transcursu
930 274 1074 315 addam
1109 268 1315 324 Ὀδρύσης
1347 270 1609 324 gentilicium,

126 336 311 394 Ἀρύσης
338 342 491 382 Peisae
522 353 670 382 nomen
700 340 815 381 Diod.
846 340 983 380 XXXI.
1013 339 1097 380 Eol.
1128 338 1164 378 3.
1195 349 1232 389 p.
1263 337 1327 378 22.
1359 337 1400 377 T.
1424 336 1470 377 X.
1504 338 1609 387 Βαρ

132 406 262 461 βύσης
291 408 397 448 ssuvii
427 407 602 458 llesyeh.
632 408 712 448 Mil.
745 407 853 457 Orig.
887 406 1026 446 Consi
1059 416 1092 444 e
1122 404 1200 444 I.¹·³'
1223 400 1390 448 ’Ἁνυσις
1417 401 1610 453 Aegyptii

134 474 282 534 Herod.
313 474 358 514 ΙΙ.
390 473 479 514 137.
513 478 551 513 et
574 473 863 526 appellativum
885 468 1036 518 ἅλυσις.
1069 493 1121 499 —
1158 465 1217 508 Τὰ
1248 467 1302 514 εἰς
1332 476 1402 514 σος
1432 463 1499 506 διὰ
1529 467 1610 506 δισ-

135 542 212 582 σοῦ
244 550 267 580 6
295 538 363 580 καὶ
393 540 449 594 τῷ
480 554 512 578 ω
542 535 858 591 παραληγομετα
887 533 1040 577 σπάνιά
1069 533 1173 583 ἐστι,
1215 530 1439 585 Βήρωσσος
1467 530 1536 572 καὶ
1564 529 1610 571 τὸ

136 602 387 658 ὀξυνόμειου
424 603 644 657 Κερωσσός
683 601 799 650 πόλις
834 597 1168 647 Ἀπολλωνιάόος.
1236 596 1320 639 Καὶ
1357 594 1404 638 τὸ
1446 597 1613 644 Βλῶσος

134 669 368 725 βαρύτονον
404 668 515 720 παρὰ
553 666 626 709 τὸν
665 666 809 722 βλωσω
849 665 1044 720 μέλλοντα
1081 662 1249 719 γεγονὸς
1284 662 1353 704 καὶ
1382 658 1437 703 δι
1469 659 1614 710 ἓνὸςσ

135 736 403 790 γραφόμενον
435 736 614 785 Theogn.
645 734 708 774 74.
775 734 895 773 Primi
933 733 1108 772 nominis
1140 736 1179 772 et
1209 735 1403 773 accentus
1433 730 1614 769 variatur

138 808 178 844 et
209 814 415 854 consona⁷
446 799 615 841 secundi
647 809 834 839 consona
863 797 1007 849 modo,
1048 798 1210 837 tertium
1241 793 1526 845 corrigendum
1551 797 1615 834 est

138 880 189 910 ex
217 869 310 908 Arc.
342 868 405 908 78.
434 862 484 906 τὰ
513 865 567 912 εἰς
594 855 692 910 ffio}
722 860 920 912 ὀξύνεται,
951 858 1163 913 κερωσσός.
1227 856 1285 899 Τὸ
1315 856 1358 899 δὲ
1387 855 1543 911 ἄμυσος
1568 857 1615 899 ’ὲν

138 925 166 974 ὃ
192 931 297 985 ἔχοι,
337 943 411 984 pro
450 942 530 983 quo
571 929 680 982 quod
718 931 759 969 in
791 928 880 969 eod.
910 928 1056 978 legitur
1088 924 1268 976 ἅλωσος,
1309 929 1480 978 apparet
1509 923 1615 965 idem

139 1009 236 1040 esse
266 996 375 1049 quod
407 997 474 1037 ille
508 1008 530 1036 a
563 996 697 1035 futuro
729 991 873 1047 βλώσω
912 993 951 1033 id
983 997 1046 1033 est
1076 989 1221 1032 ἁλώσω
1253 992 1476 1032 derivatum
1506 990 1616 1043 dicit,

141 1068 280 1105 cetera
316 1064 511 1114 ignotum.
572 1061 776 1102 Omissum
815 1063 878 1100 est
918 1058 1167 1109 gentilicium
1198 1056 1458 1110 Κεδρωσσοί,
1498 1058 1615 1106 eujus

142 1129 356 1171 admodum
386 1128 499 1167 varia
529 1131 593 1167 est
621 1127 826 1177 scriptura
855 1137 890 1165 v.
918 1123 1090 1165 Ellendt.
1121 1123 1171 1164 ad
1200 1124 1359 1164 Arrian.
1388 1122 1452 1162 III.
1483 1121 1550 1173 28,
1581 1120 1617 1161 1.

145 1191 383 1246 Πειρωσσός
403 1193 537 1233 Sirab.
559 1192 659 1232 XIII.
682 1191 773 1232 589.
803 1186 1052 1242 Διρφωσσός
1077 1201 1157 1242 quo
1176 1189 1395 1241 Lycophro
1417 1198 1492 1239 pro
1512 1186 1618 1237 Δίρ-

142 1275 225 1314 φυς
255 1260 401 1309 utitur3
423 1255 664 1310 ’Ἀμβρωσος
690 1257 811 1297 Paus.
840 1256 885 1296 X.
918 1255 956 1308 3,
986 1255 1023 1296 2.
1054 1266 1126 1306 per
1154 1254 1183 1295 ὖ
1213 1255 1410 1306 seriptum
1433 1253 1474 1293 in
1499 1251 1615 1293 codd.

144 1331 182 1367 et
205 1321 475 1377 Ἀμβρωσσεῖς
510 1324 551 1362 in
587 1323 714 1362 lusor.
745 1321 963 1371 Ambryssi
999 1324 1164 1371 reperta
1200 1320 1246 1360 N.
1282 1318 1398 1361 1729.
1430 1321 1469 1359 et
1501 1316 1617 1359 1736.

144 1392 204 1432 De
241 1391 436 1443 Τιλφῶσα
466 1394 504 1429 et
533 1388 624 1428 aliis
655 1387 857 1427 femininis
888 1385 1108 1438 postmodo
1140 1385 1283 1425 dicam.

760 1506 902 1547 CAP.
954 1505 1006 1545 II.

324 1602 398 1644 De
431 1599 696 1643 nominibus
733 1601 781 1641 m
818 1612 978 1649 ασιος,
1016 1611 1165 1655 εσιος,
1203 1611 1322 1647 ισιος
1359 1600 1440 1640 ele.

257 1713 296 1756 ἓ.
331 1708 365 1749 1.
422 1707 598 1748 Nomina
642 1705 832 1756 superius
866 1704 990 1745 allata
1028 1702 1263 1759 κραύγασος
1308 1701 1511 1757 γόγγυσος
1548 1707 1622 1743 ete.

147 1776 282 1815 futuro
323 1773 582 1824 subjicimuS‚
630 1782 653 1811 a
692 1782 772 1822 quo
806 1770 1062 1811 Grammatiei
1101 1772 1237 1812 omnia
1273 1771 1478 1823 verbalia,
1518 1779 1622 1821 quae

148 1841 277 1891 sigma
308 1843 530 1890 ostentant,
560 1841 746 1889 repetere
777 1836 926 1889 solent,
956 1847 1038 1876 non
1068 1837 1341 1878 derivatorum
1372 1836 1504 1877 solum
1534 1845 1624 1874 ver-

147 1906 292 1947 borum
331 1904 405 1945 sed
446 1903 740 1955 primitivorum
769 1913 932 1954 quoque
965 1903 1102 1943 Schol.
1135 1903 1177 1943 Il.
1207 1903 1234 1943 I.
1265 1902 1356 1944 313.
1394 1902 1513 1954 κνίση
1541 1896 1623 1941 ἀπὸ

147 1972 223 2011 τοῦ
264 1967 499 2023 μέλλοντος·
552 1969 716 2007 πλεῖστα
752 1963 831 2018 γὰρ
870 1963 1052 2020 ὀνόματα
1090 1963 1172 2008 ἀπὸ
1206 1964 1434 2020 μελλόντων
1470 1963 1623 2019 γέγονε,

150 2034 265 2086 ἅψις,
296 2033 418 2084 λέξις,
450 2031 572 2083 δόξα,
603 2030 748 2085 ἅμαξα.
795 2033 844 2073 Et
877 2034 925 2074 ad
956 2034 1002 2075 X.
1035 2033 1126 2075 200.
1155 2030 1406 2086 πρόφρασσα
1436 2028 1517 2072 ἀπὸ
1546 2032 1622 2071 τοῦ

149 2102 242 2154 φρῶ
271 2096 326 2147 ὡς
354 2096 466 2153 παρὰ
493 2096 540 2140 τὸ
572 2100 633 2152 βῶ
660 2100 819 2152 βῆσσα,
849 2096 932 2147 ἄξω
962 2097 1038 2148 ἄξα
1067 2097 1134 2138 καὶ
1162 2097 1308 2152 ἅμαξα,
1340 2099 1464 2138 πείσω
1493 2102 1622 2138 πεῖσα.

148 2167 304 2208 Verum
332 2166 465 2218 βῆσσα
506 2166 644 2217 potius
685 2175 774 2204 oum
809 2162 946 2216 βαθύς
985 2163 1153 2218 βάσσων
1193 2168 1409 2215 cognatum
1453 2163 1624 2215 videtur,

148 2244 224 2273 nee
264 2232 425 2283 aptiora
463 2228 584 2282 δόξα,
629 2228 877 2282 πρόφρασσα
908 2236 947 2271 et
977 2227 1120 2282 ἅμαξα.
1192 2230 1274 2270 Sed
1313 2229 1362 2270 de
1392 2229 1520 2281 primo
1550 2227 1620 2268 illo

149 2297 444 2350 propemodum
483 2295 703 2349 persuadet
730 2296 987 2336 Herodianus
1027 2307 1090 2347 ap.
1122 2295 1308 2335 Eustath.
1340 2306 1377 2346 p.
1410 2293 1527 2346 1706,
1557 2292 1621 2334 36.

150 2376 187 2416 p.
228 2362 345 2416 1819,
381 2363 444 2403 40.
485 2357 566 2401 ἀπὸ
601 2362 675 2400 τοῦ
715 2362 800 2401 ures)
841 2362 959 2411 κνίζω
998 2357 1023 2414 ἡ
1064 2365 1185 2401 κνῖσα
1223 2359 1385 2404 ἔκτασιν
1421 2359 1620 2411 λαβοῦσα,

149 2440 254 2481 quae
285 2429 437 2469 ectasis
472 2439 520 2468 eo
554 2427 711 2467 facilius
745 2427 900 2468 admitti
930 2432 1070 2480 potest
1101 2427 1210 2479 quod
1241 2420 1345 2478 quae
1374 2426 1415 2465 in
1446 2435 1623 2467 aecusa-

150 2494 231 2534 tivo
262 2492 381 2533 κυίὸα
410 2493 547 2533 brevis
578 2497 641 2533 est
670 2493 851 2546 vocalis,
892 2494 933 2533 in
963 2493 1100 2546 κνίδη,
1131 2493 1250 2543 κνίψ,
1282 2487 1468 2541 σκνιπός,
1500 2490 1623 2541 longa

241 2641 297 2684 18)
332 2639 543 2686 Βαρνύσσης
575 2640 722 2683 Niceph.
763 2638 879 2674 Const.
916 2640 959 2677 de
1000 2640 1104 2677 rebus
1138 2643 1217 2684 post
1247 2638 1388 2674 Mauric.
1426 2647 1459 2681 p.
1500 2636 1551 2672 13.
1577 2635 1618 2670 D.

151 2695 285 2737 (omiss.
311 2697 345 2730 in
372 2696 451 2739 Th.)
