1731 3021
147 154 233 198 192
623 153 1055 197 DISSERTATIO
1092 154 1155 196 IV.

150 264 237 306 sius
269 262 441 305 Gramm.
471 275 509 316 p.
539 263 632 306 637.
654 261 958 318 ὁμοιωματικόν
977 269 1111 305 vocat.
1172 264 1364 316 Oxytona
1385 265 1502 306 affert
1521 265 1632 307 The—

153 333 356 382 ognostus
387 342 424 382 p.
455 331 519 372 67.
548 327 599 370 τὰ
629 328 698 371 διὰ
726 332 802 372 τοῦ
832 323 931 384 ηἶᾶξ·
960 325 1015 383 μὴ
1047 327 1147 370 ὄντα
1184 327 1499 382 μετουσιαστικὰ
1534 329 1634 385 μήτε

151 392 448 448 ὑποκοριστικά
477 393 546 437 διὰ
573 398 650 437 τοῦ
678 399 717 450 ῆ,
744 393 961 451 Ἄκεσηνός
991 393 1197 447 ποταμός,
1226 392 1418 449 Εὐηνός,
1449 394 1632 451 σεληνός,

153 462 251 515 (Sor.
281 459 478 516 Σιληνός)
509 461 701 516 ποτηνός,
731 459 915 517 ὠγηνός,
946 458 1124 515 μεμηνός
1164 464 1261 513 (scr.
1293 458 1531 516 ἀμενηνός),
1561 478 1633 516 γα-

151 526 350 582 λαθηνός,
380 526 564 582 πετηνός,
596 525 793 583 ἀργηνός·
829 527 876 570 τὸ
906 527 948 570 ὁὲ
987 526 1187 580 δύστηνος
1225 524 1439 569 σύνθετον.
1496 529 1633 570 Mate-

152 595 271 636 rialia
298 607 403 647 quae
434 596 585 647 excipit
623 600 662 636 et
691 596 938 636 deminutiva
982 594 1184 635 enarrabo
1228 594 1269 634 in
1299 599 1416 646 parte
1446 595 1634 647 proxima

155 661 197 703 C.
227 662 271 703 V.
317 662 468 704 Eorum
499 672 604 712 quae
634 661 777 712 regula
808 661 1068 701 continentur
1103 662 1274 713 primum
1298 655 1515 714 Ἀκεσηνός
1553 661 1633 702 flu-

153 728 208 768 vii
239 727 422 778 Scythici
450 737 601 766 nomen
630 726 803 779 videtur,
835 726 946 779 quod
975 726 1083 778 apud
1113 727 1265 767 latinos
1297 731 1491 768 auctores
1520 727 1633 768 Ace—

153 795 274 834 sinus
305 792 520 843 scribitur3
551 792 716 842 longius
736 791 860 831 distat
880 789 1094 844 Καικηυός
1121 793 1162 833 in
1193 792 1350 844 aliquot
1369 793 1485 834 libris
1506 793 1630 834 Thuc.

152 860 218 900 III.
251 858 341 899 103.
398 858 502 898 Huic
532 858 760 909 proximum
790 857 899 897 fluvii
928 859 1084 910 virique
1106 869 1255 899 nomen
1273 858 1395 899 modo
1419 864 1633 910 oxytonon

154 928 219 966 est
247 924 379 975 Epist.
412 924 528 964 Socr.
557 923 657 964 XIV.
689 922 752 963 21.
781 922 913 974 Epict.
943 923 1052 965 Diss.
1082 924 1145 964 IV.
1177 923 1214 977 9,
1244 924 1280 965 6.
1312 924 1487 977 aliisque
1512 924 1631 977 locis,

153 1001 260 1043 quos
288 989 442 1030 indicat
471 990 701 1041 Wagnerus
731 988 772 1028 in
801 988 975 1030 Dissert.
1008 989 1056 1030 de
1086 989 1240 1031 Euenis
1270 1002 1307 1042 p.
1338 990 1375 1031 3.
1398 990 1521 1031 modo
1542 986 1633 1030 Εὕ-

152 1071 253 1110 ηνος
288 1056 482 1097 scribitur
511 1060 554 1096 ut
584 1051 841 1108 Αἰσχύληνος
870 1055 990 1097 Paus.
1030 1052 1201 1108 Σύηνος
1240 1055 1380 1106 steph.
1422 1060 1462 1095 et
1495 1056 1632 1108 Μίση-

151 1137 225 1171 νος
251 1122 369 1163 Dion.
399 1123 510 1162 Antt.
538 1121 565 1162 Ι.
585 1121 648 1161 53.
682 1132 786 1173 quae
818 1126 913 1161 sunt
942 1123 1122 1162 virorum
1152 1121 1331 1173 nomina,
1363 1121 1436 1162 sed
1459 1127 1630 1175 postre-

151 1200 258 1231 mum
297 1189 419 1229 etiam
459 1185 667 1238 oxytonos
700 1187 834 1228 Strab.
865 1187 893 1228 Ι.
935 1187 999 1229 26.
1030 1198 1145 1228 more
1185 1186 1486 1238 gentiliciorum
1514 1191 1559 1229 ut
1590 1191 1631 1228 et

151 1251 388 1309 Βοστρηνός
416 1254 573 1306 fluvius7
607 1250 873 1306 Ποιμανι]νός
900 1253 1053 1306 χωρίον
1081 1253 1154 1306 τῆς
1174 1251 1345 1300 Mvot'ccg
1368 1253 1535 1295 Aristid.
1563 1253 1630 1296 Or.

153 1323 267 1364 Sacr.
297 1321 359 1362 IV.
390 1318 513 1360 321.1
543 1319 770 1370 similisque
801 1320 841 1359 in
872 1319 963 1359 aliis
986 1319 1277 1360 inconstantia.
1331 1315 1510 1373 Ώγηνός
1534 1319 1631 1360 alibi

139 1385 317 1441 ’Ώγενος
344 1385 549 1427 scribitur.
607 1384 797 1425 Ultimum
828 1381 1006 1438 ἀργηνός
1035 1397 1119 1427 non
1148 1386 1283 1437 reperi
1312 1396 1446 1437 neque
1476 1384 1526 1425 ab
1561 1380 1631 1437 ἀρ-

149 1452 222 1508 γός
261 1452 370 1495 aliud
409 1462 528 1504 quam
565 1445 750 1503 ἆργεινός
788 1450 963 1491 derivari
1004 1452 1160 1504 potuit,
1208 1462 1301 1490 nam
1346 1451 1417 1491 illa
1453 1451 1628 1503 ratione,

150 1533 230 1574 qua
249 1519 420 1561 Romani
452 1517 502 1558 ab
534 1516 747 1568 adjectivis
780 1517 983 1569 adjectiva
1013 1521 1244 1570 propagant
1270 1517 1450 1568 alicnus,
1483 1517 1628 1557 socie-

149 1587 275 1638 mts,²
307 1584 451 1626 Graeci
479 1593 563 1623 non
593 1587 771 1624 utuntur.
830 1583 920 1623 Duo
952 1594 976 1623 a
1014 1584 1151 1623 verbis
1191 1586 1401 1635 repetunt:
1440 1577 1553 1634 παρὰ
1580 1577 1628 1621 τὸ

147 1651 257 1706 μένω
289 1646 490 1704 ἀμενηνὸς
514 1644 568 1695 ὡς
595 1645 702 1688 πέτω
740 1646 911 1701 πετηνός
952 1649 1039 1689 ΕΜ.
1081 1647 1192 1689 Suid.
1233 1647 1307 1688 sed
1350 1646 1450 1687 illud
1488 1648 1628 1699 potius

148 1716 476 1772 parasyntheton
506 1716 555 1756 ab
588 1714 790 1766 adjectivo
823 1710 974 1767 ἀμενής
995 1726 1031 1755 v.
1062 1713 1113 1754 ad
1141 1714 1204 1765 Aj.
1234 1725 1270 1753 v.
1300 1712 1393 1754 890.
1411 1723 1505 1753 nam
1524 1723 1628 1764 syn-

148 1784 260 1824 theta
290 1783 369 1823 hoc
401 1781 443 1821 in
471 1791 640 1821 numero
672 1780 783 1820 nulla
812 1781 893 1821 nisi
923 1781 1029 1821 sorte
1058 1779 1263 1830 barytona
1292 1775 1468 1832 ἄστηνος
1488 1775 1629 1831 ’πένης

146 1844 260 1903 παρὰ
286 1844 334 1888 τὸ
362 1843 506 1887 στάσιν
533 1842 588 1899 μὴ
619 1843 721 1899 ἔχειν
749 1846 835 1887 ΕΜ.
867 1846 976 1888 Suid.
1009 1850 1049 1887 et
1077 1842 1279 1898 δύστηνος
1305 1840 1417 1898 παρὰ
1446 1840 1493 1884 τὸ
1523 1845 1626 1896 στῆ-

147 1931 227 1958 ναι.
247 1915 264 1942 ³
320 1912 617 1964 Moschopulns
650 1911 795 1953 Sched.
826 1923 864 1964 p.
897 1912 986 1953 145.
1018 1911 1128 1952 addit
1157 1907 1359 1965 εὐθηνός,
1395 1921 1475 1963 quo
1517 1910 1628 1951 scri-

148 1986 293 2035 ptores
323 1982 490 2020 utuntur
521 1979 731 2019 christiani
762 1989 799 2017 v.
830 1977 942 2018 Hase
972 1976 1024 2018 ad
1052 1977 1084 2018 J.
1113 1977 1268 2028 Lydum
1299 1989 1337 2029 p.
1366 1975 1458 2017 319.
1502 1975 1625 2016 Plura

150 2048 306 2089 omissa
336 2049 447 2086 sunt:
479 2040 661 2097 ἀκμηνός
700 2039 723 2084 ὅ
758 2038 949 2096 ἀκμάζων
984 2043 1100 2084 Hom.
1137 2038 1346 2095 ἄβακηνός
1385 2037 1408 2081 ὁ
1445 2037 1501 2094 μὴ
1540 2036 1626 2093 ὁμι-

148 2110 275 2167 λήσας
302 2111 467 2164 γυναικί
494 2110 591 2151 Hes.
622 2110 672 2151 ab
704 2104 872 2163 ἆβακής,
903 2113 947 2149 ut
975 2108 1148 2161 videtur,
1179 2107 1405 2148 derivatum
1436 2111 1476 2148 et
1504 2109 1623 2159 ejus-

148 2179 239 2221 dem
269 2178 512 2231 potestatis,
549 2177 630 2217 hoc
669 2179 733 2216 est
762 2175 930 2228 proprie
955 2171 1130 2226 ἄπειρος,
1163 2173 1308 2214 deinde
1338 2170 1531 2226 ἄφθορος
1559 2173 1624 2213 vel

147 2250 191 2287 ut
222 2243 454 2286 Simonides
486 2242 586 2283 dixit
624 2237 748 2294 εὐνῆς
786 2236 941 2294 ἀδηνὴς
967 2235 1225 2293 ἀφροδισίης,
1255 2251 1279 2280 a
1307 2236 1436 2293 τύρβη
1466 2239 1624 2292 συρβη-

147 2308 222 2360 νός
249 2306 272 2351 ὁ
301 2306 542 2362 ταραχώδης
568 2308 655 2349 ΕΜ.
674 2306 780 2348 unde
803 2307 1000 2348 sirbetms
1017 2305 1124 2359 apud
1142 2306 1404 2360 Frontonem,
1433 2302 1624 2359 ψεφηνός

237 2437 272 2480 1]
304 2436 344 2471 V.
370 2435 582 2477 Wesseling.
606 2432 648 2467 ad
673 2432 825 2467 Hierocl.
851 2432 930 2467 445.

235 2493 273 2536 2]
308 2493 464 2534 Serenus,
493 2492 591 2533 cujus
616 2489 753 2523 brevior
778 2487 885 2522 sorina
912 2488 947 2520 in
969 2496 1097 2519 seresco
1121 2488 1298 2530 remansit,
1326 2496 1403 2521 cum
1426 2484 1533 2531 ξηρός
1556 2496 1620 2519 su-

146 2549 208 2582 dus
233 2549 410 2588 convenit3
439 2555 505 2582 nec
534 2544 708 2588 discrepat
733 2544 851 2586 θέρος,
879 2542 972 2576 unde
999 2541 1163 2586 θερινός,
1191 2541 1357 2587 σειρινός.

235 2603 273 2645 3)
310 2603 494 2638 Breviores
522 2609 629 2636 voces
650 2597 841 2643 producunt
856 2597 1025 2632 Arcadius
1047 2596 1174 2634 δύσιος
1200 2596 1216 2630 ὁ
1239 2596 1412 2638 δύστηνος
1423 2594 1618 2639 etHesych.

147 2657 296 2698 ιἰστῆνες
321 2658 521 2702 δυστυχεῖς,
547 2657 712 2700 idemque
741 2652 1019 2696 Glossographus
1045 2653 1187 2689 verbum
1212 2652 1369 2686 ἇσταίνω
1396 2651 1490 2687 unde
1514 2650 1618 2690 ἀστη-

146 2712 208 2750 νός
230 2714 342 2755 acuta,
368 2716 406 2748 ut
429 2712 486 2747 hic
510 2711 682 2754 scribitur,
706 2710 826 2744 ultima
852 2712 888 2743 ut
912 2708 954 2743 ab
980 2708 1181 2742 ιἰλυσταίνω
1206 2705 1412 2748 ἀλυστηνός.
