1731 3021
168 159 230 201 20
653 149 1083 194 DISSERTATIO
1124 150 1151 191 1.

169 263 246 307 κόν
282 261 414 317 ὄνομα
451 265 536 312 τοῖς
574 259 690 312 ζώοις
729 256 1090 314 ἀπεκληρώσαντο,
1140 256 1214 300 τὸν
1246 255 1320 312 μὲν
1358 254 1510 311 ἄρσενα
1546 252 1646 313 ὅφιν

170 328 271 383 ὄφιν
297 325 522 383 ἀρσενικῶς
551 324 848 381 ὀνομάσαντες,
896 323 970 366 τὸν
1007 323 1051 366 δὲ
1085 326 1224 379 θῆλυν
1263 321 1425 377 ἔχιδναν
1452 325 1647 378 θηλυκῶς

169 395 238 437 καὶ
267 392 341 435 τὸν
367 392 440 447 μὲν
471 393 621 448 ἄρσενα
651 391 880 445 ἄνθρωπον
910 387 1131 443 ἀρσενικῶς
1160 388 1305 443 ἄνδρα,
1333 387 1408 430 τὸν
1437 387 1480 430 δὲ
1509 391 1647 443 θῆλυν

169 464 359 515 γυναῖκα,
392 465 434 501 ut
464 463 528 501 vir
558 485 610 489 -—
640 460 802 499 mulier.
863 457 945 498 Sed
974 457 1071 497 illud
1102 469 1183 497 non
1214 457 1344 508 magIs
1375 456 1495 496 fixum
1525 466 1646 508 quam

171 528 279 580 quod
319 531 481 579 praeter
512 527 616 567 alios
646 525 877 575 Antigonus
910 523 1031 564 tradit
1071 534 1104 564 c.
1133 522 1287 563 XXVII.
1317 522 1402 562 τῶν
1430 517 1648 562 ἀλκυόνων

170 595 210 635 οἱ
245 592 407 647 ἄρσενες
442 590 613 646 κηρύλοι
651 587 849 643 λέγονται,
892 594 931 629 ct
972 588 1108 629 Schol.
1139 588 1181 628 Il.
1211 587 1294 628 XII.
1325 587 1417 629 385.
1457 582 1480 627 ὁ
1514 584 1648 640 ἄῤῥην

170 659 314 714 δελφὶν
349 657 502 711 λέγεται
538 653 752 710 ἀρνευτήρ.
792 656 835 696 ln
855 653 1161 706 quadrupedum
1182 664 1278 694 vero
1301 653 1532 694 nominibus
1553 664 1647 694 crc-

170 728 244 767 bra
285 731 348 767 est
390 726 491 765 haec
531 723 707 763 diastole
743 735 900 773 καπρος
928 717 950 760 ὃ
980 733 1083 772 προς
1110 716 1282 771 θηλειαν
1315 719 1394 758 σῦν
1423 715 1648 759 διαστελλό-

170 807 292 845 μενος
321 790 547 841 rustes),
572 789 631 829 12.
661 788 812 839 ταῦρος
837 787 1010 838 --βοῦς
1045 797 1082 836 p.
1105 783 1223 837 1025,
1242 785 1306 824 41.
1336 781 1560 837 τράγος-
1581 782 1647 833 αἲξ

173 858 264 899 Seli
298 857 469 896 Tllcocr
498 854 526 894 Ι.
557 853 592 895 ὓ.
634 849 820 904 κάπρους
851 850 945 898 σύες
983 848 1053 891 καὶ
1088 845 1265 902 τράγους
1291 845 1400 902 αἶγες
1427 847 1649 902 ἐπάγονται

171 921 373 962 Plutaich
406 915 1133 971 Gry11.vl1.22o.11X111.quibus
1165 915 1312 956 similia
1339 915 1466 956 latina
1494 919 1648 957 taurus

173 1011 225 1016 ——
253 997 405 1037 vacca,
438 984 599 1025 hoedus
619 1008 672 1012 ——
692 995 823 1035 capra
854 986 930 1022 etc.
988 982 1038 1021 Et
1066 982 1106 1021 in
1139 981 1353 1022 vocabulis
1382 982 1649 1035 affinitatium‚

173 1063 277 1106 quae
307 1056 453 1092 natura
492 1053 531 1090 et
561 1048 878 1101 significatione,
922 1058 1005 1087 non
1045 1048 1165 1087 etiam
1203 1058 1307 1088 voce
1345 1047 1513 1088 mobilia
1541 1051 1649 1099 sunt,

170 1115 292 1165 πόσις
307 1140 363 1145 -
383 1112 539 1169 δάμαρ,
569 1111 735 1162 πάππος
751 1137 805 1143 —-
822 1111 953 1167 τήθη,
981 1109 1072 1159 υἱός
1092 1136 1146 1140 —-
1165 1109 1367 1165 θυγάτηρ,
1394 1109 1579 1166 Ιγαμβρός
1595 1135 1651 1142 —-
1721 1097 1723 1102 ¹

172 1210 225 1216 -
248 1180 368 1231 νυός,
399 1178 506 1235 δαήρ
525 1203 580 1210 ——
599 1179 755 1234 γάλως,
795 1192 899 1232 quae
929 1179 1169 1220 Eustathius
1202 1190 1238 1230 p.
1264 1178 1355 1220 391.
1386 1175 1652 1231 ἓτερωνύμως

173 1249 382 1302 appellata
401 1246 510 1301 dicit,
530 1246 692 1298 aliaque
710 1247 759 1287 ab
772 1246 957 1287 Helladio
979 1249 1206 1286 memorata
1216 1244 1331 1285 Phot.
1344 1242 1650 1297 Cod.279,865.

172 1316 248 1356 τοῦ
287 1309 438 1366 ἀνδρὸς
474 1308 549 1353 τὸν
588 1307 769 1365 ἀδελφὸν
808 1308 933 1363 δαέρα
969 1312 1163 1361 καλοῦσι,
1205 1306 1282 1364 τὴν
1312 1308 1355 1350 δὲ
1384 1305 1569 1363 ἀδελφὴν
1597 1304 1649 1350 οὐ

173 1378 342 1432 δάειραν
369 1374 471 1419 ἀλλὰ
500 1374 628 1431 γάλον
655 1377 752 1431 (sic)
791 1376 862 1419 καὶ
889 1380 1008 1418 θεῖον
1036 1374 1110 1430 μὲν
1138 1373 1213 1419 τὸν
1240 1378 1316 1418 τοῦ
1344 1371 1499 1428 πατρὸς
1528 1370 1650 1416 ἀδελ-
1720 1407 1721 1414 ,

174 1443 278 1501 φόν,
317 1440 454 1487 οὐκέτι
493 1441 537 1484 δὲ
573 1443 694 1484 θείαν
728 1440 776 1484 τὸ
805 1445 918 1497 θῆλυ
948 1439 1050 1483 ἀλλὰ
1077 1443 1239 1497 τηθίδα.
1305 1443 1379 1483 His
1410 1453 1515 1495 quae
1546 1453 1652 1483 con-
1721 1444 1723 1455 ¹

174 1513 343 1554 veniunt
377 1511 420 1551 in
458 1510 587 1550 altero
629 1520 819 1551 sermone
848 1510 1084 1551 Priscianus
1117 1514 1326 1551 enumerat
1355 1508 1449 1549 loco
1481 1508 1651 1560 proprio
1721 1554 1722 1559 ¹

175 1579 221 1620 V.
242 1578 276 1620 1.
299 1576 388 1619 167.
420 1577 487 1628 qui
519 1579 582 1617 est
613 1574 662 1615 de
692 1575 891 1616 motione:
921 1575 1250 1627 frater—soror,
1274 1576 1651 1627 patruus-amita,

177 1643 731 1691 avmwutus-matertera;
763 1645 845 1682 tum
866 1641 1010 1682 delnde
1031 1642 1129 1683 VIII.
1153 1641 1216 1695 10,
1239 1641 1303 1683 57.
1335 1641 1446 1693 (450.
1466 1641 1527 1694 Ρ.)
1548 1651 1654 1682 con-

177 1710 255 1750 fert
294 1719 384 1748 cum
422 1707 628 1760 inaequali
665 1707 939 1747 declinatione
977 1708 1184 1747 nominum
1223 1712 1262 1748 et
1291 1707 1510 1747 verborum
1548 1718 1654 1758 eqo—
1720 1703 1731 1738 s

177 1776 270 1826 mei,
302 1774 534 1826 sero—tuli,
568 1777 607 1813 et
638 1783 728 1813 cum
759 1772 982 1812 collatione
1007 1772 1301 1824 adjectivorum
1322 1772 1655 1814 bonus-melior

179 1845 256 1881 etc.
305 1838 650 1888 Quemadmodum
686 1839 810 1890 igitur
848 1838 889 1877 in
919 1839 1210 1889 personalibus
1248 1838 1447 1891 quaedam
1484 1838 1656 1880 hetero-

179 1906 276 1947 cIIta
304 1908 504 1945 vocantur
533 1901 644 1944 ἕσθω
672 1901 851 1957 ἔφαγον,
892 1900 1006 1955 φέρω
1037 1904 1160 1955 οἴσω,
1193 1908 1245 1958 et,
1276 1915 1381 1957 quae
1409 1904 1658 1956 Apollonius

181 1971 232 2012 de
266 1970 387 2010 Pron.
428 1981 466 2021 p.
509 1969 570 2011 14.
609 1969 672 2010 his
713 1969 974 2022 aequiparat,
1020 1969 1062 2009 in
1109 1970 1345 2011 casualibus
1391 1970 1657 2023 heteroptota

179 2033 297 2087 ὕδωρ
335 2032 510 2082 ὕδατος,
554 2035 615 2076 sic
651 2033 750 2074 illud
779 2035 1054 2086 imparilitatis
1083 2045 1212 2087 genus
1244 2040 1284 2076 et
1313 2036 1349 2076 si
1379 2036 1475 2089 quid
1510 2036 1656 2078 eodem

181 2101 314 2152 vergit
336 2100 642 2151 heteronymIae
661 2100 824 2140 nomine
842 2101 995 2152 signari
1016 2104 1176 2153 potest:
1206 2097 1373 2153 Λάγνος
1401 2097 1520 2157 ἀνήρ,
1549 2099 1657 2157 γυνὴ

182 2163 226 2207 δὲ
253 2161 407 2219 μαχλάς
434 2165 691 2217 Moschopul.
720 2166 824 2207 Diot.
853 2166 934 2207 Att.
965 2161 1134 2219 ἀσελγής
1164 2163 1229 2207 ἐπὶ
1258 2162 1490 2220 ἀρσενικοῦ,
1522 2165 1589 2208 ἐπὶ
1612 2165 1657 2209 δὲ

182 2231 258 2273 τοῦ
293 2230 482 2284 θηλυκοῦ
511 2226 648 2271 οὐκέτι
686 2226 808 2284 (ἀλλὰ
834 2228 1001 2284 μάχλος)
1035 2231 1225 2286 Thomas,
1241 2233 1258 2258 2
1297 2228 1402 2286 ἀνήρ
1430 2230 1505 2287 μὲν
1534 2231 1657 2288 Ἀθη-

182 2299 320 2347 ναῖος,
369 2290 421 2336 οὐ
458 2292 541 2349 μὴν
575 2291 776 2349 Ἀθηναία
822 2294 928 2350 γυνή
968 2292 1049 2336 ἀλλ’
1088 2293 1352 2351 ἓτερωνύμως
1389 2295 1531 2353 ἀττική
1570 2299 1659 2350 (καὶ

184 2357 306 2415 ἀστή)
336 2361 450 2403 Eust.
476 2361 597 2415 p.84,
619 2361 681 2404 11.
710 2361 856 2416 hisque
887 2363 1145 2404 constantius
1176 2369 1383 2407 servatum
1412 2359 1470 2414 εἷς
1497 2364 1540 2405 ἴα
1570 2366 1658 2408 sive

272 2534 310 2576 2)
358 2534 417 2569 His
454 2536 580 2579 apponi
614 2537 760 2579 possunt
794 2544 884 2579 quae
918 2546 995 2570 cum
1028 2545 1158 2579 genere
1201 2538 1490 2581 significationem
1528 2545 1658 2576 mutant

184 2590 325 2632 ἑταῖρος
351 2587 367 2621 ὁ
395 2589 508 2631 ([πίλος,
536 2590 659 2634 ἑταίρα
686 2590 725 2623 δὲ
752 2589 768 2630 ἡ
796 2590 909 2636 πόρνη
935 2592 1031 2627 Eust.
1057 2594 1112 2636 84,
1138 2593 1192 2629 30.
1219 2595 1348 2628 amicus
1368 2615 1410 2622 --
1430 2597 1551 2639 antica,
1588 2606 1655 2631 cu-

180 2643 238 2684 jus
269 2643 494 2678 masculinum
520 2648 573 2680 est
596 2647 747 2680 amasius
771 2646 806 2680 id
835 2650 888 2681 est
912 2657 999 2691 puer
1024 2649 1236 2692 meritorius,
1271 2654 1422 2686 scortum
1445 2652 1565 2695 virile,
1600 2662 1657 2686 sa-

182 2709 402 2742 yaecs-snya,
454 2699 564 2734 Etiam
592 2701 711 2740 θῆσσα
742 2703 776 2737 in
806 2702 878 2737 soro
904 2702 1018 2738 Attico
1043 2704 1238 2739 distinctum
1264 2714 1283 2740 a
1309 2705 1386 2747 θής.
