1731 3021
129 147 221 191 258
627 147 1059 191 DISSERTATIO
1091 148 1135 189 V.

128 262 272 310 untur,
309 253 534 312 ἀκακιάρης
564 255 753 312 (ἄκακος)
794 253 1076 310 ἀναμαλιάρης
1106 258 1346 312 capillatus,
1383 255 1605 313 κοιλιοὲρης,

126 319 360 376 γουλιάρης,
392 323 678 379 στομαχιάρης7
707 321 902 376 λισσάρης
941 320 1182 376 (λυσσήρης)
1225 319 1422 378 ὀκνιάρης
1459 319 1607 378 (ὀκνη-

129 385 219 441 ρός)
258 387 552 443 πεισματάρης,
592 386 867 443 ῥευματάρης,
907 385 1086 442 συχάρης
1125 387 1298 442 (σικχός)
1341 395 1380 431 et
1420 391 1607 443 opificum

130 454 433 506 appellationes
465 456 681 509 dupliciter
712 458 838 497 flexas
872 452 1138 508 μαγγανάρης
1167 453 1457 509 μαγγανάριος,
1487 458 1608 508 τζαγ-

128 518 255 573 γάρης
286 518 512 574 τζάγγαρος
540 520 792 576 τζαγγάριος,
823 518 1077 574 μακελλάρης
1093 519 1369 574 μακελλάριος,
1400 519 1608 575 βαρκάρης

131 587 356 640 harcarius,
386 586 559 642 κελάρης
589 590 804 641 callatim,
835 585 1087 640 σιλεντιοὲρης
1118 591 1193 628 etc.
1226 589 1274 628 cs.
1305 587 1535 628 Hemsterh.
1566 588 1608 629 in

128 652 312 694 Addend.
345 653 395 693 ad
426 654 529 695 Plut.
560 667 595 696 v.
628 653 741 696 15.¹3
771 658 982 705 postremo
1013 656 1159 693 neutra
1189 648 1419 705 ἀρμάριον,
1447 650 1608 705 σαγμά-

130 733 234 769 ριον,
267 731 372 770 quae
403 719 528 759 latine
560 721 775 760 terminata
804 719 1062 759 Herodianus
1096 718 1144 759 de
1174 719 1367 760 Dicliron.
1397 718 1488 760 291.
1519 718 1609 759 dis-

132 785 261 824 cernit
292 796 316 824 a
354 785 536 834 graecis:
575 780 627 824 τὰ
664 784 720 831 εἰς
757 799 877 836 αριον
915 781 1207 837 ὑποκοριστικὰ
1246 781 1448 825 συστέλλει
1484 780 1531 824 τὸ
1565 785 1607 832 α,

132 845 340 901 ἱππάριου,
370 846 589 902 φυτάριον·
618 845 643 902 ἡ
674 846 813 902 μέντοι
843 847 1046 903 συνήθεια
1075 846 1157 891 ἀπὸ
1187 851 1259 903 τῆς
1286 852 1370 891 τῶν
1393 846 1609 902 Ῥωμαίων

131 912 345 954 διαλέκτου
382 911 512 954 πολλὰ
553 911 760 956 ἐπίσταται
800 912 1060 968 ἐκτεταμένοι,
1092 914 1326 969 κελλάριον,
1369 913 1607 969 σουδάριον,

133 980 241 1033 quod
266 981 438 1021 Nomius
469 980 661 1032 Paraphr.
692 982 755 1023 XI.
789 982 878 1023 173.
917 983 978 1023 sic
1009 984 1295 1034 pronunciavit
1326 987 1370 1023 ut
1398 979 1607 1035 ἱππάριον,

138 1045 349 1100 Τιμάριον,
380 1057 523 1087 vocem
556 1048 758 1097 syriacam
790 1059 884 1088 esse
916 1053 1043 1089 ratus.

242 1118 280 1160 ς.
311 1113 349 1154 2.
408 1112 516 1152 ldem
558 1112 853 1153 Grammaticus
891 1126 932 1153 π.
977 1115 1090 1153 Μον.
1123 1126 1160 1166 p.
1190 1113 1255 1154 21.
1295 1112 1538 1164 simplicium
1567 1112 1608 1152 in

132 1194 246 1232 αιρος
276 1179 546 1220 desinentium
577 1189 697 1219 unum
727 1176 885 1231 ἑταῖρος
915 1180 1316 1232 properispomenon
1356 1189 1451 1218 esse
1490 1177 1609 1227 dicit3

132 1243 214 1285 ἔστι
241 1242 378 1298 μέντοι
405 1240 496 1284 τινὰ
525 1242 868 1296 προπαροξύτονα
898 1244 1040 1298 ἔχοντα
1068 1242 1145 1298 τὴν
1180 1235 1224 1286 αἱ
1254 1241 1460 1296 ἀπέραντα
1487 1240 1608 1293 ἐστιν,

133 1309 324 1363 ἄκαιρος,
355 1307 565 1361 εὔκαιρος,
597 1307 844 1363 εὐπάλαιρος
871 1312 1026 1364 χωρίον
1053 1309 1125 1364 τὴς
1154 1307 1326 1362 ἀκαρίας
1356 1310 1478 1351 scrib.
1512 1305 1608 1348 Πά-

131 1379 271 1426 λαιρος
299 1376 451 1428 χωρίον
479 1377 551 1428 τῆς
571 1371 852 1428 Ἀκαρνανίας,
885 1377 933 1418 de
961 1388 1041 1429 quo
1074 1378 1223 1418 Strabo
1255 1377 1434 1428 loquitur
1469 1387 1507 1415 V.
1535 1374 1609 1414 In-

135 1447 257 1494 terpr.
291 1442 340 1482 ad
373 1442 495 1482 Tliuc.
527 1442 572 1482 ΙΙ.
605 1442 670 1483 30.
719 1443 797 1483 Pro
838 1439 1044 1495 ἀπέραντα
1082 1445 1332 1483 correxerim
1369 1437 1610 1492 ἀπαράθετα

133 1505 188 1552 δὲ,
224 1509 303 1548 hoc
335 1511 397 1548 est
428 1508 777 1561 incomparabilia,
809 1510 904 1560 quia
939 1514 1007 1549 aut
1038 1509 1231 1560 syntheta
1263 1512 1356 1548 sunt
1387 1511 1456 1547 aut
1486 1506 1609 1546 loco—

132 1585 220 1614 rum
249 1573 536 1624 hominumque
568 1575 757 1625 propria:
789 1572 1007 1625 ἐπίκαιρος,
1037 1572 1295 1626 πρόςκαιρος,
1328 1570 1539 1623 Εὔκαιρος
1567 1571 1609 1610 in

133 1641 224 1679 Vita
262 1640 435 1678 Aristot.
478 1649 501 1676 a
540 1638 729 1688 Menagio
774 1639 882 1679 edita
921 1640 971 1680 ad
1007 1641 1123 1691 Diog.
1161 1640 1205 1680 V.
1243 1639 1307 1680 35.
1348 1650 1385 1689 p.
1424 1637 1516 1678 610.
1547 1635 1609 1676 ed.

132 1705 287 1744 Huebn.
327 1704 487 1755 (omiss.
528 1704 569 1743 in
601 1705 738 1757 Thes.)
784 1702 996 1758 Πάναιρος
1032 1706 1107 1744 viri
1145 1716 1295 1745 nomen
1335 1701 1606 1753 Thucyd.1V.

134 1770 197 1811 78.
233 1766 405 1821 Θέαιρος
432 1769 538 1809 fluvii
566 1771 686 1812 Antii.
717 1771 798 1812 VII.
829 1771 920 1812 514.
961 1782 1079 1823 quem
1117 1771 1167 1811 ab
1204 1770 1414 1811 Herodoto
1452 1765 1610 1818 Τέαρον

134 1835 211 1875 dici
243 1835 452 1876 adnotant.
513 1836 804 1888 Theognostus
836 1838 881 1878 ΙΙ.
913 1838 975 1879 71.
1007 1837 1116 1877 addit
1144 1837 1325 1877 doricum
1346 1832 1547 1887 κύπαιρος
1569 1838 1609 1874 et

133 1896 330 1952 χήμαιρος
361 1902 541 1942 sortasse
573 1914 647 1953 pro
679 1903 874 1954 χίμαιρος,
906 1914 1137 1955 quanquam
1167 1903 1206 1943 id
1225 1902 1507 1943 demonstrare
1525 1911 1609 1940 non

134 1976 316 2017 possum.
375 1965 556 2019 Χίμαιρα
586 1968 831 2019 primitivum
862 1974 946 2020 est3
986 1967 1165 2022 μάχαιρα
1195 1980 1219 2009 a
1255 1968 1381 2008 verbo
1423 1966 1608 2007 declina-

225 2143 282 2186 13)
318 2143 493 2187 Quidquid
525 2144 638 2178 adhuc
662 2144 764 2187 huJus
791 2147 928 2188 generis
954 2146 1043 2188 apud
1070 2145 1281 2188 antiquiores
1306 2143 1523 2186 investigavi,
1548 2142 1607 2175 in-

133 2201 263 2233 certum
299 2202 360 2233 est.
418 2199 565 2233 Primum
597 2201 704 2243 piscis
738 2199 914 2244 χελλάρης
947 2201 1020 2235 sive
1052 2200 1243 2244 χελλαρίιες
1275 2200 1308 2232 in
1344 2198 1444 2232 codd.
1480 2197 1606 2233 Athen.

133 2253 193 2286 ΙΙΙ.
224 2253 296 2288 108.
325 2252 362 2286 C.
393 2254 487 2288 idem
513 2254 569 2289 vel
595 2256 717 2289 similis
747 2257 779 2290 ei
806 2257 863 2298 qui
890 2254 1029 2298 χελλών
1052 2259 1195 2289 vocatur
1213 2254 1247 2288 id
1270 2258 1322 2290 est
1345 2253 1478 2298 χειλών
1499 2253 1604 2286 labeo.

132 2308 202 2343 Sed
229 2317 296 2342 non
321 2308 477 2343 diversus
503 2310 637 2345 videtur
662 2311 855 2354 καλλαρίας
882 2319 944 2345 seu
971 2310 1169 2354 γαλλαρίας
1201 2310 1296 2345 brevi
1323 2310 1605 2353 antepenultima,

132 2365 232 2407 isque
257 2364 384 2407 γαλίας
409 2365 533 2399 dicitur
559 2366 599 2400 ab
628 2366 813 2409 Hesychio.
863 2366 925 2400 Vix
950 2375 1069 2399 sanum
1095 2366 1179 2400 iliud
1199 2367 1285 2400 Piut.
1314 2376 1343 2399 c.
1375 2364 1485 2398 Colot.
1512 2363 1549 2397 C.
1578 2363 1604 2397 1.

128 2418 338 2462 Ἐπίκουρος
362 2419 424 2453 τὸν
447 2420 616 2461 Κωλώτην
640 2421 763 2454 εἰώθει
788 2420 1009 2464 Κολωτάραν
1043 2419 1322 2465 ὑποκορίζεσθαι
1356 2421 1417 2453 καὶ
1440 2417 1605 2451 Κολωτά-

132 2485 230 2516 ριον,
267 2474 329 2509 sed
360 2478 518 2512 omittere
544 2477 637 2511 nolui
665 2481 805 2520 propter
829 2478 978 2512 similem
1007 2478 1163 2521 speciem
1188 2478 1361 2510 nominum
1388 2475 1605 2519 plebejorum

131 2529 323 2572 γῠυλιίὶρης
347 2534 414 2565 etc.
442 2535 625 2577 Σκοταρία
651 2531 761 2576 ζόφος
780 2533 920 2576 Ἀχαιοί
951 2533 1034 2567 Hes.
1070 2531 1216 2567 sortasse
1243 2541 1263 2566 a
1289 2529 1465 2575 σκοταρός
1487 2530 1523 2564 id
1551 2532 1605 2564 &St

132 2584 313 2627 σκοτερός.
361 2587 675 2633 Πλασταρεύοντες
698 2587 918 2624 πλάσσοντες
940 2587 1091 2631 Hesych.
1116 2586 1399 2631 μυθαρεύεσθαι
1427 2585 1522 2620 Stob.
1551 2584 1602 2619 Fl.

133 2638 167 2671 T.
200 2638 294 2673 LXV.
325 2642 375 2676 17.
402 2651 434 2685 p.
463 2644 538 2687 409,
567 2645 618 2680 12.
645 2653 755 2687 nuper
779 2653 799 2678 e
825 2642 926 2677 codd.
961 2646 1139 2686 receptum
1176 2653 1238 2687 pro
1262 2641 1508 2686 μυθεύεσθαι,
1533 2650 1602 2675 no-

129 2694 317 2738 vitiumque
342 2696 540 2743 ῥιπαρίζειν
563 2700 747 2743 singularis
771 2708 969 2742 paragogae
995 2699 1156 2742 exempla
1186 2702 1274 2733 sunt.
