1731 3021
171 171 267 215 490
643 166 1077 210 DISSERTATIO
1120 167 1184 209 XI.

126 272 130 276 ⁴
172 279 279 322 unde
307 282 406 320 nata
436 278 529 320 sint.
586 279 623 319 A
651 278 788 319 verbis
819 277 1035 328 barytonis
1060 272 1283 329 Ἀγαλλίας,
1319 276 1512 327 navatae,
1545 277 1647 318 Φει-

170 346 273 396 δίας,
308 344 458 399 Φερίας
485 344 606 385 Paus.
638 344 703 384 VI.
741 343 803 384 14.
833 342 1010 395 λαμπίας
1038 339 1061 382 ὁ
1090 340 1205 396 ἥλιος
1229 343 1325 384 HeS.
1354 343 1540 396 θλιβίας,
1570 353 1646 384 ou-

166 415 236 465 jus
274 411 445 464 primam
481 409 682 461 syllabam
710 409 1011 462 Lexioographi
1048 410 1179 450 nostri
1209 409 1325 461 apice
1355 412 1500 450 notant
1529 418 1647 449 men-

171 488 307 519 suram
337 476 569 529 praesentis
610 476 794 528 sequuti,
831 475 1018 528 exemplo
1060 480 1275 528 praeterea
1314 474 1449 526 nullo;
1492 484 1587 515 nam
1623 483 1648 514 a

170 544 309 597 τρίβω,
338 542 475 592 κλίνω,
502 541 634 594 πνίγω
664 541 837 593 aliisque
855 541 1220 593 maoroparaleetis
1245 540 1396 580 nullum
1415 537 1649 591 huJusmodi

171 608 473 652 substantivum
502 607 800 660 proficiscitur3
831 607 903 648 sed
922 607 1066 659 ταμίας
1089 617 1112 647 a
1134 606 1249 647 verbi
1269 607 1401 646 forma
1419 604 1648 646 thematioa.

171 678 209 718 A
239 674 508 717 circumflexis
544 670 657 726 ἐμίας
696 668 753 720 ὥς
790 674 952 725 κοχλίας
990 669 1035 713 ἐκ
1072 673 1148 713 τοῦ
1177 669 1286 725 ἐμεῖν
1314 672 1429 713 Eust.
1458 669 1552 723 996,
1581 668 1648 712 38.

170 741 353 794 ζωγρίας,
377 737 533 792 “Ηγίας,
564 737 750 785 Μειδίας.
808 739 845 779 A
875 739 1020 779 futuris
1050 736 1236 790 βλεψίας,
1276 733 1357 777 ἀπὸ
1385 737 1461 776 τοῦ
1490 730 1648 788 κινήσω

171 806 374 860 Κινησίας
414 800 470 851 ὡς
507 801 627 843 σώσω
666 802 835 850 Σωσίας
870 803 957 844 ΕΜ.
991 803 1093 856 513,
1124 804 1188 844 55.
1221 804 1352 844 Cram.
1383 801 1430 842 II.
1459 800 1554 853 228,
1582 799 1647 842 24.

169 873 208 914 Α
245 869 478 912 nominibus
520 869 675 921 primae
714 868 1001 909 declinationis
1040 868 1209 921 σχιζίας,
1241 867 1386 920 ῥιζίας,
1417 865 1594 916 σπιζίας,
1623 875 1649 905 a

169 935 408 979 masculinis
450 934 670 987 μυκητίας,
718 935 965 987 τρνφητίας,
1006 929 1237 987 Ἐπιχητίας
1273 930 1412 987 ἐνδεής
1450 933 1547 974 Hes.
1593 930 1645 972 ab

168 999 370 1055 ἐπιχήτης,
401 999 511 1053 quod
542 999 686 1041 eodem
715 999 837 1041 modo
869 1001 1164 1052 interpretatus
1197 1004 1285 1052 θεῖς
1325 1012 1349 1041 a
1377 1000 1514 1053 κρίτης
1544 998 1646 1048 Κρι-

167 1070 255 1117 τίας
282 1073 326 1110 ut
357 1079 381 1108 a
415 1065 570 1113 Φίντας
604 1066 774 1113 Φιντίας
801 1078 838 1107 v.
870 1066 1063 1107 Valokeii.
1087 1066 1220 1107 Praef.
1241 1066 1292 1106 ad
1311 1066 1421 1107 Phal.
1441 1076 1480 1117 p.
1501 1064 1642 1106 XXIII.

169 1135 251 1179 Sed
279 1135 382 1175 liaeo
412 1132 533 1174 etiam
565 1131 615 1172 ad
644 1132 808 1171 nomina
838 1131 1044 1173 secundae
1075 1132 1224 1172 elassis
1255 1132 1444 1172 revocari
1472 1134 1649 1183 possunt

167 1207 212 1243 ut
240 1199 440 1255 γερανίας,
465 1193 635 1246 Ἱππίας,
668 1197 850 1249 Κωμίας.
908 1199 944 1238 A
987 1198 1144 1238 neutris
1184 1198 1329 1238 tertiae
1367 1192 1538 1246 ἀνθίας,
1576 1196 1647 1249 βε·-

167 1269 276 1316 λίας,
308 1265 488 1315 Κυδίας,
523 1262 684 1316 Πνρίας
711 1263 832 1305 Paus.
862 1264 1135 1317 βρασματίας,
1165 1263 1402 1316 πωματίας,
1441 1260 1646 1321 γαλαξίας,

169 1346 194 1376 a
219 1332 457 1375 masculinis
499 1324 749 1379 ἀνθρακίας,
780 1329 1012 1380 γεροντίας,
1042 1330 1257 1379 κανονίας,
1295 1327 1539 1382 μνρμηκίας,
1569 1326 1643 1367 Αἰ-

167 1399 258 1454 γίας
297 1398 460 1450 (Omiss.
496 1395 538 1434 in
576 1394 668 1445 Th.)
708 1394 809 1435 Plut.
849 1395 892 1435 V.
931 1396 1044 1436 Arat.
1076 1395 1212 1436 XVIII.
1251 1395 1416 1441 νεανίας
1453 1390 1536 1434 ἀπὸ
1565 1392 1644 1434 τοῦ

166 1463 266 1508 vecti)
294 1462 486 1515 Apollon.
528 1459 578 1500 de
617 1459 718 1500 Adv.
758 1459 851 1501 570.
891 1471 1024 1512 pauca
1062 1471 1086 1500 a
1129 1461 1331 1502 femininis
1372 1458 1646 1513 λαμπα.δίας,5

167 1529 388 1583 συριγγίας.
446 1527 506 1567 De
542 1525 677 1565 multis
709 1524 884 1565 dubitari
921 1529 1061 1577 potest
1102 1527 1181 1565 utri
1219 1526 1425 1567 subscribi
1470 1525 1646 1567 debeant

169 1598 298 1651 parti,
332 1593 460 1634 Verbo
492 1602 544 1631 an
572 1591 745 1630 nomini:
788 1590 938 1637 Νικίας
977 1587 1090 1642 παρὰ
1118 1588 1165 1631 τὸ
1194 1591 1287 1644 νίκη
1319 1590 1343 1644 ἢ
1371 1587 1485 1644 παρὰ
1511 1587 1558 1631 τὸ
1588 1604 1645 1630 νι-

166 1663 225 1704 κῶ
257 1657 312 1708 ὡς
342 1656 451 1710 ἄρχω
476 1653 636 1709 Ἀρχίας
663 1656 750 1696 EM.
780 1655 872 1707 GOG,
907 1656 969 1697 10.
1002 1661 1039 1697 el
1071 1655 1259 1708 ἐρευθίας
1289 1657 1450 1708 (omiss.
1483 1656 1525 1696 in
1556 1655 1644 1708 Th.)

169 1727 308 1771 Soliol.
346 1725 517 1765 Aristot.
550 1722 690 1773 Categ.
732 1732 770 1773 p.
801 1720 865 1762 68.
896 1722 934 1762 b.
969 1721 1030 1763 10.
1063 1722 1122 1764 ed.
1163 1722 1348 1763 Brandis.
1390 1722 1440 1763 ab
1483 1719 1644 1775 ἐρεύθω

167 1805 219 1836 an
248 1790 431 1844 ἔρευθος,
461 1787 652 1841 quodque
681 1786 787 1827 idem
816 1786 902 1828 EM.
930 1792 1127 1828 memorat
1155 1800 1193 1841 p.
1222 1788 1317 1842 804,
1355 1788 1420 1830 45.
1456 1784 1512 1836 ὡς
1540 1787 1644 1842 φαί-

164 1873 224 1900 νω
269 1855 454 1905 Φανίας,
495 1849 643 1907 ἀμύνω
667 1850 881 1905 Ἀμυνίας,
914 1850 1026 1894 οὕτω
1055 1854 1183 1907 χαίρω
1214 1854 1402 1908 Χαρίας6
1428 1851 1499 1895 καὶ
1526 1854 1643 1895 πλεο-

164 2045 234 2080 bile
271 2043 334 2078 sed
366 2040 582 2076 tolerabilius
619 2042 672 2075 est
705 2049 807 2083 quam
839 2039 1012 2075 Plutarchi
1048 2043 1247 2084 conjectura
1279 2041 1386 2076 amias
1422 2038 1490 2074 dici
1515 2037 1577 2072 διὰ
1601 2037 1640 2073 τὸ

165 2095 484 2144 συναγελαστικόν.
532 2095 570 2129 In
602 2095 743 2130 Aristot.
778 2095 819 2130 H.
845 2095 933 2130 Ann.
962 2097 1054 2130 VIII.
1081 2099 1113 2132 2.
1141 2107 1173 2140 p.
1201 2097 1278 2133 591.
1307 2105 1338 2130 a.
1367 2095 1419 2130 11.
1446 2095 1641 2139 complures

167 2156 270 2191 codd.
311 2154 418 2197 ἀμίαι
445 2150 614 2193 praebent
646 2160 715 2184 non
749 2160 768 2185 a
798 2155 893 2186 recto
928 2151 1039 2195 ἀμίας
1073 2152 1135 2187 sed
1161 2162 1180 2186 a
1208 2152 1371 2187 feminino
1405 2150 1518 2194 ἀμία,
1547 2150 1641 2194 quod

164 2211 255 2245 huno
281 2211 461 2243 accentum
485 2206 590 2242 habet
616 2207 649 2240 in
673 2207 783 2241 Vatic.
810 2206 849 2240 B.

254 2264 292 2308 5)
323 2264 398 2297 Hoc
432 2263 635 2297 exterminat
658 2262 894 2296 Solineiderus
929 2262 1018 2305 apud
1043 2262 1233 2303 Diogenem
1267 2261 1340 2295 VII.
1372 2261 1446 2296 152.
1476 2260 1534 2294 ubi
1560 2270 1640 2295 me-

166 2327 263 2357 teora
297 2321 493 2361 enumerat,
529 2316 725 2361 λαμπάδας
769 2319 956 2360 corrigens.
1013 2316 1083 2351 Seri
1128 2317 1187 2349 iila
1230 2316 1393 2359 frequens
1437 2316 1643 2350 coelestium

165 2378 296 2420 ignium
322 2373 528 2417 appellatio:
567 2372 706 2410 δοκίαι,
733 2373 872 2415 garsiam,
901 2372 1048 2409 ἑλικίαι,
1078 2373 1252 2414 mmmm,
1280 2374 1480 2416 πωγωνίαι,
1506 2374 1641 2410 πιθίαι,

165 2440 281 2475 neque
307 2429 420 2463 obstat
448 2428 539 2471 quod
564 2429 670 2463 iidem
699 2430 836 2463 nomine
865 2429 1036 2471 primitivo
1061 2431 1227 2460 vocantur
1251 2426 1384 2466 ἕλικες,
1410 2430 1526 2466 πίθοι,
1551 2428 1640 2472 λαμ-

165 2486 280 2523 πάδες
302 2494 334 2518 v.
361 2483 439 2518 Job.
464 2483 548 2526 Lyd.
578 2484 620 2519 de
649 2483 757 2518 Mons.
784 2483 874 2517 xiii.
903 2493 937 2527 p.
965 2484 1019 2518 51.
1051 2488 1085 2518 et
1112 2495 1146 2527 p.
1178 2484 1252 2520 118.

254 2552 293 2594 6)
318 2550 406 2584 Hinc
431 2552 484 2584 est
508 2550 680 2592 genitivus
706 2549 768 2581 τοῦ
790 2551 928 2593 Καρίου
953 2549 1034 2583 Sch.
1063 2549 1127 2583 od.
1156 2551 1182 2584 I.
1211 2550 1288 2585 325.
1314 2559 1381 2583 non
1407 2558 1427 2584 a
1449 2547 1587 2593 Χάριος
1607 2552 1644 2583 ut

168 2607 337 2642 ilenrieus
373 2607 469 2648 putat
499 2606 535 2638 in
567 2604 726 2640 Addend.
762 2604 885 2638 Buttm.
917 2614 1032 2648 neque
1066 2608 1161 2640 reete
1199 2605 1266 2639 huo
1298 2604 1430 2640 contert
1462 2605 1643 2648 gentilicia

169 2662 322 2696 Θέσπιος
351 2663 384 2694 et
412 2658 629 2700 Θεσπιάδης.
681 2659 824 2695 Charias
861 2661 920 2696 ille
956 2661 1025 2694 alio
1060 2660 1138 2695 loco
1172 2658 1362 2706 Χαριάδης
1395 2660 1536 2703 dicitur,
1569 2660 1639 2694 alio

166 2714 391 2760 Χαρίδημος,
418 2722 509 2757 quae
534 2715 682 2750 librariis
708 2716 866 2760 imputari
891 2716 1009 2750 nolim.
