1731 3021
157 160 241 203 316
641 158 1075 202 DISSERTATIO
1123 159 1206 202 vn.

161 270 301 310 oribus
332 269 571 311 auctoribus
611 269 743 322 digna.
799 270 886 311 Nec
926 273 1062 310 tamen
1107 271 1242 310 omnia
1278 270 1505 322 aequaliter
1543 272 1640 325 pla-

162 337 301 377 cuisse
331 334 512 375 ostendit
543 336 740 388 Stephani
771 335 1005 376 adnotatio:
1041 333 1433 388 Πελοποννησιακὸν
1458 334 1639 390 πόλεμον

163 399 439 456 φυλάττονται
464 398 603 454 λέγειν,
635 414 714 455 quo
747 402 954 443 Diodorus
985 401 1111 441 utitur
1140 401 1223 442 XII.
1254 401 1318 443 37.
1341 407 1380 442 et
1403 403 1469 443 alii
1493 403 1638 444 Graeci

161 469 376 520 Latinique
414 467 577 508 diverso
616 480 639 509 a
680 469 882 520 primitivo
924 467 1256 518 Peloponnesias
1299 468 1521 511 intellectu,
1578 470 1640 510 Ac

162 536 306 575 nescio
343 546 394 574 an
418 530 549 582 Ἰακός
586 545 749 586 quoque
779 535 911 574 minus
943 533 1158 585 probatum
1198 534 1251 573 sit
1290 545 1409 585 quam
1445 531 1638 582 Ἰωνικός.

164 599 527 642 Grammaticorum
569 601 771 640 officinam
810 600 954 651 resipit
994 599 1215 640 Herodiani
1259 601 1474 652 inscriptio
1513 615 1640 652 προς-

164 667 268 707 ωὸία
297 662 556 719 ὀὸυσσειακή.
614 665 786 705 Veteres
818 677 842 705 a
872 665 1142 706 substantivis
1175 671 1212 706 et
1244 666 1458 718 adjectivis
1488 667 1530 707 in
1551 658 1640 714 HE}

165 734 408 774 exeuntibus
447 732 558 772 nulla
595 730 746 771 ducunt
783 732 949 771 nomina
987 732 1028 771 in
1058 723 1179 781 {iio-9,
1221 743 1429 784 perpauca
1475 733 1517 772 in
1554 723 1638 784 οἷς,

165 796 364 852 δαρεικός,
395 793 658 850 κεραμεικός,
691 796 740 836 de
779 808 858 848 qua
898 801 1015 848 parte
1053 808 1149 837 mox
1188 797 1356 838 dicetur.
1424 798 1505 839 Sed
1546 803 1642 839 sunt

165 865 245 906 alia
275 865 395 915 hujus
427 873 662 915 paragogae
693 861 963 914 deverticula,
1009 862 1057 902 de
1088 863 1235 914 quibus
1276 864 1482 904 disserere
1521 876 1641 916 quam

159 930 345 983 judicare
370 929 491 970 malo.
548 928 722 969 Primum
751 924 980 978 πυρῥάκων
1009 928 1117 979 quod
1149 929 1374 970 Kuesterus
1419 929 1569 970 Suidae
1608 942 1641 972 s.

169 993 394 1048 Πυῤῥάκης
426 1006 446 1036 e
478 994 594 1035 codd.
621 994 801 1034 restituit
841 998 880 1034 et
919 995 1084 1034 nomina
1125 995 1294 1045 propria
1333 994 1477 1035 eodem
1517 995 1639 1036 modo

165 1063 400 1104 terminata:
439 1057 630 1113 Τριάκων
660 1060 902 1100 notissimus
940 1059 1008 1099 ille
1038 1059 1214 1109 Argivus
1254 1060 1322 1111 qui
1360 1060 1563 1100 coloniam
1600 1062 1642 1101 in

164 1129 362 1180 Aeginam
393 1127 505 1167 duxit
537 1126 673 1168 Schol.
703 1125 815 1166 Pind.
846 1125 906 1167 Ol.
940 1125 1038 1166 VIII.
1069 1124 1133 1165 39.
1169 1125 1305 1165 TzetZ.
1342 1125 1392 1165 ad
1421 1126 1516 1176 Lyc.
1548 1126 1640 1168 450.

167 1194 266 1236 Chil.
297 1193 377 1234 VII.
408 1192 500 1234 319.
532 1197 571 1234 et
600 1193 641 1232 in
673 1191 810 1233 Schol.
842 1191 971 1232 Cram.
1002 1190 1155 1232 Auecd.
1185 1191 1249 1231 III.
1280 1190 1372 1231 369.
1420 1192 1642 1243 penultima

164 1261 314 1312 ubique
346 1263 465 1300 acuta
494 1263 537 1298 ut
562 1258 680 1310 jubet
709 1257 910 1298 Arcadius
942 1269 979 1309 p.
1022 1257 1084 1299 12.
1123 1252 1173 1296 τὰ
1213 1255 1269 1303 εἰς
1307 1271 1422 1296 ακων
1461 1254 1528 1297 διὰ
1564 1259 1641 1299 τοῦ

165 1317 215 1367 ἦ
256 1322 474 1377 κλινόμειά
513 1324 775 1375 περισπᾶται,
811 1319 1038 1373 Ἱπποκῶν,
1078 1323 1268 1362 Λαοκῶν.
1346 1319 1406 1362 Τὰ
1443 1323 1499 1371 εἰς
1527 1339 1642 1365 ακων

164 1388 415 1443 τοπικώτερα
453 1385 660 1439 ὀξύνεται,
699 1386 914 1442 χαρακών,
946 1385 1185 1442 φαρμακώυ.
1251 1384 1308 1427 Τὸ
1337 1385 1476 1440 μέντοι
1510 1387 1641 1443 Τριά-

166 1473 275 1508 utor),
313 1453 540 1506 Σαλάκων,
579 1454 837 1495 Αἰολοσίκων
873 1452 1116 1507 βαρύνεται,
1158 1450 1209 1495 οὐ
1247 1452 1326 1507 γάρ
1362 1452 1444 1494 ἐστι
1480 1453 1640 1498 τοπικά.

166 1525 301 1565 Trium
332 1534 435 1574 quae
466 1526 676 1574 postremo
708 1521 801 1562 loco
834 1523 971 1573 posita
1001 1526 1109 1574 sunt,
1140 1521 1218 1561 duo
1250 1532 1324 1572 per
1353 1525 1388 1560 ὦ
1428 1521 1643 1563 declinan-

167 1596 242 1643 tur,
273 1585 320 1629 τὸ
350 1585 392 1628 δὲ
429 1584 619 1639 Τριάκων
655 1584 906 1640 Τριάκοντος
935 1582 990 1633 ὡς
1014 1584 1225 1639 μετοχικόν
1247 1587 1496 1637 Theognost.
1516 1600 1553 1639 p.
1572 1589 1638 1630 34.

166 1657 210 1698 Id
242 1654 437 1705 originem
459 1653 581 1693 habet
602 1664 625 1692 a
644 1652 841 1692 numerali
859 1652 962 1704 τρία,
993 1652 1100 1692 unde
1134 1651 1259 1705 Τριάξ
1279 1653 1320 1692 in
1344 1653 1470 1693 Inscr.
1492 1653 1638 1695 Boeot.

170 1721 288 1765 1582.
322 1732 359 1772 p.
392 1718 483 1759 762.
522 1716 662 1758 εἰκόνα
698 1714 817 1771 τήυὸ’
851 1713 1026 1771 ἀνέθηκε
1061 1715 1282 1771 Φορύστας
1317 1721 1414 1766 παῖς
1451 1715 1474 1759 ὁ
1512 1722 1640 1774 Τρία-

167 1803 260 1837 κος,
302 1791 341 1827 et
387 1784 648 1837 Τριακαὸίων
685 1795 722 1824 n.
764 1785 880 1825 1574.
924 1784 947 1826 l.
979 1784 1040 1825 14.
1073 1788 1117 1824 ut
1156 1796 1179 1824 a
1216 1784 1403 1835 proximo
1445 1796 1640 1828 numera-

167 1856 262 1895 lium
299 1851 528 1903 Τεταρτίων
556 1861 593 1891 n.
634 1849 750 1891 1282.
790 1849 1039 1902 latinumque
1080 1849 1298 1902 Quartilla,
1343 1851 1524 1892 SextiIla.
1582 1854 1642 1894 Ita

167 1920 345 1974 patescit
381 1913 570 1969 Τοιάκων
599 1926 682 1955 non
713 1920 755 1955 ut
785 1912 977 1956 σαλάκων
999 1916 1340 1968 pronuntiandum
1372 1927 1467 1957 esse
1497 1918 1569 1958 sed
1599 1924 1643 1960 ut

166 1983 346 2039 τριακὰς.
404 1983 537 2023 Minus
567 1992 665 2021 vero
697 1981 824 2033 liquet
854 1981 902 2022 de
927 1978 1134 2034 Ἡράκων,
1168 1982 1449 2033 similibusque
1474 1985 1642 2034 quaein

167 2049 507 2103 inscriptionibus
553 2048 811 2099 potissimum
859 2047 1058 2088 laconicis
1108 2048 1366 2099 reperiuntur
1413 2046 1640 2101 Δεινάκων,

167 2112 462 2168 Εὖὸαιμάκων,
494 2110 703 2166 Ξενάκων,
738 2109 1012 2165 Πασοὲκων,15
1045 2110 1239 2152 Φιλάκων
1270 2123 1307 2152 n.
1340 2112 1455 2153 1249.
1487 2126 1524 2165 p.
1549 2114 1672 2158 624.-

169 2185 330 2224 diVerse
361 2180 563 2221 declinata
591 2180 664 2218 τοῦ
695 2175 958 2225 Δεινάκωνος
987 2189 1023 2219 n.
1058 2178 1173 2219 1307.
1212 2178 1288 2217 τοῦ
1324 2176 1565 2230 Τιμάκωνος
1603 2193 1641 2223 n,

171 2249 287 2292 1344.
318 2247 393 2287 τοῦ
416 2242 659 2296 ‘Hodxmvog
689 2250 728 2284 et
750 2240 1004 2296 θΗράκοντος
1032 2244 1225 2294 Polyaen.
1255 2245 1354 2285 VIII.
1384 2244 1447 2285 40.
1469 2257 1641 2296 quorum

168 2314 393 2367 primitiva⁷
433 2322 537 2364 quae
577 2310 736 2362 quidem
775 2310 816 2348 in
847 2321 923 2349 usu
955 2310 1055 2362 sint,
1097 2311 1131 2349 si
1152 2311 1353 2362 rimamur,
1384 2310 1431 2350 ad
1461 2313 1642 2362 speciem

168 2380 354 2432 proxima
385 2381 480 2418 sunt
509 2378 683 2425 Δείνων,
714 2370 960 2426 Εὐδαίμων,
993 2371 1136 2419 Ξένων
1175 2381 1250 2416 etc.
1316 2377 1524 2416 Accentus
1566 2389 1643 2418 au-

169 2451 248 2486 tem
290 2442 566 2485 constituendi
609 2442 835 2493 exemplum
882 2442 1081 2493 praebent
1128 2438 1316 2493 Τριάκων
1365 2446 1404 2482 et
1435 2437 1640 2494 ‘HQch-ov.

170 2510 273 2559 Quid
302 2521 400 2550 vero
433 2513 497 2550 est
528 2520 599 2549 cur
629 2507 886 2549 Herodianus
916 2507 1009 2548 huic
1050 2507 1293 2548 simillimum
1317 2502 1565 2561 Ἀθηνακών
1601 2510 1643 2550 in

259 2663 316 2706 15]
349 2663 387 2697 ld
422 2665 525 2708 coqui
550 2664 708 2708 Spartani
743 2673 869 2700 nomen
902 2666 955 2700 est
984 2664 1093 2699 Inscr.
1120 2673 1152 2698 n.
1182 2664 1279 2701 1239.
1307 2664 1452 2701 sortasse
1488 2664 1643 2710 γεύστην

169 2717 367 2761 significans
391 2728 411 2755 a
438 2720 544 2757 Verbo
568 2718 772 2754 πάσασθαι,
