1747 3005
336 146 405 189 DE
436 143 726 189 NOMINIBUS
756 143 810 186 IN
837 144 862 198 ξ)
885 142 1230 186 EXEUNTIBUS.
1270 149 1308 193 §.
1333 143 1370 187 6.
1506 144 1591 188 281

115 256 281 299 vacillat
310 267 394 297 non
425 255 558 297 solum
590 254 685 307 quia
713 250 967 307 θανατήριος
995 263 1195 305 nusquam
1216 252 1363 305 legitur
1380 253 1454 295 sed
1473 254 1594 296 etiam

116 321 226 375 quod
256 321 446 373 analogia
476 326 610 374 caret,
660 330 752 360 nam
780 314 1019 371 θανατηρός
1047 318 1202 371 ipsum,
1247 319 1336 359 sine
1366 331 1446 372 quo
1478 320 1594 361 nasci

114 399 198 429 non
228 387 374 440 potuit,
417 387 570 428 seculis
600 384 808 437 barbaris,
847 388 890 424 ut
920 383 1014 437 dixi,
1045 387 1182 424 natum
1212 388 1287 425 est.
1344 385 1471 425 Multo
1503 397 1593 426 me-

116 453 243 494 liores
275 456 467 493 auctores
498 452 621 492 habet
657 446 911 502 καματηρός,
951 448 1025 490 sed
1062 445 1312 502 καματῆριος
1339 451 1484 490 merito
1515 450 1592 491 ad-

117 518 346 571 dubitatur‚
389 529 522 569 neque
562 515 669 557 aliud
708 515 842 567 reperi
881 514 1053 567 duplicis
1094 515 1391 556 terminationis
1428 515 1469 555 in
1508 526 1590 557 uno

117 583 320 636 adjectivo
353 583 602 635 exemplum:
634 591 726 621 nam
756 575 922 634 ἀτήριος
950 579 1060 633 quod
1079 580 1306 621 Brunckius
1330 581 1592 622 invexitAn-

118 650 186 700 tig.
218 648 256 690 2.
292 651 377 701 jam
407 648 474 688 diu
503 650 699 699 rejectum
731 650 813 698 est3
861 642 984 698 ἄγγος
1012 643 1241 699 μελιτήριον
1265 647 1476 699 Aristoph.
1508 647 1592 687 Ta-

117 715 266 764 genist.
296 725 333 755 n.
362 713 534 753 XXXVI.
566 717 606 753 et
636 709 882 765 ἄλφιτήριον
910 711 1128 763 Antiphan.
1160 724 1197 764 p.
1219 712 1284 754 34.
1316 712 1358 753 T.
1377 712 1440 753 III.
1470 713 1590 754 unius

117 779 262 820 literae
292 782 456 831 jactura
494 777 545 818 ad
582 789 765 818 normam
797 777 984 818 revocari
1023 785 1215 831 possunt,
1257 773 1463 831 ἀλιτήριος
1490 789 1590 819 vero

118 841 161 885 et
188 840 428 897 dittrqugffi
456 855 536 883 una
566 844 798 884 consistere
827 846 1024 896 possunt,
1062 843 1141 883 hoc
1171 854 1194 883 a
1223 843 1350 884 verbo
1381 843 1592 899 deflexum,

117 913 159 950 ut
192 920 317 961 supra
348 909 585 961 significavi,
627 909 726 949 illud
756 909 806 948 ab
837 904 992 961 ἀλείτης
1023 912 1215 960 correpta
1244 913 1414 961 propter
1444 920 1592 951 accre-

119 975 270 1016 tionem
288 974 448 1025 syllaba
473 973 717 1014 secundaria
736 976 779 1013 ut
797 972 969 1024 Massyli
988 972 1241 1026 Μασσῦὶῆες
1258 975 1426 1026 Dionys.
1439 987 1476 1016 v.
1501 975 1591 1018 187.

120 1037 234 1092 ὅρνις
257 1035 446 1093 ὀρνίθεος
469 1039 583 1080 Arat.
608 1034 783 1086 Ἐλευσίς
805 1033 1079 1092 Ἐλευσινίὸης
1106 1052 1142 1080 v.
1162 1040 1334 1081 Dissert.
1353 1040 1416 1082 IV.
1438 1052 1475 1092 p.
1496 1040 1589 1083 242.

121 1106 333 1158 simileque
353 1105 444 1145 aliis
463 1107 543 1144 tum
564 1104 680 1144 trium
698 1114 891 1155 generum
912 1103 1125 1155 adjectivis
1144 1100 1393 1158 ἀκεστήριος,
1416 1101 1593 1158 ἀναγκα-

121 1168 296 1224 στήριος,
326 1167 580 1223 πευστήριος,
609 1166 824 1223 ληκτήριος
853 1173 929 1210 etc.
962 1181 1133 1222 quorum
1163 1182 1260 1223 pars
1279 1182 1425 1223 magna
1447 1183 1470 1212 a
1490 1173 1594 1214 Sub-

122 1237 312 1278 stantivis
342 1237 550 1277 inusitatis
580 1235 742 1288 pendet,
774 1239 856 1275 tum
889 1235 1158 1277 substantivis
1191 1237 1375 1278 neutrius
1405 1235 1596 1292 ἐργαστή-

122 1316 226 1356 ριον,
256 1298 483 1355 καυτήριον
513 1305 588 1342 etc.
649 1299 994 1349 Quemadmodum
1024 1312 1122 1342 vero
1156 1313 1205 1343 ex
1235 1303 1314 1343 hoc
1345 1314 1428 1343 non
1458 1305 1597 1356 sequi-

122 1372 186 1409 tur
216 1371 379 1420 praeter
399 1363 602 1420 καυτηρός
622 1368 742 1407 etiam
764 1363 986 1420 καυτήριος
1013 1371 1222 1420 receptum
1254 1369 1395 1422 fuisse,
1424 1370 1481 1410 ita
1501 1371 1597 1411 sub-

123 1435 343 1476 stantivum
372 1430 422 1473 τὰ
450 1430 622 1485 asomum
651 1444 734 1473 non
763 1433 867 1474 satis
899 1437 962 1473 est
991 1432 1041 1472 ad
1068 1433 1322 1485 probandum
1343 1431 1598 1488 νοσήλιος.ϋί

126 1499 440 1540 Terminationis
470 1489 571 1552 ff
609 1499 805 1539 transitus
846 1499 887 1538 in
924 1489 1040 1552 ipo-to}
1063 1499 1205 1540 nescio
1231 1511 1283 1540 an
1303 1511 1384 1540 uno
1405 1501 1599 1553 Hesychii

126 1565 362 1606 testimonio
406 1565 653 1618 Πανηρίαισι
699 1567 789 1612 ταῖς
828 1562 932 1604 κατὰ
974 1561 1108 1604 πάντα
1147 1561 1419 1618 ἡρμοσμέναις
1456 1579 1598 1619 parum

128 1631 420 1682 comprobatus
452 1632 528 1682 sit;
570 1631 678 1683 σῆμα
708 1626 917 1683 ὀλιγήριον
946 1630 1056 1682 quod
1080 1631 1195 1671 attuli
1217 1631 1265 1671 ad
1285 1632 1431 1672 Buttm.
1449 1645 1486 1685 p.
1505 1634 1598 1676 413.

128 1697 400 1747 compositum
431 1700 494 1736 est
524 1697 612 1736 sine
643 1695 764 1736 dubio
783 1700 826 1735 ut
842 1692 1128 1748 φυγοὸέμυιος,
1158 1706 1241 1735 non
1263 1697 1446 1749 simplex.
1487 1698 1599 1748 Quae

126 1773 224 1802 vero
256 1761 296 1800 in
315 1751 425 1812 ἀρ-ος
454 1753 925 1814 etfflsterminantur,
964 1772 1166 1813 persaepe
1194 1760 1486 1804 incrementum
1521 1777 1602 1806 vo-

129 1828 229 1868 calis
260 1828 437 1879 cupiunt,
467 1823 661 1878 ἑσπέριος,
700 1822 874 1879 ἡμέρως,
915 1823 1136 1879 νυκτέριος,
1182 1838 1474 1881 creperumque
1502 1831 1602 1873 illud

127 1889 337 1946 μερμέριος
366 1904 400 1933 v.
430 1892 594 1934 Jacobs,
625 1892 675 1932 ad
696 1891 930 1933 Antl1.GG3.
963 1897 1003 1933 et
1023 1893 1218 1933 novitium
1238 1889 1450 1947 δευτέρως.
1489 1896 1601 1939 Haec

128 1958 498 2011 parascliematista
530 1963 624 1998 sunt
654 1958 714 1999 sic
746 1962 787 1997 ut
817 1954 1006 2010 θούριος,
1048 1955 1208 2008 οὔλιος,
1238 1958 1446 2011 λοίσθιος,
1475 1963 1602 2014 μειλί-

128 2039 214 2077 χιος
244 2029 319 2064 etc.
348 2020 550 2075 καθάριος
582 2035 677 2063 vero
710 2027 748 2063 et
778 2020 1006 2077 ἐλευθέριος
1037 2035 1059 2063 a
1084 2024 1381 2075 significatione
1411 2028 1602 2078 primitivi

129 2090 378 2142 aliquantum
409 2093 576 2141 mutant,
608 2093 800 2140 quantum
832 2091 914 2130 sere
946 2091 996 2130 ab
1027 2086 1178 2140 ἅσυχος
1198 2084 1376 2142 ἡσύχως.
1413 2093 1602 2145 Adjecti-

128 2167 270 2196 vorum
300 2156 341 2195 in
361 2145 468 2207 550}
498 2159 536 2195 et
568 2170 664 2207 υρυς
695 2156 926 2195 exeuntium
949 2155 1118 2196 similem
1140 2166 1355 2196 excessum
1380 2168 1463 2197 non
1484 2159 1602 2212 novi3

132 2233 225 2262 nam
254 2217 450 2273 ἐμπύριος
489 2220 651 2269 Quintil.
683 2220 731 2260 de
762 2222 864 2262 Mus.
894 2222 939 2262 ΙΙ.
972 2222 1061 2264 105.
1103 2221 1287 2261 vocalem
1316 2223 1494 2264 innatam
1524 2225 1603 2266 ha-

131 2286 221 2340 bet,
249 2283 452 2340 ἐνεχύριος
480 2297 578 2327 vero
610 2286 660 2328 ab
691 2283 884 2340 ἐνέχυρον
913 2287 1149 2338 derivatam,
1181 2287 1290 2340 quod
1318 2287 1508 2341 adjectivi
1529 2301 1605 2332 na-

223 2471 281 2513 60)
312 2471 507 2514 Ἀλειιηρός
532 2474 623 2517 quod
642 2474 749 2518 Soph.
773 2474 860 2510 Oed.
885 2474 922 2508 C.
946 2475 1022 2510 372.
1051 2483 1069 2510 e
1099 2474 1175 2508 cod.
1198 2475 1280 2509 Ven.
1305 2474 1453 2518 affertur,
1472 2485 1602 2520 suspe-

134 2530 222 2560 ctum
249 2530 301 2561 est
327 2528 407 2569 quia
432 2528 558 2562 nullum
587 2530 680 2564 alind
707 2534 799 2566 extat
824 2531 1032 2573 adjectivum
1057 2530 1159 2574 hujus
1185 2531 1277 2564 modi
1298 2541 1317 2565 a
1336 2531 1547 2566 substantivo
1569 2533 1602 2566 in

127 2574 191 2622 717„-
215 2583 268 2617 vel
288 2574 359 2626 ἧῖ
385 2583 584 2618 derivatum.

162 2681 165 2683 ‚
221 2637 279 2680 61)
308 2638 449 2671 Morbus
472 2639 666 2683 hepaearius
692 2641 799 2676 Plaut.
829 2642 966 2676 latinam
991 2641 1096 2677 habet
1120 2642 1414 2685 terminationem
1440 2652 1602 2686 graecum

135 2695 188 2728 est
215 2690 376 2736 ἦῑιαιηρά
403 2693 605 2740 δυςεντερία
630 2697 746 2733 Sehol.
773 2697 935 2742 Hippocr.
959 2698 984 2733 Ι.
1014 2698 1087 2735 130.
