1699 3021
295 168 359 209 DE
391 167 680 210 NOMINIBUS
710 166 763 208 IN
792 170 819 207 ῦ
844 165 1190 208 EXEUNTIBUS.
1235 169 1341 209 (3.11.
1461 168 1549 211 187

81 278 188 329 (sive
217 276 257 317 id
288 277 577 329 appellativum
608 279 690 330 est)
722 276 795 318 sed
826 277 946 317 etiam
989 275 1039 316 ad
1069 276 1138 316 illa
1177 275 1434 318 conditorum
1471 288 1554 319 no-

79 343 187 383 mina
216 342 359 382 referri
391 348 530 394 potest
561 355 584 383 a
614 342 761 395 quibus
781 341 1015 393 Stephanus
1037 341 1409 393 etlinographorum
1439 354 1553 384 more

80 409 204 449 urbes
235 407 519 449 denominatas
550 420 644 449 esse
675 407 818 449 statuit
846 404 1044 455 Μάξαιυα
1081 401 1164 446 ἀπὸ
1201 408 1277 447 τοῦ
1316 407 1552 462 Μαξαίνου,

80 470 273 525 Δρύαιυα
301 475 516 526 Δρυαίυου
542 475 697 526 κτίσμα.
756 473 930 513 Verbale
960 483 1082 512 unum
1104 476 1167 512 est
1189 470 1439 525 σκύδμαινος
1457 485 1552 516 σκυ-

78 537 251 591 θρωπός
280 541 374 581 Hes.
405 551 496 579 nam
532 539 580 580 do
610 536 866 591 κρύσταιυος,
898 538 1006 590 quod
1046 549 1135 578 cum
1173 539 1405 589 κρυσταίνω
1447 551 1552 580 oon-

79 606 201 658 venit‚
233 617 373 657 parum
404 605 573 646 fiduciae
612 609 687 646 est.
753 605 813 645 De
856 605 1047 644 feminina
1087 605 1296 655 positione
1334 619 1430 644 αιυα
1468 606 1549 646 alio

80 670 174 711 loco
196 671 383 712 disserui.
418 672 640 719 Ποταίνιος
659 671 746 712 sive
765 670 1002 722 προταίνιος
1023 669 1132 721 quod
1154 669 1411 711 Grammatici
1431 668 1552 722 πρός-

80 751 212 789 φατος
241 742 462 790 exponunt,
493 738 542 778 ab
569 738 708 778 eadem
734 737 1044 788 praepositione
1065 735 1158 775 ποτί
1179 736 1266 776 sive
1284 738 1402 787 προτί
1420 736 1552 778 decli-

81 807 217 842 natum
246 803 416 844 videtur.
447 804 733 856 Diphthongus
764 794 818 842 cc—t)
848 802 974 842 semel
1004 803 1045 842 in
1070 801 1285 842 verborum
1307 803 1553 845 formatione

82 873 264 908 assumta
295 873 380 922 est,
411 867 589 921 ἐλαύνω,
628 868 738 920 quod
778 870 910 920 ipsum
950 868 1207 909 Grammatioi
1251 879 1335 908 non
1372 870 1552 911 nativum

81 933 155 973 sed
194 945 268 985 pro
309 932 454 974 ἐλαίυω
497 935 761 975 substitutum
793 934 951 986 dieunt,
991 943 1067 972 neo
1109 944 1236 985 saepe
1272 934 1313 973 in
1343 945 1552 987 paragoge

80 999 298 1040 nominum.
347 999 548 1040 Arcadiils
579 1011 615 1051 p.
643 999 706 1039 64.
737 996 956 1047 καυνός,Ψ’
984 996 1172 1049 γλαυνός,
1203 996 1358 1052 βαυνός
1384 997 1483 1052 ὅπερ
1513 1000 1553 1041 οἱ

77 1058 248 1104 Ἀττικοὶ
275 1062 516 1118 βαρύνουσι,
547 1062 771 1117 κεραυνός·
800 1062 846 1104 τὸ
875 1060 1013 1115 μέντοι
1039 1065 1190 1115 χαῦνος
1218 1061 1403 1116 τριγενὲς·
1432 1062 1478 1106 τὸ
1508 1063 1552 1107 δὲ

81 1126 295 1181 πύραυνος
323 1128 687 1184 προπαροξύνεται,
719 1131 812 1182 quia
843 1129 1115 1181 compositum
1147 1134 1222 1170 est.
1274 1130 1318 1170 In
1347 1131 1409 1171 his
1431 1143 1553 1173 unum

81 1193 280 1246 κεραυνός
309 1198 488 1249 speciem
517 1197 715 1249 paragogi
745 1196 867 1236 habet
898 1195 934 1236 si
963 1206 1013 1235 ex
1045 1195 1186 1236 eadem
1217 1207 1297 1248 qua
1325 1195 1494 1251 κεραΐζω
1512 1201 1553 1239 et

81 1257 257 1315 κέαρνον
286 1264 415 1315 stirpe
445 1263 584 1304 crevit.
631 1263 837 1303 Feminina
867 1265 907 1301 et
934 1265 1081 1302 neutra
1110 1261 1268 1303 desunt.

679 1381 712 1423 C
741 1381 781 1422 A
810 1382 856 1423 P.
906 1381 958 1422 II.

219 1479 293 1521 De
326 1477 591 1522 nominibus
626 1477 675 1519 in
711 1490 763 1520 εν
797 1499 862 1508 --
899 1489 970 1519 ειν
1010 1501 1067 1505 —
1118 1475 1413 1520 exeuntibus.

194 1576 451 1618 Herodianus
487 1589 528 1616 π.
565 1577 679 1616 Μον.
718 1586 756 1627 p.
792 1573 831 1616 8.
871 1570 1081 1625 παρθένος
1117 1574 1346 1626 exsignavit
1381 1581 1553 1628 propter

88 1648 323 1694 accentum3
363 1647 528 1683 caetera
566 1642 671 1682 enim
710 1644 779 1680 aut
810 1644 1059 1691 postremam
1099 1645 1258 1679 acutam
1288 1641 1440 1681 habere
1479 1644 1553 1682 Τι-
1605 1656 1609 1661 ’

85 1706 259 1761 σαμενός
297 1713 372 1748 eto.
413 1712 481 1747 aut
513 1719 536 1747 a
557 1711 766 1758 postrema
795 1706 973 1744 tertiam:
1015 1701 1186 1756 ὄρμενος
1216 1705 1299 1756 (vel
1331 1702 1550 1760 Ὄρμενος)

84 1771 223 1826 ἱέμενος
255 1777 353 1822 (scr.
384 1770 536 1825 ἔβενος)
556 1769 735 1820 ’Ἐλενος,
775 1767 966 1823 Τήμενος,
997 1767 1145 1817 ὤλενος
1173 1770 1238 1811 vel
1256 1767 1440 1822 ’Ὡλενος,
1477 1784 1553 1814 ou-

81 1842 150 1891 jus
181 1839 346 1880 brevior
385 1843 495 1879 extat
526 1838 656 1878 forma
685 1831 797 1889 ὠλήν
828 1841 867 1876 et
892 1831 1021 1888 Ὠλήν
1063 1835 1154 1886 (sed
1193 1836 1272 1876 hoo
1310 1849 1383 1889 per
1411 1841 1439 1891 ἦ
1477 1838 1553 1880 de-

88 1905 297 1953 clinatum)
331 1909 374 1944 ut
403 1900 517 1956 ὠγήν
547 1907 585 1943 et
616 1900 806 1954 &yevogfl
847 1899 1049 1954 Ὄρμενος
1079 1902 1182 1941 turio
1215 1901 1472 1944 Grammatici
1503 1904 1554 1946 ad

85 1971 251 2010 verbum
288 1966 372 2022 ὅρω
411 1972 591 2010 referunt
630 1969 743 2009 Eust.
782 1967 875 2021 899,
912 1968 973 2009 13.
1015 1979 1094 2020 quo
1135 1965 1263 2021 ὅρπηξ
1299 1970 1476 2020 pertinet
1513 1975 1554 2011 et

87 2037 268 2077 fortasse
299 2036 503 2077 exoletum
531 2035 629 2075 illud
660 2034 765 2075 unde
796 2030 1028 2086 ὀρσοὸάκνη
1059 2034 1332 2084 compositum
1363 2040 1449 2087 est3
1481 2047 1554 2077 ce-

86 2108 264 2143 terorum
294 2102 632 2154 appellativorum
664 2106 703 2141 et
732 2100 937 2152 bigeneris
968 2098 1120 2152 ἄφενος
1149 2100 1263 2150 origo
1302 2101 1556 2153 impenetra-

84 2167 190 2209 bilis.
249 2168 330 2209 Sed
367 2166 480 2221 ἑλένη
515 2164 687 2208 πλεκτὸν
722 2162 886 2218 ἀγγεῖον
930 2165 979 2206 ab
1015 2162 1115 2206 ἔλλω
1158 2164 1275 2205 εἴλλω
1312 2167 1557 2218 productum

87 2233 245 2275 videtur
275 2238 317 2275 ut
356 2246 380 2274 a
408 2230 521 2287 φέρω
552 2233 753 2274 aeolicum
782 2229 984 2286 (ρεόενα,2
1024 2244 1047 2272 a
1084 2228 1213 2283 τέμνω
1242 2227 1413 2284 τέμενος.
1473 2231 1556 2274 Ge-

176 2383 234 2426 29]
263 2383 321 2418 Sic
348 2388 381 2418 et.
405 2384 554 2427 Hesych.
586 2384 648 2419 sed
674 2383 806 2420 καῖ-νος
829 2383 902 2417 ΕΜ.
927 2383 1007 2418 sch.
1036 2384 1137 2417 Arist.
1167 2383 1244 2417 Pac.
1281 2381 1377 2417 1081.
1404 2384 1441 2415 ut
1465 2390 1556 2424 gen-

88 2438 231 2471 tilleium
256 2439 359 2473 §stibi
384 2440 489 2481 solet;
516 2439 669 2483 γλάγος
694 2439 776 2472 Poll.

178 2494 213 2536 1)
240 2493 329 2529 Male
358 2493 491 2537 ώγενός
515 2495 548 2527 in
573 2494 675 2528 codd.
703 2494 781 2538 Lyc.
810 2495 887 2530 231.

176 2548 213 2591 2]
246 2548 368 2583 Arcad.
396 2559 430 2593 p.
458 2550 530 2586 100.
556 2549 599 2582 τὰ
625 2551 675 2586 εἰς
700 2556 722 2582 ἄ
748 2570 792 2575 -
815 2549 1075 2594 παροξύνεται·
1113 2548 1146 2581 εἰ
1179 2546 1222 2580 δέ
1244 2559 1276 2580 τι
1302 2546 1386 2579 ἄλλο
1412 2545 1556 2592 εὑρέθη,

89 2602 180 2634 κατὰ
207 2603 395 2637 διάλεκτον
420 2604 436 2646 ἢ
463 2605 582 2643 πάθος
611 2605 752 2650 ἐγένετο
775 2604 820 2642 ὡς
846 2605 881 2638 τὸ
912 2605 1013 2638 {Mna
1041 2605 1139 2644 ium]
1157 2624 1200 2629 --
1228 2602 1330 2638 scrib.
1351 2602 1480 2635 ’Ἑλένα
1502 2601 1558 2644 (ἐκ

91 2656 321 2701 ιοὶῑ)(1ῦ).εἰιη,
359 2663 413 2695 eui
439 2661 654 2696 Herodianus
681 2673 716 2694 π.
744 2664 834 2694 Mor.
872 2661 926 2704 33,
961 2660 1014 2696 32.
1051 2664 1083 2695 et
1117 2659 1191 2694 EM.
1224 2660 1301 2701 790,-
1333 2658 1387 2694 44-
1422 2659 1558 2702 Ψίθένίί

90 2714 122 2747 id
151 2719 202 2750 cst
229 2714 342 2760 ’[ερννῑ
369 2721 552 2759 comparat.
