1747 3005
788 157 1155 165 ——-—..---

107 175 174 217 DE
206 171 438 214 VICISSIT.
472 169 754 212 TERMINAT.
785 183 845 219 ας,
877 183 924 219 ις,
957 182 1033 218 aas,
1064 170 1158 219 αζω,
1189 171 1295 219 ιαζω.
1325 176 1364 220 ς,
1395 172 1432 214 2,
1466 172 1549 216 4!ss

78 287 164 327 Jam
195 284 231 325 si
260 281 309 322 de
337 281 478 333 specie
507 280 650 320 horum
678 279 884 319 nominum
915 278 1198 331 quaestionem
1228 278 1438 333 habemus,
1474 280 1551 323 ad—

75 350 227 403 jectiva
256 350 351 389 sunt
381 347 469 387 sine
499 345 623 386 dubio
652 343 726 385 sed
756 343 950 396 pleraque
983 344 1332 386 substantivorum
1359 346 1439 398 vim
1471 346 1550 388 ob-

79 416 209 456 tinent
246 417 314 454 aut
355 422 516 463 semper
554 415 598 451 ut
626 406 800 462 δορκοές,
831 406 988 462 στιβάς,
1018 407 1128 461 ψιάς,
1160 407 1358 464 ἐμβροχάς
1388 415 1427 452 et
1455 412 1548 466 alia,

79 485 147 521 aut
177 489 303 530 saepe
331 481 376 518 ut
405 473 580 529 δρομάς,
609 471 790 527 λαμπάς,
822 469 964 524 ὁλκάς,
1002 472 1150 527 τροχάς
1186 480 1264 517 eto.
1332 475 1546 524 Quomodo

79 545 184 587 enim
213 544 338 584 latine
365 554 432 583 res
463 553 566 594 quae
597 541 745 582 eminet
776 541 1003 581 eminentia
1021 544 1061 580 et
1080 541 1370 591 prominentia
1391 539 1549 595 dicitur,

80 611 140 652 sio
169 604 320 661 ἐξοχάς,
351 606 460 659 quod
489 606 656 658 proprie
682 605 922 645 eminentem
952 605 1162 659 signifieat,
1193 616 1320 657 saepe
1350 616 1440 646 cum
1467 603 1551 655 ἐξο-

78 671 128 728 χή
170 672 389 727 permutari
428 675 588 724 potest,
628 670 822 721 nulloque
862 668 1094 711 discrimine
1124 671 1232 723 apud
1258 671 1549 723 Hippocratem

80 740 303 780 miscentur
350 733 545 789 συμφυάς
594 739 634 776 et
673 732 904 787 σύμφυσις,
942 733 1166 788 παραφυάς
1210 740 1250 777 et
1296 733 1546 790 παράφυσις.

79 804 221 855 Itaque
251 814 324 855 pro
356 813 400 842 re
429 805 525 842 nata
555 799 848 853 Symplegades
879 799 1064 841 dicuntur
1083 800 1284 854 adjective
1311 813 1435 854 rupes
1456 804 1549 845 col-

80 869 182 909 lisae
213 871 253 908 et
283 866 540 908 substantive
568 862 849 919 συμπληγάδες
876 864 1049 918 γνόφων
1079 867 1331 920 collisioneS,
1360 870 1549 920 symple-

79 944 159 984 ρας
193 932 279 972 limi
309 931 427 971 Rutil.
458 931 546 971 ltin.
578 931 606 971 Ι.
625 931 717 972 461.
737 931 845 982 quod
865 932 1075 984 Zumptius
1094 932 1211 973 aliter
1230 934 1548 987 interpretatur;

83 1009 131 1038 ac
162 998 197 1038 si
226 997 316 1048 quis
337 996 561 1036 meminerit
590 990 807 1049 ἁμαρτωλή
837 1001 876 1037 et
896 1001 1109 1048 peccatum
1131 998 1359 1049 significare
1390 1003 1430 1039 et
1460 1011 1548 1042 eam

83 1074 187 1115 quae
227 1066 396 1114 peccat,
441 1071 524 1101 non
561 1062 726 1112 negabit
763 1062 848 1101 fieri
890 1072 1018 1113 posse
1056 1066 1099 1102 ut
1137 1059 1319 1116 ἁμαρτάς
1354 1063 1459 1105 idem
1498 1067 1552 1108 sit

82 1127 192 1180 quod
221 1125 364 1178 πρᾶξις
393 1123 626 1179 ἐφάμαρτος
656 1126 953 1177 significatione
983 1127 1170 1168 neutrali.
1226 1128 1425 1181 Pleraque
1445 1131 1552 1171 acti-

85 1204 173 1234 vam
204 1193 366 1245 habent,
394 1192 592 1232 nonnulla
621 1192 828 1243 passivam
860 1196 902 1231 ut
927 1188 1063 1243 λογάς.

193 1273 232 1316 §.
273 1268 310 1308 2.
376 1268 436 1307 Ac
474 1267 696 1306 numeralia
741 1277 903 1317 quoque
940 1263 1054 1315 ἕνάς,
1093 1265 1216 1319 δυάς,
1263 1265 1552 1323 ἐννεκαιδεκάς,

82 1329 300 1378 ἑκατοντάς
337 1335 413 1372 etc.
453 1332 530 1372 etsi
573 1331 808 1383 plerumque
850 1331 1104 1373 substantive
1145 1337 1371 1387 ponuntur,
1420 1339 1554 1378 tamen

83 1408 167 1438 non
196 1408 289 1437 raro
323 1396 616 1447 adJectivorum
647 1396 726 1435 ritu
757 1395 922 1435 tacitum
952 1393 1103 1459 habent
1133 1398 1184 1438 ad
1204 1398 1463 1441 substantiva
1482 1413 1555 1443 re-

86 1466 272 1515 spectum
304 1462 410 1503 sieut
438 1457 588 1513 τετράς,
616 1457 746 1512 εἰκάς,
774 1457 992 1511 τριςεινάς,
1032 1459 1253 1515 ἀμφεικάς,
1294 1464 1555 1519 προτριοικάς,

87 1528 122 1569 si
153 1527 257 1568 diem
288 1530 498 1579 quartum,
538 1526 774 1567 vicesimum
814 1530 891 1566 etc.
931 1526 1148 1581 denotant,
1185 1527 1365 1576 δωδεκάς
1405 1531 1441 1572 si
1480 1544 1556 1584 pro

86 1589 438 1644 δωδεκατομόριου
472 1590 583 1631 valet
621 1603 658 1630 v.
696 1591 817 1632 Voss.
856 1591 906 1632 ad
943 1593 1056 1633 Arat.
1094 1593 1186 1635 554.
1225 1591 1372 1647 μυριὰς
1410 1593 1559 1648 φύστις

87 1669 162 1710 pro
199 1655 505 1697 innumerabilis
543 1655 774 1706 Aeschylus
813 1658 1045 1710 usurpavit,
1095 1662 1296 1710 vetusque
1335 1660 1559 1704 Bibliorum

88 1723 291 1775 interpres
311 1732 395 1761 non
415 1721 567 1760 invenit
598 1731 677 1772 quo
708 1717 881 1773 ἕβδομάς
910 1721 1097 1762 redderet
1121 1727 1285 1775 praeter
1315 1724 1558 1777 adjectivum

87 1789 340 1839 septimana.
362 1786 376 1810 ⁷
432 1785 620 1826 Proxime
651 1797 674 1826 a
703 1787 978 1828 numeralibus
1009 1787 1158 1828 absunt
1185 1785 1315 1840 μονάς
1355 1792 1490 1833 unitas
1521 1799 1560 1835 et

90 1850 193 1906 ὀμάς
232 1851 492 1903 universitaS,
534 1850 638 1891 unde
679 1851 915 1892 commodus
947 1851 997 1892 ad
1028 1853 1230 1904 adjectiva
1259 1857 1456 1898 transitus
1488 1858 1558 1911 (V)

90 1915 291 1971 γιιμνάς,δ
319 1913 481 1968 ἐρημάς,
508 1912 681 1967 θουράς,
712 1913 867 1969 κιῤῥάς,
898 1914 1049 1968 κοιλάς,
1079 1916 1239 1972 λεπράς,
1269 1918 1432 1972 λοιπάς,
1472 1937 1559 1975 μοι-

89 1980 173 2036 χάς,
203 1979 368 2036 μαχλάς,
399 1978 541 2035 μονάς,
583 1977 709 2029 οὐλάς
748 1983 921 2035 (crispa)
960 1981 1144 2037 παυράς,
1183 1983 1355 2038 montis,
1397 1985 1559 2039 πικράς,

182 2150 220 2192 7)
248 2147 406 2185 ψεκάδες
432 2149 557 2191 mmm?
588 2147 776 2191 Apollinar.
803 2147 934 2182 XXXII.
959 2149 991 2184 4.
1017 2158 1078 2192 pro
1104 2148 1352 2194 δεκάχορδον,
1385 2151 1563 2197 ιιιυριιὶὸῖϊς

93 2203 212 2241 πόλεις
235 2203 315 2238 Eur.
342 2203 447 2238 Rhes.
476 2203 553 2238 913.
580 2201 745 2246 χιλιάδος
769 2203 1142 2248 6t91411152·514›62110,·id
1169 2209 1221 2240 est
1239 2206 1428 2250 χιλίαρχος
1448 2207 1558 2243 Nonn.

95 2258 258 2303 Paraplir.
285 2257 405 2292 XVIII.
431 2259 485 2293 59.
536 2258 705 2298 Quidnam
729 2258 899 2300 significat
932 2259 1089 2295 συνδυάς
1113 2261 1145 2293 in
1172 2260 1252 2294 Eur.
1279 2261 1354 2295 Alc.
1380 2262 1456 2297 476.
1492 2275 1559 2296 τοι-

97 2314 205 2355 αύτης
236 2316 289 2354 εἴη
323 2325 389 2356 μοι
420 2312 571 2357 κυρῆσαι
594 2310 797 2348 συνδυάὸός
821 2313 942 2356 ([»ιλιίις
967 2313 1114 2358 ἀλόχου,
1141 2316 1339 2358 conjugium
1367 2326 1408 2351 an
1434 2321 1559 2362 conju..

95 2371 202 2413 gem?
249 2369 459 2411 Interpretes
483 2368 677 2410 percontari
701 2368 783 2401 noli.

186 2425 223 2467 8)
250 2423 400 2458 Maneth.
426 2422 464 2456 V.
492 2423 568 2458 245.
596 2423 812 2466 εὔγραιιιμυιι
836 2422 985 2455 πινυτόν
1020 2424 1054 2456 τ’
1091 2424 1130 2457 ἓν
1149 2423 1320 2469 ’γυμνάσι
1354 2425 1417 2458 τὸν
1445 2425 1561 2472 Ἐρμῆ

96 2482 149 2515 sie
174 2481 349 2522 corrigunt
374 2476 413 2510 ἐν
436 2480 649 2521 γυμνασίοις
675 2479 754 2510 ἴσον
780 2475 906 2521 Ἑρ,ιιῇ.
954 2479 1155 2522 Elegantius
1190 2480 1277 2517 soret
1309 2480 1349 2514 ἐν
1379 2483 1562 2526 γυμνάσιν

97 2535 237 2568 εἴκελον
256 2533 384 2577 Ἑρμῇ.
433 2531 578 2576 Γυμνιὲς
608 2532 711 2566 modo
747 2532 849 2566 hoino
875 2533 999 2568 dicitur
1023 2535 1124 2569 modo
1150 2537 1239 2570 actio
1264 2538 1338 2572 sive
1363 2542 1560 2582 γυμνασία,

98 2590 264 2622 Heraclea
287 2598 451 2631 yymuas,
487 2588 576 2628 festa
599 2598 760 2630 yymnas,
794 2589 897 2623 inodo
934 2592 1037 2625 etiam
1068 2592 1281 2634 gymnasium
1313 2595 1349 2627 ut
1377 2593 1491 2638 μιγάς
1522 2595 1560 2630 τὸ

101 2642 283 2686 κθινόβιθν
314 2642 397 2678 Lex·
426 2641 541 2684 Cyrni.
577 2651 607 2676 v·
643 2641 774 2680 Coraes
811 2644 853 2678 ad
884 2645 969 2679 Plut.
1003 2645 1037 2679 T.
1064 2646 1119 2681 VI.
1144 2646 1220 2683 416.
1252 2647 1357 2684 Plene
1383 2648 1560 2694 Lycophro

100 2697 177 2734 866.
209 2695 349 2741 γυμνὰς
373 2698 551 2739 κονίστρα.
