1747 3005
155 143 222 184 DE
244 143 368 186 NOM.
401 142 618 193 QUORUM
647 143 796 186 CHAR.
822 144 922 186 EST
942 144 1217 188 DENTALIS.
1251 149 1292 191 C.
1313 149 1339 191 Ι.
1373 155 1410 199 ἓ.
1434 151 1467 194 1.
1506 153 1596 196 353

125 251 389 292 antecedente
420 254 581 294 nomine
610 250 747 305 χειμάς
777 257 816 294 et
845 254 971 294 verbo
1003 251 1240 306 χειμαδεύω.
1297 257 1594 303 Anaboladium

122 317 265 357 Isidor.
303 317 403 358 XIX.
443 317 506 358 25.
548 315 765 371 ἐκτομάδια
802 314 908 366 εἶδος
946 314 1140 360 ἀκοντίου
1186 322 1281 363 Hes.
1318 324 1352 363 Si
1391 325 1593 376 primitiva

120 381 270 422 liabent
301 383 447 422 similia
478 385 777 435 congeneribus
804 381 981 436 ἐκβολάς,
1013 381 1197 437 ἐμβολάς,
1232 383 1441 440 ἀποτομάς
1470 385 1592 430 ἀκόν-

118 461 207 487 τιον
236 447 329 488 Hes.
362 449 504 488 eodem
536 461 615 501 quo
648 451 863 502 superiora
893 449 960 490 illa
990 449 1083 490 loco
1117 452 1322 492 censenda
1352 458 1456 494 suut.
1509 454 1590 495 Sed

118 512 243 553 latino
276 513 344 552 isti
375 515 543 564 propius
576 520 638 554 est
669 511 930 566 ἀναβόλαιον,
963 525 1131 567 eamque
1162 518 1480 558 terminationem
1510 519 1589 559 huc

116 578 265 617 inflecti
305 583 507 619 testantur
551 580 830 620 Grammatici:
875 575 1050 631 οὐραῖον
1098 578 1320 632 οὐράόιον,
1362 580 1589 635 κεφάλαιον

114 640 386 695 κεφαλάδιον,
426 642 626 697 σπήλαιον
663 642 890 698 σπηλάδιον
931 645 1016 685 ΕΜ.
1047 657 1084 697 p.
1119 646 1219 699 172,
1249 646 1313 688 26.
1344 658 1382 698 p.
1413 646 1518 700 240,
1549 648 1586 689 2.

115 719 285 760 quorum
316 710 484 760 primum
515 710 659 760 legitur
696 712 736 750 iu
777 710 931 761 Geopp.
968 710 1050 750 XX.
1093 711 1157 751 27.
1195 708 1246 751 τὰ
1284 707 1461 764 οὐράὸια
1501 713 1586 753 τῶν

114 770 274 825 ἰχθύων
302 775 399 814 nihil
428 775 631 815 diversum
663 776 712 816 ab
744 771 895 827 οὐραῖα
922 780 965 815 ut
1006 780 1045 815 et
1082 773 1284 816 κοπάδιον
1323 776 1468 817 dicitur
1507 790 1582 830 pro

111 835 286 879 κόπαιον
319 852 341 879 a
371 842 643 891 scriptoribus
675 841 857 891 ejusdem
888 845 1040 893 sectae,
1072 843 1135 882 cui
1175 843 1292 882 etiam
1332 840 1584 895 κεφαλάδιον

110 905 174 945 vel
204 909 246 944 ut
274 905 512 945 Eustatlnus
545 907 685 946 scribit
724 903 1078 958 προςκεφαλάδιον
1115 905 1425 957 adjudicandum
1465 909 1584 950 vide-

112 974 173 1010 tur
204 974 243 1010 et
271 967 466 1021 τυχάόιου
496 970 605 1021 quod
635 970 740 1011 idem
771 971 910 1022 adjicit
942 971 1059 1023 1552,
1089 970 1154 1011 31.
1193 971 1303 1011 nullo
1345 973 1476 1014 adhue
1517 979 1582 1015 te-

109 1036 299 1075 stimonio
321 1035 507 1086 probata.
538 1032 780 1087 Σπηλάδιου
809 1047 906 1076 vero
940 1042 976 1076 et
1006 1035 1115 1086 quod
1145 1036 1230 1076 EM.
1254 1038 1390 1077 omisit
1420 1035 1582 1079 ἐλάδιον

108 1112 227 1153 quum
258 1102 298 1141 iu
327 1101 509 1152 reliquiis
541 1101 777 1141 comoediae
808 1112 939 1141 novae
970 1101 1237 1152 reperiantur,
1275 1101 1411 1142 dubito
1443 1114 1494 1143 an
1528 1105 1578 1145 ab

106 1166 185 1206 hoc
216 1167 462 1217 paragogico
494 1177 655 1219 genere,
686 1166 794 1218 quod
816 1166 1009 1206 Graeciae
1041 1165 1326 1206 deflorescenti
1358 1168 1578 1222 assignavi,

105 1232 288 1282 separari
319 1235 358 1271 et
387 1231 643 1271 deminutivis
675 1231 929 1270 adnumerari
961 1235 1148 1282 oporteat
1178 1234 1220 1270 ut
1249 1228 1430 1282 γράδιον.
1475 1234 1578 1274 Hinc

103 1295 154 1335 ad
183 1295 251 1335 illa
289 1300 512 1347 transeam,
561 1296 707 1347 quibus
746 1306 878 1345 neque
920 1296 1147 1335 terminatio
1189 1295 1433 1338 deminutiva
1471 1299 1578 1338 ιὸιον

103 1365 268 1413 attexta,
300 1371 431 1411 neque
464 1361 705 1412 primitivum
736 1360 775 1400 iu
804 1351 852 1407 οἷς
881 1361 1021 1400 exiens
1064 1364 1319 1411 praetextum
1359 1368 1443 1414 est3
1484 1365 1576 1415 pri-

101 1437 206 1466 mum
239 1438 261 1466 a
291 1426 445 1466 neutris
476 1426 516 1465 iu
547 1428 575 1465 οἳ
604 1425 744 1465 ducta:
777 1422 955 1478 σήματος
983 1421 1301 1476 ὑποκοριστικὸν
1336 1424 1574 1481 κοινότερόν

100 1488 182 1532 ἐστι
222 1487 442 1543 σημάτιου·
492 1487 693 1542 σημάδιον
730 1487 773 1530 δὲ
814 1487 1040 1530 ἀκολουθεῖ
1071 1487 1146 1543 μὲν
1182 1492 1232 1545 τῇ
1263 1487 1461 1548 ἀναλογίᾳ
1498 1494 1575 1534 τοῦ

99 1554 318 1609 χειμάὸιον,
364 1556 478 1596 δοκεῖ
505 1553 547 1596 ὁὲ
577 1552 884 1607 ἰδιωτικώτερον
913 1557 1026 1598 Eust.
1059 1557 1176 1610 1675,
1207 1557 1244 1597 4.
1282 1557 1391 1608 quod
1422 1559 1575 1599 confir-

100 1626 210 1662 mant
239 1621 425 1672 exempla
454 1622 515 1661 Du
546 1621 709 1672 Cangii3
749 1632 824 1661 uec
854 1622 1034 1662 melioris
1066 1627 1188 1662 notae
1219 1627 1313 1662 sunt
1341 1620 1574 1675 γαμμάδιον

100 1692 140 1728 et
169 1683 409 1738 συρμάδιον,
440 1686 586 1737 quibus
618 1686 843 1726 Salmasius
874 1687 998 1725 utitur
1029 1686 1079 1726 ad
1102 1687 1265 1738 Vopisc.
1294 1688 1430 1728 Aurel.
1455 1688 1570 1729 XLV.

99 1752 190 1793 543.
234 1752 274 1791 T.
314 1751 359 1790 11.
393 1755 432 1790 et
469 1746 675 1802 ἄλφάδιον
714 1763 864 1791 norma
903 1762 926 1790 a
957 1750 1216 1791 similitudine
1254 1751 1418 1806 literae,
1462 1754 1571 1805 quod

97 1817 202 1857 idem
232 1811 437 1867 ἀλφάριου
468 1815 624 1855 dicitur.
684 1816 782 1856 Tum
825 1816 875 1856 ab
915 1816 1005 1855 aliis
1047 1816 1400 1857 terminationibus
1440 1815 1571 1872 κρόκη

96 1878 142 1922 τὸ
173 1881 384 1927 ἰδιωτικῶς
411 1877 629 1931 λεγόμενον
657 1876 838 1932 ὑφάδιον
869 1880 1004 1921 Scllol.
1026 1880 1119 1921 Eur.
1144 1881 1239 1921 Hec.
1262 1882 1353 1922 463.
1385 1883 1434 1923 ab
1460 1880 1571 1936 ὕφος

97 1946 162 1987 vel
190 1942 289 1998 ὑφή.
339 1945 401 1985 Ab
433 1943 543 1998 ὅσφι]
575 1943 811 1997 (ὄσφρησις)
844 1940 1072 1997 ὄσφράδιον
1092 1945 1291 1987 Theodor.
1316 1947 1428 1997 Hyrt.
1448 1960 1486 2000 p.
1504 1949 1568 1990 23.

95 2013 136 2051 in
165 2010 318 2051 Anecd.
349 2011 540 2051 Boisson.
573 2011 613 2051 T.
644 2010 707 2050 111.
740 2010 970 2062 proseuche
1011 2007 1303 2062 προςευχάδιον
1340 2013 1402 2053 Du
1444 2013 1567 2065 Cang.

95 2073 197 2128 κόρη
235 2072 431 2127 κοράὸιον
470 2087 505 2115 V.
545 2075 596 2115 ad
635 2075 781 2124 Pliryu.
814 2074 876 2114 74.
917 2071 1094 2127 ἐρυθρός
1123 2072 1374 2127 ἐρυθράὸιον
1402 2078 1567 2128 rubia,s

95 2137 206 2192 σειρά
236 2137 441 2190 σειράόιον
469 2139 582 2181 Eust.
617 2140 733 2192 1923,
764 2139 827 2179 54.
859 2140 937 2179 nisi
969 2144 1032 2179 est
1063 2140 1112 2179 ab
1135 2141 1301 2190 antiquo
1326 2139 1471 2192 σειράς,
1502 2144 1567 2183 cui

95 2205 242 2245 similia
271 2205 469 2257 principia
498 2202 645 2256 γεῤῥάς
675 2209 713 2245 et
744 2200 878 2254 δειράς
909 2204 1102 2244 habuisse
1132 2205 1317 2244 videntur
1349 2203 1567 2257 γερῤάδιον

742 2267 833 2281 ant*

94 2335 200 2374 (licit.
215 2335 232 2357 ‘³
269 2334 380 2381 Quae
410 2345 508 2392 vero
539 2345 671 2386 neque
701 2335 776 2374 hac
807 2335 966 2375 ratione
998 2334 1192 2386 explicari
1221 2345 1352 2385 neque
1382 2337 1564 2377 novitate

180 2448 218 2489 8)
245 2447 295 2480 Ab
324 2447 496 2489 adjectivo
522 2446 661 2491 γλυκύς,
689 2457 756 2490 quo
782 2456 871 2480 nunc
898 2447 1021 2481 Graeci
1052 2451 1188 2480 utuntur
1213 2451 1247 2482 et
1273 2447 1412 2480 Γλέκκα
1439 2447 1456 2488 ἦ
1483 2450 1563 2492 γλυ-

92 2500 207 2541 κύτης,
233 2500 394 2533 Γ).υκκόν
422 2501 532 2544 γλυκύ
560 2502 640 2537 Hes.
669 2502 860 2536 derivatum
887 2501 1022 2536 videtur
1046 2501 1245 2544 γλυκάδιον
1270 2506 1304 2536 et
1321 2505 1460 2545 propria
1478 2502 1563 2535 Γλύ-

92 2568 168 2591 mm,
200 2555 406 2591 Γλυκάόίος,
443 2557 587 2598 ipsaque
625 2556 730 2590 Verba
766 2557 945 2599 γλυκαίνω
980 2560 1014 2590 et
1047 2555 1209 2598 γλυκάζω
1245 2557 1345 2590 aliam
1380 2557 1566 2592 ostendunt

92 2611 259 2652 originem
292 2619 394 2652 quain
419 2609 530 2648 ὀξίζω,
560 2609 686 2647 ὀξύνω,
712 2610 869 2654 βιιρύνω,
895 2610 1064 2655 βραδύνω
1091 2613 1159 2645 etc.

137 2681 140 2684 ·
180 2664 218 2704 9)
244 2662 380 2705 Γέῤῥον
409 2663 553 2699 fortasse
579 2665 670 2700 idem
697 2668 748 2700 est
773 2665 865 2707 quod
891 2665 1019 2708 δέρμα,
1046 2674 1122 2698 nam
1147 2663 1260 2708 γέῤῥα
1287 2667 1478 2709 praecipue
1506 2666 1564 2701 di-

139 2729 280 2759 Lnlweh.
306 2729 481 2768 I’alholng.
1237 2718 1288 2759 23
