<?xml version="1.0" encoding="UTF-8"?>
<!DOCTYPE html PUBLIC "-//W3C//DTD XHTML 1.0 Transitional//EN"
    "http://www.w3.org/TR/xhtml1/DTD/xhtml1-transitional.dtd">
<html xmlns="http://www.w3.org/1999/xhtml" xml:lang="en" lang="en">
 <head>
  <title>
</title>
<meta http-equiv="Content-Type" content="text/html;charset=utf-8" />
  <meta name='ocr-system' content='tesseract 3.04.00' />
  <meta name='ocr-capabilities' content='ocr_page ocr_carea ocr_par ocr_line ocrx_word'/>
</head>
<body>
  <div class='ocr_page' id='page_1' title='image "./pathologiaesermo00lobeuoft_0017.png"; bbox 0 0 1699 3021; ppageno 0'>
   <div class='ocr_carea' id='block_1_1' title="bbox 505 168 1504 213">
    <p class='ocr_par' dir='ltr' id='par_1_1' title="bbox 505 168 1504 213">
     <span class='ocr_line' id='line_1_1' title="bbox 505 168 1504 213; baseline -0.002 -1"><span class='ocrx_word' id='word_1_1' title='bbox 505 168 1029 213; x_wconf 82' lang='lat' dir='ltr'><strong>PRAEFATIO.</strong></span> <span class='ocrx_word' id='word_1_2' title='bbox 1447 173 1504 210; x_wconf 77' lang='lat' dir='ltr'>lx</span> 
     </span>
    </p>
   </div>
   <div class='ocr_carea' id='block_1_2' title="bbox 26 283 1504 2750">
    <p class='ocr_par' dir='ltr' id='par_1_2' title="bbox 26 283 1504 2750">
     <span class='ocr_line' id='line_1_2' title="bbox 34 283 1504 341; baseline -0.001 -10"><span class='ocrx_word' id='word_1_3' title='bbox 34 287 149 332; x_wconf 89' lang='lat' dir='ltr'>enim</span> <span class='ocrx_word' id='word_1_4' title='bbox 194 287 308 330; x_wconf 90' lang='lat' dir='ltr'>viam</span> <span class='ocrx_word' id='word_1_5' title='bbox 354 296 556 341; x_wconf 83' lang='lat' dir='ltr'>asperam</span> <span class='ocrx_word' id='word_1_6' title='bbox 603 288 646 329; x_wconf 93' lang='lat' dir='ltr'>et</span> <span class='ocrx_word' id='word_1_7' title='bbox 694 283 902 329; x_wconf 78' lang='lat' dir='ltr'>incultam</span> <span class='ocrx_word' id='word_1_8' title='bbox 955 286 1161 340; x_wconf 88' lang='lat' dir='ltr'>ingresso</span> <span class='ocrx_word' id='word_1_9' title='bbox 1217 285 1333 329; x_wconf 89' lang='lat' dir='ltr'>cirea</span> <span class='ocrx_word' id='word_1_10' title='bbox 1381 285 1504 330; x_wconf 84' lang='lat' dir='ltr'>initia</span> 
     </span>
     <span class='ocr_line' id='line_1_3' title="bbox 33 361 1502 421; baseline -0.001 -13"><span class='ocrx_word' id='word_1_11' title='bbox 33 361 366 408; x_wconf 89' lang='lat' dir='ltr'>subsistendum</span> <span class='ocrx_word' id='word_1_12' title='bbox 405 362 495 421; x_wconf 75' lang='lat' dir='ltr'>suit,</span> <span class='ocrx_word' id='word_1_13' title='bbox 535 361 615 407; x_wconf 91' lang='lat' dir='ltr'>sed</span> <span class='ocrx_word' id='word_1_14' title='bbox 651 374 741 406; x_wconf 88' lang='lat' dir='ltr'>non</span> <span class='ocrx_word' id='word_1_15' title='bbox 778 361 932 406; x_wconf 85' lang='lat' dir='ltr'>defore</span> <span class='ocrx_word' id='word_1_16' title='bbox 953 364 1058 418; x_wconf 91' lang='lat' dir='ltr'>puto</span> <span class='ocrx_word' id='word_1_17' title='bbox 1091 361 1164 417; x_wconf 89' lang='lat' dir='ltr'>qui</span> <span class='ocrx_word' id='word_1_18' title='bbox 1188 361 1502 418; x_wconf 90' lang='lat' dir='ltr'>amplissimum</span> 
     </span>
     <span class='ocr_line' id='line_1_4' title="bbox 31 439 1504 497; baseline -0.001 -13"><span class='ocrx_word' id='word_1_19' title='bbox 31 441 345 497; x_wconf 79' lang='lat' dir='ltr'>grammaticae</span> <span class='ocrx_word' id='word_1_20' title='bbox 393 451 583 496; x_wconf 78' lang='lat' dir='ltr'>graecae</span> <span class='ocrx_word' id='word_1_21' title='bbox 629 439 775 484; x_wconf 91' lang='lat' dir='ltr'>locum</span> <span class='ocrx_word' id='word_1_22' title='bbox 820 439 986 493; x_wconf 88' lang='lat' dir='ltr'>majore</span> <span class='ocrx_word' id='word_1_23' title='bbox 1043 442 1254 495; x_wconf 89' lang='lat' dir='ltr'>apparatu</span> <span class='ocrx_word' id='word_1_24' title='bbox 1308 443 1504 483; x_wconf 80' lang='lat' dir='ltr'>exstruat</span> 
     </span>
     <span class='ocr_line' id='line_1_5' title="bbox 31 507 1500 575; baseline -0.001 -12"><span class='ocrx_word' id='word_1_25' title='bbox 31 521 164 575; x_wconf 85' lang='lat' dir='ltr'>atque</span> <span class='ocrx_word' id='word_1_26' title='bbox 203 521 396 562; x_wconf 79' lang='lat' dir='ltr'>exornet.</span> <span class='ocrx_word' id='word_1_27' title='bbox 470 516 597 562; x_wconf 88' lang='lat' dir='ltr'>Certe</span> <span class='ocrx_word' id='word_1_28' title='bbox 634 513 821 559; x_wconf 72' lang='grc' dir='ltr'><strong><em>ἔσσεται</em></strong></span> <span class='ocrx_word' id='word_1_29' title='bbox 858 507 1002 564; x_wconf 80' lang='grc' dir='ltr'><em>οὗτος</em></span> <span class='ocrx_word' id='word_1_30' title='bbox 1037 507 1162 574; x_wconf 74' lang='grc' dir='ltr'>ἀνήρ</span> <span class='ocrx_word' id='word_1_31' title='bbox 1185 543 1252 549; x_wconf 83' lang='lat'>—</span> <span class='ocrx_word' id='word_1_32' title='bbox 1281 517 1366 560; x_wconf 89' lang='lat' dir='ltr'>nisi</span> <span class='ocrx_word' id='word_1_33' title='bbox 1390 516 1500 562; x_wconf 85' lang='lat' dir='ltr'>forte</span> 
     </span>
     <span class='ocr_line' id='line_1_6' title="bbox 32 592 1501 653; baseline -0.001 -14"><span class='ocrx_word' id='word_1_34' title='bbox 32 607 160 653; x_wconf 84' lang='lat' dir='ltr'>aura,</span> <span class='ocrx_word' id='word_1_35' title='bbox 198 606 286 651; x_wconf 88' lang='lat' dir='ltr'>qua</span> <span class='ocrx_word' id='word_1_36' title='bbox 323 594 537 638; x_wconf 88' lang='lat' dir='ltr'>hactenus</span> <span class='ocrx_word' id='word_1_37' title='bbox 574 595 771 651; x_wconf 85' lang='lat' dir='ltr'>provecti</span> <span class='ocrx_word' id='word_1_38' title='bbox 809 606 985 652; x_wconf 85' lang='lat' dir='ltr'>sumus,</span> <span class='ocrx_word' id='word_1_39' title='bbox 1023 592 1238 638; x_wconf 85' lang='lat' dir='ltr'>reflaverit</span> <span class='ocrx_word' id='word_1_40' title='bbox 1272 597 1501 651; x_wconf 87' lang='lat' dir='ltr'>totumquo</span> 
     </span>
     <span class='ocr_line' id='line_1_7' title="bbox 31 670 1500 728; baseline -0.001 -11"><span class='ocrx_word' id='word_1_41' title='bbox 31 671 116 717; x_wconf 93' lang='lat' dir='ltr'>hoc</span> <span class='ocrx_word' id='word_1_42' title='bbox 153 673 426 728; x_wconf 84' lang='lat' dir='ltr'>antiquitatis</span> <span class='ocrx_word' id='word_1_43' title='bbox 466 670 656 715; x_wconf 88' lang='lat' dir='ltr'>studium</span> <span class='ocrx_word' id='word_1_44' title='bbox 694 672 761 716; x_wconf 90' lang='lat' dir='ltr'>sic</span> <span class='ocrx_word' id='word_1_45' title='bbox 780 675 826 714; x_wconf 91' lang='lat' dir='ltr'>ut</span> <span class='ocrx_word' id='word_1_46' title='bbox 846 671 1108 717; x_wconf 88' lang='lat' dir='ltr'>Niebuhrius</span> <span class='ocrx_word' id='word_1_47' title='bbox 1140 671 1349 716; x_wconf 79' lang='lat' dir='ltr'>antelios</span> <span class='ocrx_word' id='word_1_48' title='bbox 1380 671 1500 716; x_wconf 92' lang='lat' dir='ltr'>duo-</span> 
     </span>
     <span class='ocr_line' id='line_1_8' title="bbox 31 748 1499 807; baseline -0.001 -12"><span class='ocrx_word' id='word_1_49' title='bbox 31 749 173 795; x_wconf 82' lang='lat' dir='ltr'>decim</span> <span class='ocrx_word' id='word_1_50' title='bbox 211 761 352 794; x_wconf 86' lang='lat' dir='ltr'>annos</span> <span class='ocrx_word' id='word_1_51' title='bbox 388 751 653 794; x_wconf 81' lang='lat' dir='ltr'>vaticinatus</span> <span class='ocrx_word' id='word_1_52' title='bbox 691 752 773 807; x_wconf 83' lang='lat' dir='ltr'>est,</span> <span class='ocrx_word' id='word_1_53' title='bbox 810 760 1063 805; x_wconf 87' lang='lat' dir='ltr'>repressum</span> <span class='ocrx_word' id='word_1_54' title='bbox 1085 748 1222 793; x_wconf 88' lang='lat' dir='ltr'>fuerit.</span> <span class='ocrx_word' id='word_1_55' title='bbox 1292 749 1371 793; x_wconf 90' lang='lat' dir='ltr'>Illa</span> <span class='ocrx_word' id='word_1_56' title='bbox 1394 751 1499 806; x_wconf 88' lang='lat' dir='ltr'>qui-</span> 
     </span>
     <span class='ocr_line' id='line_1_9' title="bbox 31 826 1498 886; baseline -0.001 -14"><span class='ocrx_word' id='word_1_57' title='bbox 31 827 129 872; x_wconf 91' lang='lat' dir='ltr'>dem</span> <span class='ocrx_word' id='word_1_58' title='bbox 168 827 223 871; x_wconf 93' lang='lat' dir='ltr'>dc</span> <span class='ocrx_word' id='word_1_59' title='bbox 260 827 450 871; x_wconf 85' lang='lat' dir='ltr'>motibus</span> <span class='ocrx_word' id='word_1_60' title='bbox 490 827 690 872; x_wconf 84' lang='lat' dir='ltr'>civilibus</span> <span class='ocrx_word' id='word_1_61' title='bbox 726 826 969 883; x_wconf 87' lang='lat' dir='ltr'>praedictio</span> <span class='ocrx_word' id='word_1_62' title='bbox 1006 839 1120 871; x_wconf 85' lang='lat' dir='ltr'>vana</span> <span class='ocrx_word' id='word_1_63' title='bbox 1155 826 1256 886; x_wconf 82' lang='lat' dir='ltr'>suit,</span> <span class='ocrx_word' id='word_1_64' title='bbox 1293 826 1375 872; x_wconf 92' lang='lat' dir='ltr'>sed</span> <span class='ocrx_word' id='word_1_65' title='bbox 1409 839 1498 884; x_wconf 92' lang='lat' dir='ltr'>pe-</span> 
     </span>
     <span class='ocr_line' id='line_1_10' title="bbox 30 903 1497 962; baseline 0.001 -15"><span class='ocrx_word' id='word_1_66' title='bbox 30 904 211 949; x_wconf 90' lang='lat' dir='ltr'>riculum</span> <span class='ocrx_word' id='word_1_67' title='bbox 252 903 429 951; x_wconf 87' lang='lat' dir='ltr'>aliunde</span> <span class='ocrx_word' id='word_1_68' title='bbox 463 906 668 949; x_wconf 90' lang='lat' dir='ltr'>imminet.</span> <span class='ocrx_word' id='word_1_69' title='bbox 737 904 905 949; x_wconf 90' lang='lat' dir='ltr'>Etenim</span> <span class='ocrx_word' id='word_1_70' title='bbox 931 903 1045 949; x_wconf 90' lang='lat' dir='ltr'>duae</span> <span class='ocrx_word' id='word_1_71' title='bbox 1070 906 1250 949; x_wconf 90' lang='lat' dir='ltr'>nuncin</span> <span class='ocrx_word' id='word_1_72' title='bbox 1271 905 1497 962; x_wconf 90' lang='lat' dir='ltr'>plerisque</span> 
     </span>
     <span class='ocr_line' id='line_1_11' title="bbox 30 981 1497 1039; baseline 0 -13"><span class='ocrx_word' id='word_1_73' title='bbox 30 981 278 1026; x_wconf 87' lang='lat' dir='ltr'>civitatibus</span> <span class='ocrx_word' id='word_1_74' title='bbox 326 981 519 1036; x_wconf 80' lang='lat' dir='ltr'>gliscunt</span> <span class='ocrx_word' id='word_1_75' title='bbox 565 986 717 1025; x_wconf 88' lang='lat' dir='ltr'>sectae</span> <span class='ocrx_word' id='word_1_76' title='bbox 768 994 883 1039; x_wconf 88' lang='lat' dir='ltr'>quae</span> <span class='ocrx_word' id='word_1_77' title='bbox 931 982 1159 1026; x_wconf 89' lang='lat' dir='ltr'>liberalem</span> <span class='ocrx_word' id='word_1_78' title='bbox 1209 981 1497 1027; x_wconf 89' lang='lat' dir='ltr'>eruditionem</span> 
     </span>
     <span class='ocr_line' id='line_1_12' title="bbox 28 1059 1497 1116; baseline 0.001 -14"><span class='ocrx_word' id='word_1_79' title='bbox 28 1060 182 1116; x_wconf 90' lang='lat' dir='ltr'>partim</span> <span class='ocrx_word' id='word_1_80' title='bbox 228 1063 543 1115; x_wconf 83' lang='lat' dir='ltr'>aspernantur,</span> <span class='ocrx_word' id='word_1_81' title='bbox 595 1060 749 1114; x_wconf 87' lang='lat' dir='ltr'>partim</span> <span class='ocrx_word' id='word_1_82' title='bbox 794 1060 1119 1116; x_wconf 87' lang='lat' dir='ltr'>pertimescunt.</span> <span class='ocrx_word' id='word_1_83' title='bbox 1209 1059 1371 1103; x_wconf 88' lang='lat' dir='ltr'>Harum</span> <span class='ocrx_word' id='word_1_84' title='bbox 1423 1061 1497 1103; x_wconf 91' lang='lat' dir='ltr'>uni</span> 
     </span>
     <span class='ocr_line' id='line_1_13' title="bbox 29 1136 1498 1195; baseline 0.001 -14"><span class='ocrx_word' id='word_1_85' title='bbox 29 1136 240 1193; x_wconf 86' lang='lat' dir='ltr'>adscripti</span> <span class='ocrx_word' id='word_1_86' title='bbox 274 1140 376 1180; x_wconf 89' lang='lat' dir='ltr'>sunt</span> <span class='ocrx_word' id='word_1_87' title='bbox 410 1137 601 1180; x_wconf 89' lang='lat' dir='ltr'>utilitarii</span> <span class='ocrx_word' id='word_1_88' title='bbox 637 1137 712 1193; x_wconf 90' lang='lat' dir='ltr'>qui</span> <span class='ocrx_word' id='word_1_89' title='bbox 747 1136 853 1180; x_wconf 88' lang='lat' dir='ltr'>nihil</span> <span class='ocrx_word' id='word_1_90' title='bbox 891 1136 1008 1181; x_wconf 89' lang='lat' dir='ltr'>aliud</span> <span class='ocrx_word' id='word_1_91' title='bbox 1033 1140 1185 1193; x_wconf 90' lang='lat' dir='ltr'>optant</span> <span class='ocrx_word' id='word_1_92' title='bbox 1206 1149 1336 1195; x_wconf 92' lang='lat' dir='ltr'>quam</span> <span class='ocrx_word' id='word_1_93' title='bbox 1357 1149 1498 1194; x_wconf 90' lang='lat' dir='ltr'>panes</span> 
     </span>
     <span class='ocr_line' id='line_1_14' title="bbox 28 1214 1498 1273; baseline 0 -13"><span class='ocrx_word' id='word_1_94' title='bbox 28 1217 73 1260; x_wconf 88' lang='lat' dir='ltr'>et</span> <span class='ocrx_word' id='word_1_95' title='bbox 117 1215 344 1259; x_wconf 89' lang='lat' dir='ltr'>circenses</span> <span class='ocrx_word' id='word_1_96' title='bbox 390 1214 476 1260; x_wconf 91' lang='lat' dir='ltr'>hoc</span> <span class='ocrx_word' id='word_1_97' title='bbox 513 1218 581 1259; x_wconf 90' lang='lat' dir='ltr'>est</span> <span class='ocrx_word' id='word_1_98' title='bbox 616 1216 832 1271; x_wconf 88' lang='lat' dir='ltr'>pecuniae</span> <span class='ocrx_word' id='word_1_99' title='bbox 878 1216 964 1259; x_wconf 92' lang='lat' dir='ltr'>cito</span> <span class='ocrx_word' id='word_1_100' title='bbox 1003 1214 1308 1260; x_wconf 88' lang='lat' dir='ltr'>conficiendae</span> <span class='ocrx_word' id='word_1_101' title='bbox 1343 1219 1384 1260; x_wconf 89' lang='lat' dir='ltr'>et</span> <span class='ocrx_word' id='word_1_102' title='bbox 1418 1227 1498 1273; x_wconf 91' lang='lat' dir='ltr'>per</span> 
     </span>
     <span class='ocr_line' id='line_1_15' title="bbox 28 1291 1498 1351; baseline -0.001 -14"><span class='ocrx_word' id='word_1_103' title='bbox 28 1291 214 1337; x_wconf 87' lang='lat' dir='ltr'>delicias</span> <span class='ocrx_word' id='word_1_104' title='bbox 248 1291 555 1349; x_wconf 84' lang='lat' dir='ltr'>prodigendae</span> <span class='ocrx_word' id='word_1_105' title='bbox 590 1293 686 1336; x_wconf 86' lang='lat' dir='ltr'>vias</span> <span class='ocrx_word' id='word_1_106' title='bbox 722 1296 766 1336; x_wconf 91' lang='lat' dir='ltr'>et</span> <span class='ocrx_word' id='word_1_107' title='bbox 801 1294 1008 1337; x_wconf 90' lang='lat' dir='ltr'>rationes.</span> <span class='ocrx_word' id='word_1_108' title='bbox 1080 1291 1202 1345; x_wconf 79' lang='lat' dir='ltr'>Quid</span> <span class='ocrx_word' id='word_1_109' title='bbox 1218 1291 1380 1351; x_wconf 75' lang='lat' dir='ltr'>faciat</span> <span class='ocrx_word' id='word_1_110' title='bbox 1395 1293 1498 1336; x_wconf 84' lang='lat' dir='ltr'>lae-</span> 
     </span>
     <span class='ocr_line' id='line_1_16' title="bbox 31 1369 1497 1428; baseline 0.002 -17"><span class='ocrx_word' id='word_1_111' title='bbox 31 1371 104 1411; x_wconf 76' lang='lat' dir='ltr'>tas</span> <span class='ocrx_word' id='word_1_112' title='bbox 141 1371 331 1425; x_wconf 71' lang='lat' dir='ltr'>seyeles,</span> <span class='ocrx_word' id='word_1_113' title='bbox 368 1382 488 1426; x_wconf 75' lang='lat' dir='ltr'>quae</span> <span class='ocrx_word' id='word_1_114' title='bbox 522 1382 641 1412; x_wconf 80' lang='lat' dir='ltr'>cura</span> <span class='ocrx_word' id='word_1_115' title='bbox 671 1369 806 1413; x_wconf 79' lang='lat' dir='ltr'>boum</span> <span class='ocrx_word' id='word_1_116' title='bbox 854 1394 912 1401; x_wconf 83' lang='lat'><strong>—</strong></span> <span class='ocrx_word' id='word_1_117' title='bbox 960 1374 1003 1415; x_wconf 89' lang='lat' dir='ltr'>et</span> <span class='ocrx_word' id='word_1_118' title='bbox 1048 1371 1090 1412; x_wconf 67' lang='lat' dir='ltr'>si</span> <span class='ocrx_word' id='word_1_119' title='bbox 1137 1371 1194 1413; x_wconf 84' lang='lat' dir='ltr'>de</span> <span class='ocrx_word' id='word_1_120' title='bbox 1237 1372 1497 1428; x_wconf 77' lang='lat' dir='ltr'>quincunce</span> 
     </span>
     <span class='ocr_line' id='line_1_17' title="bbox 27 1447 1493 1504; baseline 0.003 -14"><span class='ocrx_word' id='word_1_121' title='bbox 27 1449 205 1490; x_wconf 77' lang='lat' dir='ltr'>remota</span> <span class='ocrx_word' id='word_1_122' title='bbox 239 1449 313 1490; x_wconf 71' lang='lat' dir='ltr'>est</span> <span class='ocrx_word' id='word_1_123' title='bbox 342 1447 485 1489; x_wconf 76' lang='lat' dir='ltr'>unica</span> <span class='ocrx_word' id='word_1_124' title='bbox 521 1449 633 1504; x_wconf 75' lang='lat' dir='ltr'>quid</span> <span class='ocrx_word' id='word_1_125' title='bbox 667 1451 877 1504; x_wconf 72' lang='lat' dir='ltr'>superet,</span> <span class='ocrx_word' id='word_1_126' title='bbox 925 1447 970 1492; x_wconf 91' lang='lat' dir='ltr'>id</span> <span class='ocrx_word' id='word_1_127' title='bbox 1007 1449 1120 1492; x_wconf 86' lang='lat' dir='ltr'>scire</span> <span class='ocrx_word' id='word_1_128' title='bbox 1156 1450 1228 1493; x_wconf 88' lang='lat' dir='ltr'>isti</span> <span class='ocrx_word' id='word_1_129' title='bbox 1265 1451 1374 1493; x_wconf 84' lang='lat' dir='ltr'>satis</span> <span class='ocrx_word' id='word_1_130' title='bbox 1411 1461 1493 1493; x_wconf 89' lang='lat' dir='ltr'>Su—</span> 
     </span>
     <span class='ocr_line' id='line_1_18' title="bbox 27 1524 1494 1582; baseline 0.003 -14"><span class='ocrx_word' id='word_1_131' title='bbox 27 1536 195 1582; x_wconf 88' lang='lat' dir='ltr'>perque</span> <span class='ocrx_word' id='word_1_132' title='bbox 232 1524 397 1569; x_wconf 88' lang='lat' dir='ltr'>habent</span> <span class='ocrx_word' id='word_1_133' title='bbox 434 1529 476 1569; x_wconf 90' lang='lat' dir='ltr'>et</span> <span class='ocrx_word' id='word_1_134' title='bbox 511 1531 685 1571; x_wconf 89' lang='lat' dir='ltr'>centum</span> <span class='ocrx_word' id='word_1_135' title='bbox 724 1528 918 1572; x_wconf 90' lang='lat' dir='ltr'>Graecos</span> <span class='ocrx_word' id='word_1_136' title='bbox 956 1530 1078 1571; x_wconf 91' lang='lat' dir='ltr'>curto</span> <span class='ocrx_word' id='word_1_137' title='bbox 1117 1531 1325 1572; x_wconf 88' lang='lat' dir='ltr'>centusse</span> <span class='ocrx_word' id='word_1_138' title='bbox 1348 1526 1494 1572; x_wconf 90' lang='lat' dir='ltr'>licen-</span> 
     </span>
     <span class='ocr_line' id='line_1_19' title="bbox 28 1602 1494 1664; baseline 0.001 -16"><span class='ocrx_word' id='word_1_139' title='bbox 28 1606 107 1648; x_wconf 86' lang='lat' dir='ltr'>tur.</span> <span class='ocrx_word' id='word_1_140' title='bbox 165 1602 320 1648; x_wconf 84' lang='lat' dir='ltr'>Altera</span> <span class='ocrx_word' id='word_1_141' title='bbox 357 1606 425 1647; x_wconf 91' lang='lat' dir='ltr'>est</span> <span class='ocrx_word' id='word_1_142' title='bbox 460 1602 593 1649; x_wconf 84' lang='lat' dir='ltr'>factio</span> <span class='ocrx_word' id='word_1_143' title='bbox 631 1605 864 1664; x_wconf 88' lang='lat' dir='ltr'>clericalis,</span> <span class='ocrx_word' id='word_1_144' title='bbox 901 1605 1102 1648; x_wconf 90' lang='lat' dir='ltr'>inscitiae</span> <span class='ocrx_word' id='word_1_145' title='bbox 1139 1608 1183 1649; x_wconf 88' lang='lat' dir='ltr'>et</span> <span class='ocrx_word' id='word_1_146' title='bbox 1208 1606 1494 1662; x_wconf 87' lang='lat' dir='ltr'>superstitio-</span> 
     </span>
     <span class='ocr_line' id='line_1_20' title="bbox 27 1680 1495 1740; baseline 0.001 -14"><span class='ocrx_word' id='word_1_147' title='bbox 27 1692 129 1726; x_wconf 90' lang='lat' dir='ltr'>num</span> <span class='ocrx_word' id='word_1_148' title='bbox 176 1680 414 1740; x_wconf 89' lang='lat' dir='ltr'>nutricula‚</span> <span class='ocrx_word' id='word_1_149' title='bbox 462 1693 578 1738; x_wconf 90' lang='lat' dir='ltr'>quae</span> <span class='ocrx_word' id='word_1_150' title='bbox 623 1695 848 1740; x_wconf 87' lang='lat' dir='ltr'>nunquam</span> <span class='ocrx_word' id='word_1_151' title='bbox 897 1682 1167 1727; x_wconf 76' lang='lat' dir='ltr'>obliviscitur</span> <span class='ocrx_word' id='word_1_152' title='bbox 1209 1684 1495 1727; x_wconf 89' lang='lat' dir='ltr'>renovatione</span> 
     </span>
     <span class='ocr_line' id='line_1_21' title="bbox 26 1758 1495 1815; baseline 0.001 -12"><span class='ocrx_word' id='word_1_153' title='bbox 26 1758 245 1804; x_wconf 89' lang='lat' dir='ltr'>literarum</span> <span class='ocrx_word' id='word_1_154' title='bbox 294 1770 550 1813; x_wconf 85' lang='lat' dir='ltr'>graecarum</span> <span class='ocrx_word' id='word_1_155' title='bbox 600 1763 644 1803; x_wconf 89' lang='lat' dir='ltr'>et</span> <span class='ocrx_word' id='word_1_156' title='bbox 688 1760 918 1804; x_wconf 89' lang='lat' dir='ltr'>latinarum</span> <span class='ocrx_word' id='word_1_157' title='bbox 965 1759 1147 1815; x_wconf 83' lang='lat' dir='ltr'>gradum</span> <span class='ocrx_word' id='word_1_158' title='bbox 1193 1758 1354 1804; x_wconf 86' lang='lat' dir='ltr'>factum</span> <span class='ocrx_word' id='word_1_159' title='bbox 1391 1771 1495 1805; x_wconf 88' lang='lat' dir='ltr'>esse</span> 
     </span>
     <span class='ocr_line' id='line_1_22' title="bbox 30 1835 1493 1894; baseline 0.001 -14"><span class='ocrx_word' id='word_1_160' title='bbox 30 1835 86 1880; x_wconf 85' lang='lat' dir='ltr'>ad</span> <span class='ocrx_word' id='word_1_161' title='bbox 121 1836 240 1880; x_wconf 91' lang='lat' dir='ltr'>illam</span> <span class='ocrx_word' id='word_1_162' title='bbox 278 1847 417 1879; x_wconf 91' lang='lat' dir='ltr'>rerum</span> <span class='ocrx_word' id='word_1_163' title='bbox 465 1840 712 1881; x_wconf 89' lang='lat' dir='ltr'>nostrarum</span> <span class='ocrx_word' id='word_1_164' title='bbox 759 1839 1096 1883; x_wconf 89' lang='lat' dir='ltr'>conversionem</span> <span class='ocrx_word' id='word_1_165' title='bbox 1141 1849 1229 1894; x_wconf 86' lang='lat' dir='ltr'>qua</span> <span class='ocrx_word' id='word_1_166' title='bbox 1275 1837 1432 1893; x_wconf 83' lang='lat' dir='ltr'>religio</span> <span class='ocrx_word' id='word_1_167' title='bbox 1468 1850 1493 1882; x_wconf 88' lang='lat' dir='ltr'>a</span> 
     </span>
     <span class='ocr_line' id='line_1_23' title="bbox 29 1913 1492 1974; baseline 0.001 -16"><span class='ocrx_word' id='word_1_168' title='bbox 29 1913 257 1958; x_wconf 88' lang='lat' dir='ltr'>calumniis</span> <span class='ocrx_word' id='word_1_169' title='bbox 302 1914 677 1970; x_wconf 89' lang='lat' dir='ltr'>interpretantium</span> <span class='ocrx_word' id='word_1_170' title='bbox 723 1915 967 1974; x_wconf 79' lang='lat' dir='ltr'>vindicata,</span> <span class='ocrx_word' id='word_1_171' title='bbox 1022 1918 1138 1959; x_wconf 88' lang='lat' dir='ltr'>artes</span> <span class='ocrx_word' id='word_1_172' title='bbox 1185 1919 1228 1959; x_wconf 90' lang='lat' dir='ltr'>et</span> <span class='ocrx_word' id='word_1_173' title='bbox 1268 1915 1422 1960; x_wconf 89' lang='lat' dir='ltr'>literae</span> <span class='ocrx_word' id='word_1_174' title='bbox 1468 1928 1492 1960; x_wconf 86' lang='lat' dir='ltr'>e</span> 
     </span>
     <span class='ocr_line' id='line_1_24' title="bbox 27 1990 1493 2038; baseline 0.001 -2"><span class='ocrx_word' id='word_1_175' title='bbox 27 1990 214 2036; x_wconf 89' lang='lat' dir='ltr'>vinculis</span> <span class='ocrx_word' id='word_1_176' title='bbox 259 1991 538 2036; x_wconf 89' lang='lat' dir='ltr'>monachalis</span> <span class='ocrx_word' id='word_1_177' title='bbox 584 1993 868 2037; x_wconf 87' lang='lat' dir='ltr'>institutionis</span> <span class='ocrx_word' id='word_1_178' title='bbox 917 1994 1090 2038; x_wconf 87' lang='lat' dir='ltr'>solutae</span> <span class='ocrx_word' id='word_1_179' title='bbox 1136 1996 1180 2037; x_wconf 91' lang='lat' dir='ltr'>et</span> <span class='ocrx_word' id='word_1_180' title='bbox 1232 1993 1350 2038; x_wconf 89' lang='lat' dir='ltr'>mille</span> <span class='ocrx_word' id='word_1_181' title='bbox 1394 1995 1493 2038; x_wconf 90' lang='lat' dir='ltr'>viae</span> 
     </span>
     <span class='ocr_line' id='line_1_25' title="bbox 30 2067 1494 2128; baseline 0.001 -14"><span class='ocrx_word' id='word_1_182' title='bbox 30 2067 85 2114; x_wconf 83' lang='lat' dir='ltr'>ad</span> <span class='ocrx_word' id='word_1_183' title='bbox 130 2069 308 2125; x_wconf 83' lang='lat' dir='ltr'>generis</span> <span class='ocrx_word' id='word_1_184' title='bbox 354 2071 491 2114; x_wconf 90' lang='lat' dir='ltr'>nostri</span> <span class='ocrx_word' id='word_1_185' title='bbox 535 2069 849 2127; x_wconf 80' lang='lat' dir='ltr'>persectioncm</span> <span class='ocrx_word' id='word_1_186' title='bbox 904 2070 1153 2128; x_wconf 85' lang='lat' dir='ltr'>patefactae</span> <span class='ocrx_word' id='word_1_187' title='bbox 1207 2074 1319 2115; x_wconf 89' lang='lat' dir='ltr'>sunt.</span> <span class='ocrx_word' id='word_1_188' title='bbox 1396 2071 1494 2116; x_wconf 91' lang='lat' dir='ltr'>Hoc</span> 
     </span>
     <span class='ocr_line' id='line_1_26' title="bbox 31 2145 1492 2204; baseline 0.001 -13"><span class='ocrx_word' id='word_1_189' title='bbox 31 2150 99 2191; x_wconf 89' lang='lat' dir='ltr'>est</span> <span class='ocrx_word' id='word_1_190' title='bbox 134 2145 255 2204; x_wconf 87' lang='lat' dir='ltr'>quod</span> <span class='ocrx_word' id='word_1_191' title='bbox 291 2146 565 2193; x_wconf 86' lang='lat' dir='ltr'>hierarchiae</span> <span class='ocrx_word' id='word_1_192' title='bbox 603 2149 818 2192; x_wconf 86' lang='lat' dir='ltr'>emissarii</span> <span class='ocrx_word' id='word_1_193' title='bbox 855 2150 973 2193; x_wconf 88' lang='lat' dir='ltr'>tonsi</span> <span class='ocrx_word' id='word_1_194' title='bbox 1019 2149 1238 2193; x_wconf 84' lang='lat' dir='ltr'>intensive</span> <span class='ocrx_word' id='word_1_195' title='bbox 1285 2148 1492 2194; x_wconf 89' lang='lat' dir='ltr'>infectum</span> 
     </span>
     <span class='ocr_line' id='line_1_27' title="bbox 30 2223 1495 2283; baseline 0.002 -15"><span class='ocrx_word' id='word_1_196' title='bbox 30 2223 214 2268; x_wconf 89' lang='lat' dir='ltr'>reddere</span> <span class='ocrx_word' id='word_1_197' title='bbox 252 2227 369 2269; x_wconf 89' lang='lat' dir='ltr'>omni</span> <span class='ocrx_word' id='word_1_198' title='bbox 406 2238 491 2283; x_wconf 92' lang='lat' dir='ltr'>ope</span> <span class='ocrx_word' id='word_1_199' title='bbox 528 2228 720 2271; x_wconf 88' lang='lat' dir='ltr'>nituntur</span> <span class='ocrx_word' id='word_1_200' title='bbox 757 2239 878 2283; x_wconf 91' lang='lat' dir='ltr'>spem</span> <span class='ocrx_word' id='word_1_201' title='bbox 916 2228 1032 2271; x_wconf 88' lang='lat' dir='ltr'>nacti</span> <span class='ocrx_word' id='word_1_202' title='bbox 1069 2228 1266 2270; x_wconf 87' lang='lat' dir='ltr'>restituta</span> <span class='ocrx_word' id='word_1_203' title='bbox 1290 2226 1495 2271; x_wconf 88' lang='lat' dir='ltr'>barbaria</span> 
     </span>
     <span class='ocr_line' id='line_1_28' title="bbox 30 2303 1493 2363; baseline 0.001 -17"><span class='ocrx_word' id='word_1_204' title='bbox 30 2314 154 2346; x_wconf 89' lang='lat' dir='ltr'>suam</span> <span class='ocrx_word' id='word_1_205' title='bbox 200 2303 282 2347; x_wconf 90' lang='lat' dir='ltr'>sibi</span> <span class='ocrx_word' id='word_1_206' title='bbox 331 2303 673 2349; x_wconf 89' lang='lat' dir='ltr'>dominationem</span> <span class='ocrx_word' id='word_1_207' title='bbox 710 2306 951 2349; x_wconf 87' lang='lat' dir='ltr'>restitutum</span> <span class='ocrx_word' id='word_1_208' title='bbox 988 2305 1051 2363; x_wconf 82' lang='lat' dir='ltr'>iri,</span> <span class='ocrx_word' id='word_1_209' title='bbox 1089 2305 1158 2348; x_wconf 89' lang='lat' dir='ltr'>cui</span> <span class='ocrx_word' id='word_1_210' title='bbox 1193 2315 1310 2348; x_wconf 91' lang='lat' dir='ltr'>nunc</span> <span class='ocrx_word' id='word_1_211' title='bbox 1345 2303 1493 2348; x_wconf 90' lang='lat' dir='ltr'>hone-</span> 
     </span>
     <span class='ocr_line' id='line_1_29' title="bbox 31 2381 1493 2439; baseline 0.001 -15"><span class='ocrx_word' id='word_1_212' title='bbox 31 2383 143 2425; x_wconf 91' lang='lat' dir='ltr'>stum</span> <span class='ocrx_word' id='word_1_213' title='bbox 189 2393 349 2425; x_wconf 92' lang='lat' dir='ltr'>nomen</span> <span class='ocrx_word' id='word_1_214' title='bbox 404 2383 578 2438; x_wconf 88' lang='lat' dir='ltr'>pietatis</span> <span class='ocrx_word' id='word_1_215' title='bbox 638 2386 682 2427; x_wconf 93' lang='lat' dir='ltr'>et</span> <span class='ocrx_word' id='word_1_216' title='bbox 732 2381 1117 2439; x_wconf 79' lang='lat' dir='ltr'>philorthodoxiae</span> <span class='ocrx_word' id='word_1_217' title='bbox 1171 2381 1493 2438; x_wconf 87' lang='lat' dir='ltr'>praescribitur.</span> 
     </span>
     <span class='ocr_line' id='line_1_30' title="bbox 29 2457 1493 2517; baseline 0.002 -16"><span class='ocrx_word' id='word_1_218' title='bbox 29 2457 82 2502; x_wconf 91' lang='lat' dir='ltr'>Et</span> <span class='ocrx_word' id='word_1_219' title='bbox 115 2457 187 2502; x_wconf 84' lang='lat' dir='ltr'>fiet</span> <span class='ocrx_word' id='word_1_220' title='bbox 222 2458 412 2503; x_wconf 86' lang='lat' dir='ltr'>fortasse</span> <span class='ocrx_word' id='word_1_221' title='bbox 449 2463 496 2503; x_wconf 92' lang='lat' dir='ltr'>ut</span> <span class='ocrx_word' id='word_1_222' title='bbox 530 2472 608 2517; x_wconf 91' lang='lat' dir='ltr'>pro</span> <span class='ocrx_word' id='word_1_223' title='bbox 633 2459 815 2504; x_wconf 90' lang='lat' dir='ltr'>Horatio</span> <span class='ocrx_word' id='word_1_224' title='bbox 854 2471 1035 2504; x_wconf 90' lang='lat' dir='ltr'>romano</span> <span class='ocrx_word' id='word_1_225' title='bbox 1073 2471 1174 2503; x_wconf 78' lang='lat' dir='ltr'>mox</span> <span class='ocrx_word' id='word_1_226' title='bbox 1198 2460 1369 2515; x_wconf 86' lang='lat' dir='ltr'>legatur</span> <span class='ocrx_word' id='word_1_227' title='bbox 1393 2459 1493 2504; x_wconf 92' lang='lat' dir='ltr'>Ho-</span> 
     </span>
     <span class='ocr_line' id='line_1_31' title="bbox 31 2535 1493 2596; baseline 0.001 -17"><span class='ocrx_word' id='word_1_228' title='bbox 31 2537 164 2581; x_wconf 87' lang='lat' dir='ltr'>ratius</span> <span class='ocrx_word' id='word_1_229' title='bbox 201 2537 409 2596; x_wconf 83' lang='lat' dir='ltr'>Polonus‚</span> <span class='ocrx_word' id='word_1_230' title='bbox 446 2537 768 2596; x_wconf 84' lang='lat' dir='ltr'>Sarbievshius‚</span> <span class='ocrx_word' id='word_1_231' title='bbox 807 2538 932 2592; x_wconf 83' lang='lat' dir='ltr'>cujus</span> <span class='ocrx_word' id='word_1_232' title='bbox 972 2536 1083 2581; x_wconf 88' lang='lat' dir='ltr'>odas</span> <span class='ocrx_word' id='word_1_233' title='bbox 1122 2540 1164 2581; x_wconf 92' lang='lat' dir='ltr'>et</span> <span class='ocrx_word' id='word_1_234' title='bbox 1199 2535 1373 2594; x_wconf 89' lang='lat' dir='ltr'>epodos</span> <span class='ocrx_word' id='word_1_235' title='bbox 1404 2549 1493 2580; x_wconf 89' lang='lat' dir='ltr'>nu-</span> 
     </span>
     <span class='ocr_line' id='line_1_32' title="bbox 31 2614 1494 2673; baseline 0 -15"><span class='ocrx_word' id='word_1_236' title='bbox 31 2624 109 2671; x_wconf 90' lang='lat' dir='ltr'>per</span> <span class='ocrx_word' id='word_1_237' title='bbox 149 2614 309 2672; x_wconf 88' lang='lat' dir='ltr'>aliquis</span> <span class='ocrx_word' id='word_1_238' title='bbox 349 2614 565 2669; x_wconf 82' lang='lat' dir='ltr'>juventuti</span> <span class='ocrx_word' id='word_1_239' title='bbox 610 2614 875 2659; x_wconf 90' lang='lat' dir='ltr'>christianae</span> <span class='ocrx_word' id='word_1_240' title='bbox 923 2614 1266 2673; x_wconf 78' lang='lat' dir='ltr'>commendavit,</span> <span class='ocrx_word' id='word_1_241' title='bbox 1325 2618 1368 2659; x_wconf 86' lang='lat' dir='ltr'>et</span> <span class='ocrx_word' id='word_1_242' title='bbox 1414 2626 1494 2672; x_wconf 92' lang='lat' dir='ltr'>pro</span> 
     </span>
     <span class='ocr_line' id='line_1_33' title="bbox 31 2688 1494 2750; baseline 0.002 -18"><span class='ocrx_word' id='word_1_243' title='bbox 31 2688 212 2746; x_wconf 85' lang='lat' dir='ltr'>Virgilio</span> <span class='ocrx_word' id='word_1_244' title='bbox 249 2692 424 2737; x_wconf 90' lang='lat' dir='ltr'>ethnico</span> <span class='ocrx_word' id='word_1_245' title='bbox 462 2693 672 2737; x_wconf 87' lang='lat' dir='ltr'>Christias</span> <span class='ocrx_word' id='word_1_246' title='bbox 704 2692 792 2750; x_wconf 87' lang='lat' dir='ltr'>illa,</span> <span class='ocrx_word' id='word_1_247' title='bbox 831 2704 960 2749; x_wconf 82' lang='lat' dir='ltr'>quam</span> <span class='ocrx_word' id='word_1_248' title='bbox 984 2691 1240 2738; x_wconf 79' lang='lat' dir='ltr'>Alexander</span> <span class='ocrx_word' id='word_1_249' title='bbox 1262 2692 1494 2737; x_wconf 87' lang='lat' dir='ltr'>Rossaeus</span> 
     </span>
    </p>
   </div>
  </div>
 </body>
</html>
