1731 3021
136 185 222 228 1⁴72
251 184 381 227 DISS.
400 184 465 226 III.
498 183 567 226 DE
582 183 710 226 NOM.
736 182 956 233 QUORUM
978 182 1128 225 CHAR.
1151 181 1253 224 EST
1275 184 1364 226 Me.
1396 184 1438 227 G,
1457 184 1505 227 11.
1525 185 1612 234 §.2

138 298 326 336 errarunt
355 294 511 336 librarii
551 291 722 348 κούριος
760 294 992 336 scribentes
1034 304 1110 345 pro
1139 290 1339 347 κούριμος
1373 307 1409 336 v.
1448 294 1614 337 Jacobs.

138 361 189 402 ud
217 361 338 402 Anth.
371 373 409 413 p.
440 361 533 403 297.
565 373 642 403 nec
672 362 911 413 suspicione
943 364 1055 401 earet
1085 359 1283 412 καίριμος,
1316 362 1394 402 etsi
1427 360 1612 402 subsidio

139 431 204 468 est
241 422 456 479 ἀκαίριμος
494 433 533 469 et
572 429 652 469 hoc
690 428 812 479 longe
853 427 1062 479 posterius
1102 421 1356 479 εὐκαίριμος,
1416 427 1451 468 si
1489 426 1613 468 modo

138 493 241 534 haec
271 494 464 544 syntheta
494 499 600 548 sunt,
630 505 713 534 non
734 493 1031 545 parasyntheta
1050 495 1092 531 ut
1119 489 1352 545 ἀνόστιμος,
1384 503 1616 545 quanquam

137 559 178 600 id
225 571 389 611 quoque
432 560 673 612 ambiguum.
693 560 726 584 ¹⁵
790 558 934 599 Adhuc
978 568 1110 610 pauca
1158 558 1388 610 adJicienda
1432 563 1528 600 sunt
1567 558 1615 600 de

138 625 388 677 syllabarum
417 627 680 667 incrementis
710 631 748 667 et
788 625 1072 667 decrementis.
1143 625 1396 676 Sarpedonis
1436 625 1616 666 amasius

140 703 164 732 a
195 691 338 733 Selino
372 703 404 733 c.
434 692 498 733 XI.
528 693 757 745 Atymnus,
791 705 814 733 a
852 692 1001 733 Nonno
1033 692 1115 732 XII.
1147 691 1238 732 217.
1279 695 1318 732 et
1356 690 1616 743 Apollodoro

135 753 349 810 Ἀτύμνιος
377 763 562 811 vocatur,
592 758 714 810 idque
746 768 957 799 commune
983 757 1167 809 pluribus
1192 768 1366 809 nonien3
1392 752 1617 809 Ῥείθυμνα

141 825 228 866 sive
257 820 463 875 Ῥίθυμνα
502 823 644 864 eadem
668 820 888 877 Ῥιθυμνία
925 835 961 863 v.
991 824 1170 874 Interpp.
1211 822 1261 863 ad
1291 824 1386 875 Lyc.
1418 823 1481 865 76.
1512 834 1617 876 quae

141 892 411 944 perfrequens
450 890 492 929 in
530 890 764 931 nominibus
810 890 990 942 propriis
1030 889 1304 940 amplificatio.
1378 889 1502 931 Aliud
1540 901 1618 931 ex-

142 957 317 1009 emplum
356 955 524 1007 subjicit
560 955 648 995 EM.
691 955 782 1009 102,
820 955 885 996 42.
924 950 1007 994 ἀπὸ
1036 955 1112 995 τοῦ
1143 950 1294 1008 ἀνδρός
1323 952 1531 1009 ἄνὸρομος
1561 951 1617 1004 ὡς

138 1023 296 1075 Δίομος
324 1022 525 1075 κυρίωςῖῡ
555 1016 578 1061 ὅ
609 1017 744 1076 πατὴρ
767 1017 1018 1074 Ἡρακλέους
1046 1044 1102 1053 --
1130 1019 1383 1075 παράγωγον
1422 1018 1618 1076 κτητικὸν

138 1084 364 1142 ἀνδρόμεος
393 1083 449 1135 ὡς
477 1084 702 1140 κερτόμεος,
733 1099 808 1141 pro
840 1099 921 1140 quo
951 1098 1059 1129 nunc
1090 1088 1241 1140 ubique
1269 1085 1481 1141 κερτόμιος
1511 1089 1619 1141 legi-

137 1167 228 1198 mus
258 1160 303 1196 ut
331 1151 540 1208 νηδύμιος.

230 1321 288 1365 15)
325 1321 378 1356 De
402 1321 457 1356 liis
487 1321 636 1365 aliisque
660 1319 828 1364 synthetis
854 1322 888 1355 et
905 1319 1158 1364 parasynthetis
1178 1320 1248 1354 dixi
1270 1322 1304 1355 in
1322 1321 1444 1355 Parall.
1463 1321 1539 1357 249.
1563 1331 1615 1365 sq.

141 1379 199 1413 ubi
226 1377 416 1421 ἑύόλκιμος
441 1380 475 1412 et
500 1375 755 1421 ψυχογόιίμος
780 1376 859 1410 addi
879 1378 1049 1419 poteram.

230 1433 287 1477 16)
318 1434 382 1467 Pro
416 1432 484 1466 hoc
515 1433 643 1467 rectius
679 1434 713 1466 in
747 1432 858 1476 Epim.
886 1430 997 1465 Graiu.
1025 1431 1050 1465 Ι.
1077 1431 1133 1467 83.
1160 1429 1177 1464 ὁ
1205 1430 1316 1475 ἥρως,
1351 1436 1546 1476 quanquam
1580 1431 1616 1465 id

140 1499 279 1534 quoque
306 1498 349 1523 ex
374 1488 607 1533 dittogruphia
628 1487 645 1523 ὁ
673 1487 855 1533 ἐρώμενος
878 1490 994 1522 natum
1018 1486 1174 1530 videtur,
1212 1487 1304 1523 unde
1338 1487 1498 1522 librarius
1530 1487 1574 1522 ad
1597 1485 1615 1520 ὅ

135 1544 252 1590 πατήρ
276 1544 459 1582 aberravit.
