1699 3021
304 168 371 208 DE
404 167 526 209 MUT.
558 166 767 208 TERMIN.
798 166 996 207 CAUSIS.
1045 167 1170 209 C.111.
1210 174 1248 217 §.
1269 169 1306 212 8.
1492 169 1543 212 81

44 274 272 330 wordiam,
310 277 367 317 ita
397 277 597 318 formandi
625 276 828 317 sermonis
859 275 938 315 duo
969 281 1065 316 sunt
1096 277 1303 317 contraria
1333 278 1545 333 principia,

69 343 272 394 Analogia
295 345 334 383 et
354 343 591 394 Anomalia3
622 352 789 394 quarum
807 340 876 380 illa
896 341 1044 381 similia
1069 342 1255 383 similiter
1274 342 1398 396 fingit,
1429 344 1543 398 haec,

68 419 121 449 ne
141 408 276 448 omnia
295 407 438 448 eodem
459 409 618 449 tramite
639 407 868 458 decurrant,
898 417 1129 448 sermonem
1152 408 1363 460 multiplici
1383 410 1543 450 ratione

69 474 201 514 variat
242 478 281 513 et.
322 474 493 515 colorat.
558 474 643 514 Hae
674 477 807 512 autem
846 482 929 511 non
970 474 1091 513 statis
1128 473 1286 513 vicibus
1318 478 1360 513 ut
1390 484 1472 514 nox
1503 479 1542 515 et

70 538 157 580 dies
188 538 266 579 sibi
295 539 467 578 invicem
499 538 723 579 succedunt
753 537 826 578 sed
857 538 985 578 altera
1017 538 1186 578 alteram
1216 550 1342 591 saepe
1372 550 1540 581 numero

67 604 274 656 intercipit
311 604 472 656 vimque
511 615 624 644 suam
667 605 707 644 in
746 603 938 644 ditionem
979 604 1217 644 transmittit
1253 604 1438 646 alienam.
1498 606 1542 646 In

68 669 342 711 declinatione
373 671 479 710 sicut
507 669 587 710 dixi
617 670 802 722 parilitas
831 669 1080 722 dominatur,
1109 670 1151 709 in
1179 668 1432 710 derivatione
1463 671 1541 710 im-

68 736 278 789 parilitas,
319 735 393 777 sed
432 741 471 776 et
506 735 576 775 illa
612 746 696 775 non
726 746 820 775 raro
853 734 987 775 officio
1019 739 1157 775 cessat
1195 739 1235 775 et
1265 734 1540 777 derivatorum

67 811 164 852 pars
194 800 302 841 haud
332 801 478 852 exigua
507 811 741 841 communes
774 802 958 854 sequitur
986 800 1163 854 regulas,
1194 801 1366 841 maxime
1395 805 1541 852 patro-

65 867 239 918 nymica,
269 867 503 918 periectica‚
531 866 827 919 amplificativa‚
859 866 1106 906 deminutiva
1137 877 1185 906 ac
1208 866 1405 906 nonnulla
1432 878 1541 919 quo-

66 941 146 983 que
185 941 325 971 eorum
363 942 467 982 quae
504 932 669 983 proprie
702 943 927 982 paronyma
957 931 1167 983 dicuntur,
1212 932 1349 983 utique
1382 932 1538 973 minore

65 1007 185 1048 quam
214 995 283 1035 illa
313 996 548 1035 constantia
578 996 651 1036 scd
682 997 737 1036 ita
767 1001 899 1037 tamen
930 1002 971 1037 ut
1001 998 1181 1049 speciem
1211 997 1411 1049 quandam
1436 1009 1538 1050 pro-

65 1061 268 1114 portionis
306 1061 550 1112 relinquant.
620 1059 753 1109 Quare
793 1062 895 1102 haec
937 1064 1056 1104 etiam
1095 1059 1199 1103 κατὰ
1237 1062 1456 1115 συζυγίαν,
1495 1068 1539 1104 ut

64 1131 227 1168 veteres
255 1126 532 1180 instituerunt,
563 1127 730 1167 tractari
762 1133 950 1179 possunt.

104 2773 247 2807 Lubet-k.
271 2776 448 2816 Patholng.
1223 2772 1248 2813 6
