1731 3021
141 160 233 204 1166
621 158 1066 203 DISSERTATIO
1106 158 1154 203 X.

146 269 241 312 265.
277 269 319 311 Τ.
349 269 395 312 II.
427 280 450 311 a
479 270 638 322 κῶλον,
668 274 712 311 ιιι
742 272 877 323 ajunt,
907 266 1075 317 Κωλιάς
1103 268 1426 322 promontorium
1455 270 1625 313 Atticae.

147 336 364 388 Adjectiva
390 336 468 377 hac
495 336 562 377 via
591 347 782 377 crescere
810 347 894 376 non
925 340 1112 388 constat3
1138 346 1232 375 nam
1260 332 1456 389 ἐρυθριάς
1484 337 1526 376 in
1552 336 1626 378 Ga-

148 403 227 444 len.
258 401 307 443 dc
339 401 483 443 Gener.
512 402 541 443 Ι.
573 401 636 455 19,
655 401 746 443 545.
779 402 822 442 Τ.
854 401 937 442 XII.
968 412 1094 454 prave
1124 401 1322 453 scriptum
1352 406 1415 443 est
1444 413 1519 454 pro
1549 399 1629 454 ἐρε-

147 466 282 522 wig,
320 479 397 508 nec
428 468 517 510 sine
544 468 644 508 vitio
677 468 884 508 Theocriti
914 478 1061 509 versus
1091 466 1245 507 XXVII.
1276 466 1340 508 72.
1363 464 1544 520 Ἄρτεμι,
1573 462 1628 520 μὴ

147 532 315 588 νεμέσα,
358 530 409 587 σὴ
447 530 612 586 ἐρημιὰς
649 529 785 574 οὐκέτι
824 530 966 587 πιστή,
1008 533 1077 574 ubi
1106 529 1289 585 ἐρωμένη
1317 534 1527 585 corrigunt
1555 532 1629 575 sed

150 600 426 656 quaerendum
471 600 631 640 videtur
668 611 818 640 nomen
860 600 1071 652 proprium
1101 595 1296 651 Ἐρωτιάς
1342 600 1408 640 vel
1444 596 1630 653 Ἀρητιάς

149 670 216 711 vel
257 669 293 710 si
330 666 426 720 quid
462 666 634 707 similius
674 666 845 717 reperiri
884 669 1036 717 potest.
1105 662 1360 719 Διχομηνιάς
1398 666 1558 715 (omiss.
1589 665 1630 705 in

151 736 240 788 Th.)
271 733 431 775 Maxim.
463 744 500 772 v.
535 732 625 773 452.
657 743 681 772 a
710 728 920 784 διχόμηνις
949 732 1086 783 potius
1118 744 1236 784 quam
1267 744 1291 772 a
1321 728 1551 784 διχόμηνος,
1583 742 1630 771 ac

148 801 426 853 Nympharum
461 798 626 838 nomina
659 794 930 850 Ἐφυδριάδες
968 801 1005 837 et
1042 794 1336 849 Μεθυδριάδες
1372 797 1551 848 pendent
1580 807 1630 837 ex

151 866 327 919 simplici
348 860 575 916 ‘deia'decgg
603 864 725 904 sicuti
756 862 923 904 eaedem
953 862 1055 904 deae
1075 860 1288 916 Μηλιάδες
1311 866 1512 903 vocantur
1532 862 1627 903 Hes.

151 938 191 975 et
215 926 516 984 Ἐπιμηλιάδες,
546 929 794 981 breviusque
824 928 1009 981 Μηλίδες
1041 933 1080 970 et
1105 925 1359 981 Ἐπιμηλίδες
1383 940 1420 970 v.
1450 927 1630 979 Bergler.

152 998 203 1040 ad
232 997 413 1048 Alciphr.
442 996 507 1036 III.
535 995 609 1047 Ep.
633 994 696 1036 11.
728 1001 769 1036 ut
788 995 883 1036 illae
897 993 1149 1049 Ἐφυδρίδες.
1164 995 1201 1021 53
1234 994 1350 1035 Haud
1372 994 1489 1035 aliter
1511 1004 1631 1046 quam

155 1059 421 1116 Παρνησσιάς
449 1061 683 1113 Stephanus
714 1062 910 1102 tritoclita
929 1063 1219 1114 interpretatur
1244 1057 1290 1101 τὸ
1315 1056 1529 1112 Ἄβαντιάς
1556 1059 1632 1099 δο-

151 1133 213 1171 κεῖ
239 1125 321 1170 ἀπὸ
347 1128 423 1168 τοῦ
449 1123 660 1180 Ἀβάντιος
684 1123 740 1174 ὥς
763 1124 844 1168 ἀπὸ
866 1129 942 1169 τοῦ
957 1123 1460 1176 ἙλικώνιοςἙλικωνιάς,
1477 1121 1633 1178 Ὀλύμ-

152 1211 245 1244 πιος
270 1190 515 1247 Ὀλυμπιάς,
556 1192 629 1234 sed
660 1193 768 1234 addit
796 1194 895 1242 ἴσως
933 1191 976 1234 δὲ
1005 1192 1074 1235 καὶ
1103 1189 1186 1234 ἀπὸ
1224 1195 1300 1234 τοῦ
1331 1188 1514 1246 Ἀβαντίς
1549 1204 1634 1232 πα-

151 1260 289 1316 ρήχθη
319 1257 375 1308 ὡς
404 1260 550 1312 Λεσβίς
584 1256 780 1313 Αεσβιάς,
815 1255 964 1312 Ἀχαιίς
987 1255 1229 1313 Ἀχαιιάς,54
1268 1259 1378 1312 quod
1411 1259 1634 1300 assentitur

154 1329 292 1371 Schol.
322 1326 458 1379 Apoll.
493 1326 520 1366 I.
551 1325 644 1366 [337.
687 1323 889 1372 Θοαντιάς
923 1323 1133 1374 ἐπένθεσίς
1169 1325 1252 1367 ἐστι
1279 1327 1357 1366 τοῦ
1386 1326 1434 1365 οἷ·
1478 1320 1525 1364 τὸ
1554 1318 1632 1376 γὰρ

152 1391 301 1447 κύριον
335 1391 522 1441 Θοαντίς,
555 1395 594 1431 ei
627 1391 763 1432 Schol.
795 1391 844 1431 ad
875 1392 993 1432 Dion.
1017 1391 1189 1432 Gramm.
1222 1404 1259 1444 p.
1279 1391 1371 1433 850.
1395 1384 1634 1435 Ἑλικωνιάς

152 1455 411 1510 πλεονασμὸν
449 1455 526 1510 ἔχει
563 1458 639 1497 τοῦ
669 1462 709 1506 ἇ,
749 1457 936 1509 idemque
968 1457 1045 1498 dici
1075 1461 1213 1509 potest
1243 1456 1292 1497 dc
1324 1456 1496 1497 caeteris
1518 1452 1632 1494 Ἐλε-

153 1526 299 1581 φαντίς
323 1520 590 1576 Ἐλεφαντιάς
618 1524 777 1574 (omiss.
807 1523 849 1562 in
880 1523 971 1575 Th.)
1002 1523 1158 1563 Philod.
1182 1522 1319 1573 Epigr.
1338 1521 1402 1563 IX.
1430 1521 1563 1562 Anall.
1585 1520 1631 1561 II.

152 1592 216 1634 85.
247 1588 387 1643 ἐρωτίς
416 1587 603 1642 ἐρωτίας,
629 1584 759 1634 Ἰωνίς
783 1583 962 1636 Ἰωνιάς,
999 1587 1162 1635 Τιτανὶς
1189 1585 1401 1636 Τιτανιοές,
1435 1589 1633 1626 Φαεθον-

152 1658 211 1706 τίς
245 1652 506 1702 Φαεθοντιωῖς
534 1667 570 1695 v.
594 1653 799 1694 Wernick.
833 1653 883 1694 ad
915 1654 1062 1707 Tryph.
1094 1665 1132 1705 p.
1154 1652 1218 1693 73.
1251 1653 1447 1705 Κρεοντίς
1473 1653 1634 1694 Creon-

154 1724 206 1764 tis
245 1723 346 1775 filia,
376 1721 489 1762 Pind.
523 1720 746 1771 eademque
784 1717 1011 1773 Κρεοντιάς
1039 1718 1149 1760 Paul.
1182 1718 1252 1759 Sil.
1283 1718 1489 1766 Μεδοντίς
1517 1718 1634 1759 Alci-

151 1788 284 1830 biadis
316 1787 546 1828 concubina
576 1790 616 1826 et
632 1782 869 1833 Μεδοντιάς
890 1798 925 1827 v.
944 1786 1113 1838 Interpr.
1139 1784 1188 1825 ad
1204 1785 1351 1826 Athen.
1374 1784 1457 1826 XII.
1477 1784 1569 1826 534.
1589 1784 1630 1824 F.

142 1844 324 1906 'Lycoris
353 1853 531 1894 Cornelii
562 1851 664 1893 Galli
694 1853 823 1893 amica
854 1856 893 1893 et
921 1852 1119 1904 Lycorias
1148 1851 1326 1903 nympha
1350 1851 1458 1903 Virg.
1484 1850 1630 1902 Georg.

152 1921 215 1962 IV.
246 1919 338 1962 339.
378 1920 420 1960 si
451 1923 587 1959 tamen
617 1929 755 1970 parem
797 1919 882 1959 fere
917 1918 1195 1970 exemplorum
1226 1918 1439 1969 utriusque
1468 1917 1633 1969 generis

152 1996 362 2027 numerum
402 1988 441 2025 et
473 1984 684 2036 aequalem
714 1984 755 2023 in
788 1985 974 2025 oratione
1007 1996 1134 2036 prosa
1174 1995 1292 2024 usum
1330 1983 1632 2035 perpendimus,

153 2051 388 2092 credibilius
423 2050 583 2091 videtur
622 2050 743 2102 alpha
777 2050 875 2090 illud
913 2061 1046 2102 neque
1085 2050 1233 2090 deesse
1263 2060 1395 2100 neque
1424 2048 1633 2090 abundare

153 2116 227 2157 sed
256 2117 392 2168 potius
423 2116 465 2156 in
493 2127 661 2156 numero
692 2116 900 2156 literarum
921 2116 1128 2156 mobilium
1159 2114 1406 2156 censendum
1437 2126 1533 2155 esse
1555 2126 1632 2155 ex·-

153 2183 284 2233 ceptis
325 2181 568 2233 quibusdum
607 2182 1007 2233 paraschematistis,
1049 2193 1220 2233 quorum
1264 2180 1535 2221 certissimum
1567 2185 1631 2221 cst

153 2244 302 2300 Νηιάς,
334 2258 417 2287 non
447 2247 546 2288 illud
576 2247 686 2300 quod
718 2247 768 2288 ad
792 2244 930 2300 Νήιον
959 2248 1102 2288 referri
1131 2246 1438 2298 potestSchol.
1469 2246 1541 2288 Od.
1566 2247 1630 2288 IX.

151 2313 216 2355 22.
255 2313 326 2355 sed
359 2313 469 2365 quod
499 2325 573 2365 pro
606 2313 714 2366 Νηίς
745 2310 884 2360 Ναϊάς
912 2312 1040 2366 valet,
1080 2317 1119 2353 et
1146 2308 1291 2365 μηλιάς
1319 2312 1360 2351 in
1388 2312 1458 2353 illa
1486 2311 1630 2354 ludicri

151 2379 347 2432 puellaris
378 2379 673 2420 acclamatione
703 2379 824 2431 φίττα
854 2376 1064 2431 μαλιάδες,
1095 2379 1217 2431 φίττα
1246 2376 1376 2429 ῥοίαι,
1408 2378 1530 2431 φίττα
1557 2392 1631 2430 με-

150 2446 232 2485 λίαι
260 2445 360 2486 Poll.
391 2445 455 2486 IX.
486 2445 576 2486 127.
618 2445 685 2486 ubi
722 2444 908 2496 Dryades
950 2445 1043 2497 ipso
1074 2443 1289 2497 arborum,
1327 2443 1474 2495 quibus
1505 2454 1631 2496 prae-

241 2593 301 2637 53)
326 2593 522 2637 Hesychius
548 2592 684 2630 Nauis.-
707 2592 826 2634 νηίδες
849 2590 1039 2636 ζεφυρίδες
1062 2589 1208 2636 νύμφαι
1235 2599 1302 2625 scr.
1332 2589 1538 2635 ἕφυδρίδες.

240 2664 300 2706 54)
326 2664 424 2700 Idem
449 2667 559 2710 Τροία
585 2684 626 2689 -
652 2664 690 2698 τὸ
715 2662 865 2698 ἐθνικὸν
888 2662 998 2707 Τρώς,
1024 2661 1063 2697 τὸ
1084 2661 1244 2704 θηλυκόν
1260 2665 1373 2708 Τρωίς
1390 2664 1451 2697 καὶ
1475 2661 1625 2708 Τρωιτὶς·

154 2716 172 2758 ἢ
196 2718 294 2762 παρὰ
320 2719 358 2751 τὸ
388 2720 522 2765 Τρώιος
546 2720 696 2765 Toum&-
