1699 3021
253 159 320 200 DE
351 157 640 202 NOMINIBUS
671 157 725 199 IN
753 160 778 198 ῦ
804 155 1136 199 EXEUNTIBUS
1166 157 1207 200 C.
1230 158 1292 200 Vl.
1316 161 1354 207 ὃ.
1372 157 1410 200 2.
1471 157 1561 200 239

87 270 121 311 si
154 269 256 310 hacc
285 269 423 310 brevis
453 274 529 323 est,
570 267 798 320 producant
829 267 988 308 tertiam
1020 267 1269 319 Theognost.
1299 267 1345 309 II.
1377 268 1467 321 115,
1500 268 1561 309 17.

88 340 130 375 ut
161 338 337 387 quatuor
373 335 443 375 illa
481 346 585 387 quae
626 334 884 375 Grammatici
922 333 1159 373 nominatim
1199 333 1406 385 excipiunt
1444 329 1562 386 ἁγιω-

87 397 207 453 σύνη,
238 395 538 453 ἀγαθωσύνη,”
568 396 794 453 ἵερωσύνη,
824 395 1091 451 μεγαλωσύνη
1121 399 1206 440 EM.
1238 399 1331 452 275,
1361 399 1426 441 42.
1466 400 1561 440 Mo-

86 466 228 518 schop.
262 466 406 507 Sched.
439 478 475 518 p.
510 466 572 507 74.
605 466 671 517 qui
703 476 824 516 quum
852 464 962 505 addit
990 462 1059 505 καὶ
1091 462 1216 516 ἕτερα,
1249 465 1449 515 significat
1479 479 1561 517 μα-

84 529 335 584 καριωσύυη,
365 531 474 583 quod
496 531 754 571 Herodianus
779 530 945 581 Epimm.
976 542 1014 582 p.
1040 531 1131 571 232.
1156 530 1338 583 apponit,
1368 531 1433 571 vel
1459 533 1560 571 θεο-

84 594 322 651 χολωσύνη,
363 596 471 649 quod
504 596 776 637 Schneidcrus
817 606 867 635 ex
908 596 1045 637 Schol.
1082 597 1250 636 Luci-ani
1280 597 1456 649 profert,
1495 598 1557 637 rel

87 661 284 717 ι’ὄιωσύνη
304 666 487 715 ignotum
508 663 685 713 antiquis
712 666 753 701 ut
774 666 911 701 cetera
932 665 1095 713 praeter
1118 657 1330 714 ἱερωσύνη.
1370 662 1560 704 Reiskius

85 735 220 771 autem
250 741 371 781 quum
403 728 452 769 ad
480 728 619 768 Liban.
650 727 838 767 Antioch.
870 738 907 778 p.
930 726 1022 768 356.
1053 727 1196 767 scribit
1225 727 1336 768 solet
1356 727 1561 769 Liburnus

85 797 359 837 substantiva
398 796 439 834 in
477 804 606 848 οσυυη
646 794 847 834 eremana
884 791 938 832 ab
971 792 1192 841 mljeclt'ce's
1221 794 1266 833 in
1294 784 1341 840 ο-(ς
1367 794 1560 845 soranam

86 865 134 902 ut
171 863 208 902 Ιι.
242 863 266 902 l.
306 857 576 913 ειῗνθυμοσύνη
609 862 650 901 et
678 870 824 910 supra,
865 860 908 898 ni
936 858 1079 910 fallor,
1112 859 1156 899 in
1193 857 1281 899 Vita
1311 854 1557 914 ἀλογοσύνη,

85 927 134 968 do
164 932 338 978 utroque
370 932 500 977 errat,
542 937 633 966 nam
664 936 741 965 nec
770 925 850 965 hoc
880 923 1038 964 aliudve
1078 924 1208 964 simile
1243 924 1390 976 legitur
1427 937 1560 978 neque

84 992 152 1032 ille
190 990 460 1044 εὐθυμοσύνη
500 992 688 1043 scripsit,
735 1002 814 1042 quo
854 990 1083 1041 Hesychius
1114 990 1239 1030 utitur
1278 1002 1310 1031 s.
1345 986 1558 1044 Εὐθυμία,

85 1056 159 1098 sed
188 1052 214 1110 ἡ
242 1058 315 1109 τῆς
344 1054 440 1110 ὅλης
471 1057 622 1108 (urbis)
654 1051 924 1108 εὐθημοσύυη
954 1057 1064 1095 sifus
1096 1066 1314 1096 amoenus.
1354 1057 1434 1097 Sed
1454 1068 1560 1098 neu-

86 1127 190 1163 trum
230 1122 386 1174 plurale
422 1119 472 1162 τὰ
501 1119 734 1175 ἡγεμόσυνα
762 1122 909 1174 legitur
945 1119 1052 1171 apud
1080 1119 1416 1175 Xenophontem,
1451 1123 1560 1175 quod

86 1192 150 1229 cst
180 1188 422 1229 solemnium
452 1200 601 1229 nomen
639 1192 681 1228 ut
718 1183 769 1228 τὰ
796 1183 1036 1239 χαρμόσυνα
1063 1185 1213 1226 Herod.
1242 1182 1294 1226 τὰ
1321 1185 1562 1240 κουρόσυνα

85 1253 172 1294 ΕΜ.
204 1253 390 1305 idemque
420 1254 620 1305 Xenopho
654 1254 696 1292 in
727 1252 880 1294 Oecon.
911 1252 975 1292 his
1000 1247 1165 1292 dixitv&
1185 1249 1419 1293 δεσπόσυνα
1440 1251 1561 1308 (χρή-

83 1319 207 1371 ματα)
241 1319 496 1370 Thucydides
513 1320 556 1360 V.
578 1318 638 1360 11.
657 1314 703 1358 τὸ
721 1314 992 1371 μνημόσυνον
1011 1317 1061 1357 ab
1085 1318 1328 1359 Antiattista
1359 1320 1562 1361 Observa-

87 1388 181 1425 tum.
238 1383 352 1425 Unde
382 1395 466 1425 non
499 1385 684 1436 sequitur
712 1385 876 1425 Atticos
907 1383 1120 1436 adjectivis
1152 1379 1404 1436 ἡγεμόσυνος
1434 1390 1473 1427 ct
1503 1386 1562 1426 ὁέ-

86 1447 292 1498 σπόσυνος
320 1462 420 1491 usos
451 1451 600 1501 fuisse,
632 1461 712 1502 quo
744 1461 894 1501 genere
924 1450 982 1490 illi
1013 1450 1177 1490 omnino
1209 1451 1438 1503 abstinent3
1468 1463 1561 1493 nam

85 1516 277 1570 πίσυνος,
320 1515 429 1568 quod
465 1516 571 1556 inter
595 1515 841 1567 Thucydidis
871 1516 1038 1567 glossas
1068 1516 1243 1557 refertur
1271 1517 1387 1559 Phot.
1418 1529 1450 1559 s.
1485 1520 1562 1558 Πε-

85 1579 233 1635 ριωπή,
264 1583 362 1622 nulli
390 1583 550 1622 illorum
581 1582 857 1634 comparabile
888 1585 952 1621 est
981 1592 1113 1632 neque
1146 1583 1309 1623 omnino
1341 1584 1404 1624 sui
1431 1585 1561 1625 simile

87 1646 231 1698 habet,
280 1659 398 1699 quam
440 1648 492 1687 ob
539 1658 707 1687 causam
742 1658 825 1687 vox
861 1647 992 1687 sicula
1028 1646 1094 1686 vel
1131 1647 1352 1690 siciliensis
1389 1650 1563 1690 habetur

91 1712 228 1753 Schol.
259 1713 301 1752 Il.
333 1713 377 1752 V.
409 1712 500 1753 205.
530 1712 644 1752 Eust.
667 1711 760 1764 539,
777 1712 841 1752 34.
881 1723 931 1751 ex
959 1709 1216 1763 πιστόσυυος,
1248 1717 1292 1754 ut
1321 1719 1442 1755 antea
1468 1715 1562 1769 dixi,

89 1782 314 1831 contracta,
358 1777 579 1829 perspicuo
610 1777 796 1818 insuetae
828 1777 1085 1817 formationis
1114 1778 1277 1821 indicio.
1335 1780 1423 1822 Jam
1452 1782 1562 1834 quod

90 1842 140 1883 ad
170 1843 507 1894 significationem
536 1842 680 1883 horum
710 1842 1005 1883 vocabulorum
1035 1843 1192 1897 attinet,
1223 1855 1274 1885 ex
1300 1845 1426 1899 ipsis,
1456 1859 1562 1900 quae

90 1908 306 1960 proposita
343 1913 459 1961 sunt,
498 1908 695 1960 exemplis
733 1919 808 1960 pro
850 1919 896 1949 se
933 1909 1106 1960 quisque
1144 1910 1244 1952 fines
1283 1912 1562 1965 terminosque

89 1974 182 2013 huic
210 1974 415 2014 nominum
452 1975 593 2026 generi
624 1974 959 2026 circumscriptos
991 1980 1225 2030 pernoscet,
1265 1978 1423 2030 opinor.
1479 1978 1561 2020 Sed

88 2039 183 2091 quia
210 2039 406 2080 Matthiae
435 2040 484 2080 ad
514 2040 607 2081 Eur.
640 2039 706 2081 Or.
739 2040 855 2082 1377.
886 2037 1093 2094 ἱπποσύνῃ
1121 2047 1243 2094 negat
1271 2055 1346 2095 pro
1367 2043 1516 2084 ἱπποστ
1547 2069 1563 2075 -

87 2113 190 2152 σιον,
222 2109 266 2144 ut
296 2106 552 2146 Scholiastes
584 2106 652 2158 ait,
683 2105 814 2157 accipi
843 2117 984 2160 posse,
1015 2109 1109 2159 quia
1138 2109 1290 2150 nullum
1316 2110 1560 2151 vocabulum

88 2170 129 2210 in
157 2161 262 2222 συ-νῆ
290 2171 431 2212 exiens
460 2171 593 2211 locum
619 2171 817 2224 designet,
846 2171 887 2212 id
915 2183 996 2213 uno
1027 2173 1210 2214 refellam
1238 2175 1424 2227 exemplo
1455 2177 1562 2227 Aga-

89 2235 197 2276 thiae
225 2233 464 2289 θηροβότου
491 2234 673 2290 πρέμνον
699 2234 955 2291 ἐρημοσύνης
982 2239 1103 2280 Anth.
1128 2239 1191 2280 IX.
1215 2239 1252 2280 4.
1268 2239 1303 2265 ¹⁰
1331 2240 1371 2281 id
1402 2245 1465 2282 est
1489 2242 1563 2295 τῆς

86 2299 252 2354 ἐρήμου.
311 2302 362 2343 Et
393 2303 484 2354 quis
517 2303 672 2344 dubitet
703 2305 799 2356 quin
825 2303 1039 2358 γειτοσύνη
1070 2305 1119 2346 de
1146 2305 1239 2345 loco
1273 2305 1351 2346 dici
1379 2308 1561 2358 potuerit

89 2369 148 2408 sic
182 2373 222 2408 ut
262 2368 428 2409 latinum
470 2370 689 2411 vicinitas?
745 2369 888 2421 Neque
928 2371 1045 2411 aliter
1084 2371 1364 2424 accipiendum
1403 2372 1562 2414 videtur

88 2433 264 2484 Hesych.
306 2433 386 2474 Mil.
423 2434 471 2475 de
503 2435 611 2488 Orig.
649 2436 789 2478 Const.
829 2440 868 2484 ὃ.
898 2433 962 2478 27.
993 2448 1031 2488 p.
1055 2436 1119 2478 68.
1153 2436 1214 2478 cd.
1255 2436 1376 2479 Orell.
1413 2433 1560 2479 ἀναλα-

178 2600 215 2643 9)
242 2600 390 2644 Saepius
419 2601 580 2636 scribitur
607 2601 821 2646 (Ξγιιθοσύνη
847 2602 910 2637 sed
936 2602 1102 2637 mendose
1131 2606 1166 2636 ut
1191 2603 1385 2645 κακοσύνη.

163 2657 238 2700 ,10)
274 2656 343 2697 Τῆς
368 2655 581 2700 θηροκόμου
608 2678 646 2683 -
680 2656 816 2701 ἐρήμου
851 2658 1040 2701 Apollinar.
1079 2658 1191 2694 LXIV.
1226 2660 1282 2696 28.
1318 2661 1375 2695 vix
1411 2660 1560 2696 discerni

88 2716 203 2756 potest
232 2721 251 2746 a
280 2710 502 2754 θηρονόμου.
