1731 3021
121 159 210 205 130
596 156 1035 200 DISSERTATIO
1085 155 1132 198 ΙΙ.

125 275 166 312 et
195 270 403 323 gentilicia
425 265 620 321 Ἀργόλας
648 271 688 308 et
718 264 890 320 ἀργόλαι
919 263 1035 320 ὄφεις
1065 266 1115 306 ab
1145 265 1268 316 Argis
1296 264 1362 305 vel
1388 262 1439 304 ab
1469 257 1605 319 ἀργός,

120 332 284 386 Ὀζόλαι
313 337 364 378 ab
395 333 483 385 ὄζαι
509 331 688 387 δέρματα
715 334 801 373 τῶν
839 328 1029 385 ὀνάγρων
1060 331 1169 372 Suid.
1198 331 1263 371 vel
1293 330 1343 370 ab
1375 326 1464 378 ὄζω.
1525 326 1607 369 Sed

124 397 299 456 ἠπιόλης
326 402 501 442 incubus
539 399 645 440 unde
686 399 819 439 dictus
860 399 914 439 sit
952 408 1072 437 nemo
1114 396 1328 448 patefecit,
1368 405 1446 436 nec
1486 393 1608 444 adju-

125 472 304 509 mentum
325 467 524 521 praebent
545 466 683 505 variae
700 464 876 505 nominis
902 464 1056 503 formae
1074 457 1258 514 ήπιάλης,
1291 457 1469 513 ἰφιόελης,
1499 457 1608 511 ἰφία-

125 536 209 585 λος,
239 530 451 587 ἐπωφέλης
478 544 515 572 v.
547 531 713 571 Jacobs.
747 529 798 570 ad
819 529 964 570 Achill.
988 539 1027 580 p.
1052 527 1146 569 822.
1182 527 1290 568 Gies.
1316 525 1365 566 de
1387 525 1479 566 dial.
1501 523 1607 565 aeol.

126 599 220 642 353.
250 600 425 641 Meinek.
457 599 562 639 Hist.
596 597 708 637 Com.
743 595 832 637 152.
866 606 969 646 quas
1004 605 1145 634 omnes
1185 605 1234 634 ex
1273 588 1464 645 ἐφιάλτης
1494 593 1609 631 ortas

129 677 224 707 esse
256 667 364 707 haud
394 667 556 718 promta
583 662 694 703 fides.
754 659 957 708 Αἰθιόλας
984 660 1165 700 Helenae
1196 659 1301 699 filius
1333 658 1427 698 Sch.
1468 657 1512 697 11.
1543 656 1609 697 111.

130 731 220 773 174.
253 732 368 772 Eust.
401 731 494 783 400,
524 729 588 770 32.
620 728 781 775 (omiss.
813 728 855 766 in
887 728 975 777 Th.)
1008 727 1189 765 sortasse
1221 725 1271 765 ab
1303 723 1414 763 αἴθω
1445 721 1611 762 deriva-

129 800 212 837 tum
241 801 304 837 est
334 801 377 836 ut
406 796 567 842 αἰθίοψ.
627 794 776 833 Verum
806 793 909 832 haec
949 790 1179 831 terminatio
1219 799 1347 842 saepe
1384 787 1611 828 dubitatio-

126 872 219 903 nem
250 862 366 901 ass'ert
396 866 529 901 utrum
555 860 696 899 nativa
726 858 852 898 sitan
877 858 1103 897 contracta.
1158 856 1317 896 Etenim
1347 854 1460 907 urbs,
1490 863 1611 905 quam

129 926 364 978 Stephanus
404 927 503 977 (nisi
533 929 731 966 accentus
763 923 883 975 fallit)
916 922 1096 975 appellat
1126 921 1340 973 pluraliter
1372 919 1544 971 Πρίολα,
1586 929 1611 959 a

127 991 334 1032 Nicandro
359 991 421 1032 Al.
444 992 506 1033 15.
523 994 696 1031 vocatur
717 988 834 1036 πόλις
856 985 1053 1039 Πριόλαο,
1089 987 1162 1028 sed
1188 985 1442 1027 conditorem
1472 983 1611 1025 Schol.

129 1057 181 1098 ad
218 1058 256 1098 h.
285 1057 309 1098 l.
347 1061 387 1098 et
418 1056 469 1097 ad
497 1057 646 1097 Aeseh.
676 1056 789 1096 PerS.
820 1054 912 1096 933.
956 1051 1168 1105 Πριόλαον
1206 1053 1355 1093 dicunt.
1413 1051 1613 1093 Macedo-

128 1134 221 1163 nem
259 1123 459 1174 quendam
498 1122 677 1163 nobilem
715 1120 958 1161 Plutarchus
993 1120 1109 1160 Alex.
1148 1130 1180 1159 c.
1212 1117 1278 1159 (59.
1309 1112 1463 1166 Ἰόλαν,
1501 1113 1612 1168 quod

127 1188 307 1231 Ebertus
337 1189 377 1228 in
409 1188 529 1229 Sicel.
560 1200 598 1240 p.
618 1187 682 1228 94.
714 1199 764 1228 ex
790 1183 948 1227 Ἰόλαον
968 1188 1223 1227 contractum
1250 1186 1378 1236 putat,
1409 1181 1613 1223 sedidem

128 1255 290 1300 Arrian.
317 1253 399 1294 VII.
430 1254 495 1307 27,
527 1254 563 1295 3.
601 1254 755 1293 Vitruv.
787 1252 887 1292 VIII.
918 1252 956 1304 3,
989 1251 1050 1292 10.
1088 1247 1240 1298 Ἰόλλας
1270 1249 1463 1291 scribitur
1494 1247 1613 1288 simi-

128 1320 223 1361 liter
252 1324 295 1360 ut
323 1320 524 1371 Bithynus
554 1320 620 1360 ille
653 1320 719 1371 qui
751 1317 800 1359 de
838 1318 1010 1358 materia
1042 1317 1200 1357 medica
1240 1316 1409 1366 scripsit
1447 1326 1483 1354 v.
1512 1312 1612 1353 Rei-

129 1397 218 1427 nes.
256 1386 350 1427 Var.
379 1386 509 1427 Lectt.
538 1386 584 1426 II.
617 1385 707 1426 162.
738 1389 777 1424 et
806 1384 952 1424 Pollux
981 1383 1044 1423 IV.
1077 1383 1142 1425 55.
1183 1380 1373 1434 Βώριμος
1401 1372 1456 1433 ἦν
1480 1374 1612 1419 Ἰόλλα

131 1447 326 1503 ἀδελφός,
359 1450 468 1502 quod
500 1462 574 1502 pro
607 1451 841 1501 composito
873 1450 1014 1489 haberi
1043 1450 1195 1501 nequit.
1252 1449 1339 1489 Nec
1369 1450 1504 1486 tamen
1533 1455 1612 1485 ne-

130 1518 310 1570 gaverim
340 1516 522 1557 Graecos
547 1515 747 1556 Interdum
772 1515 1003 1566 hujusmodi
1024 1515 1238 1555 vocabulis
1260 1513 1489 1554 reddidisse
1510 1523 1612 1564 spe-

132 1584 234 1624 ciem
266 1582 612 1634 compositorum,
643 1592 747 1633 quae
777 1583 817 1621 in
847 1572 921 1628 λοι-ς
949 1581 1193 1621 contrahere
1214 1583 1503 1621 consuessent.
1551 1578 1612 1618 De

131 1648 364 1689 nominibus
387 1646 548 1699 quidem
566 1646 826 1686 Doriensium
857 1647 967 1686 nulla
994 1648 1077 1687 sere
1096 1650 1159 1687 est
1177 1646 1391 1699 dubitatio,
1421 1649 1464 1685 111
1487 1645 1613 1683 Πλει-

133 1712 276 1760 στόλας
296 1714 525 1764 Spartanus
557 1712 679 1752 Thuc.
703 1712 744 1752 V.
773 1712 833 1752 19.
868 1710 1089 1764 Παυρόλας
1110 1712 1337 1752 Phalaridis
1366 1712 1470 1751 iilius
1501 1709 1612 1751 Suid.

136 1777 344 1826 Πειθόλας
376 1776 601 1818 Thessalus
634 1777 842 1818 Demosth.
867 1778 984 1831 1376,
1007 1778 1042 1819 5.
1086 1775 1303 1830 Πρατόλας
1330 1777 1456 1818 Inscr.
1477 1778 1613 1828 Spart.

133 1858 170 1888 11.
205 1845 320 1887 1240.
360 1855 434 1896 pro
475 1854 555 1895 quo
595 1844 762 1895 saepius
808 1841 1050 1895 Πρατόλαος
1086 1845 1310 1896 invenitur,
1356 1848 1400 1884 ut
1436 1839 1615 1895 Τιμόλας

132 1913 317 1954 Boeotus
350 1909 491 1960 Polyb.
525 1908 644 1949 XVII.
676 1909 739 1961 14,
768 1908 806 1950 4.
847 1921 870 1949 a
904 1910 1177 1951 Demosthene
1214 1906 1416 1962 Τιμόλαος
1454 1908 1614 1961 dicitur,

134 1979 231 2031 quin
270 1977 392 2017 etiam
429 1974 695 2015 Atheniensis
727 1978 791 2015 est
829 1973 1006 2027 Τιμόλας
1034 1978 1074 2017 111
1104 1977 1230 2016 Inscr.
1270 1976 1411 2016 Naval.
1441 1974 1489 2016 X.
1520 1974 1613 2015 385.

135 2048 175 2085 et
206 2038 424 2094 Μισγόλας
462 2051 536 2091 pro
569 2036 814 2091 Μισγόλαος
843 2054 878 2083 v.
909 2042 1080 2083 Meinek.
1111 2043 1212 2083 Hist.
1244 2042 1356 2083 Com.
1386 2040 1479 2082 387.
1533 2040 1616 2080 Ρ6-

134 2109 240 2160 lasgi
269 2118 418 2148 nomen
440 2101 635 2158 Ἀγρόλας
661 2106 781 2147 Paus.
812 2107 839 2147 I.
860 2108 923 2160 28,
948 2107 984 2149 3.
1024 2104 1221 2160 Σαμόλας
1248 2108 1401 2148 Achaei
1429 2105 1615 2158 Xenoph.

134 2170 328 2220 Λυκόλας
362 2172 500 2212 Aetoli
540 2172 686 2212 Athen.
716 2172 816 2214 XIII.
848 2173 938 2214 005.
968 2174 1011 2214 B.
1051 2175 1128 2214 utri
1167 2174 1307 2225 generi
1345 2170 1617 2213 adscrIbenda

135 2241 239 2293 sint,
278 2237 544 2291 injudicatum
585 2238 822 2290 relinquam.
891 2239 1043 2280 Eadem
1075 2246 1138 2281 est
1170 2241 1452 2281 femininorum
1483 2236 1616 2277 ambi-

134 2308 282 2359 guitas.
340 2301 503 2344 Κλεόλα
539 2303 699 2355 quidem
732 2304 869 2345 Schol.
902 2305 1035 2346 Orest.
1066 2319 1103 2346 v.
1135 2307 1172 2348 5.
1204 2318 1228 2347 a
1257 2302 1462 2355 Κλεόλας,
1506 2302 1617 2355 quod

137 2377 201 2413 est
230 2371 398 2412 Phliasii
426 2380 576 2409 nomen
605 2369 725 2410 Paus.
755 2369 800 2410 V.
831 2369 896 2423 22,
926 2372 958 2412 1.
991 2371 1236 2413 declinatum
1269 2372 1444 2423 dixeris,
1475 2371 1617 2422 Στρα-

135 2435 235 2479 τόλα
264 2438 379 2478 Deni.
410 2447 444 2477 c.
473 2435 619 2476 Neaer.
653 2435 771 2489 1351,
806 2436 867 2477 14.
903 2438 1049 2479 Athen.
1079 2439 1181 2480 XIII.
1212 2438 1304 2480 593.
1335 2438 1380 2479 E.
1421 2449 1444 2478 a
1474 2438 1616 2489 Στρα-

135 2501 258 2551 τόλας
296 2506 339 2543 111
377 2501 503 2542 Eleus
546 2500 707 2553 quidam
745 2506 919 2543 vocatur
948 2504 1133 2557 Xenoph.
1166 2506 1252 2545 sive
1281 2500 1545 2557 Στρατόλαος
1574 2504 1617 2542 ut

136 2568 401 2612 Atheniensis
443 2567 564 2619 Corp.
593 2567 719 2608 Inscr.
758 2578 795 2608 n.
826 2568 918 2611 274.
948 2570 985 2611 b.
1024 2572 1065 2610 in
1093 2570 1277 2612 Addend.
1314 2571 1356 2611 T.
1387 2570 1414 2610 I.
1455 2581 1492 2621 p.
1524 2567 1616 2609 910.

139 2640 179 2677 et
210 2634 394 2675 similiter
417 2628 630 2683 Ἀριστόλα
659 2643 696 2673 n.
729 2632 819 2675 155.
851 2640 891 2675 61
920 2637 1080 2688 Χαρίλα
1108 2638 1211 2678 Plut.
1245 2637 1413 2686 Quaest.
1445 2634 1510 2676 Gr.
1533 2633 1616 2674 XII.

139 2712 260 2755 quum
286 2700 527 2752 praesertim
551 2699 592 2740 in
615 2699 742 2740 Inscr.
763 2699 907 2742 Boeot.
939 2713 977 2744 n.
996 2703 1113 2745 1597.
1146 2704 1304 2756 legatur
1324 2702 1487 2756 plenum
1509 2700 1618 2752 Κρι-
