1747 3005
121 163 189 204 DE
219 162 344 204 NOM.
375 161 592 210 QUORUM
614 160 762 203 CHAR.
792 160 892 201 EST
916 158 1203 202 GUTTURAL.
1236 161 1277 202 C.
1297 162 1343 202 II.
1378 168 1415 211 §.
1436 165 1472 206 4.
1502 165 1584 208 321

116 273 225 312 ciunt
254 271 434 311 Philemo
466 271 558 312 207.
591 275 630 311 et
668 271 801 311 Draco
841 269 905 310 38.
941 265 1100 321 βοϊκός,
1144 267 1331 322 δαρικός,
1371 271 1587 324 κεραμικός

113 334 160 377 τὸ
191 340 209 376 E
237 333 409 388 μακρόν,
442 337 507 376 ubi
539 347 638 376 casu
670 335 1002 386 praetermissum
1033 333 1203 387 videtur,
1234 334 1342 386 quod
1374 342 1582 387 postremo

114 401 356 442 simillimum
388 406 472 452 est,
514 397 722 446 ὄεκελικός.
784 399 864 439 Sed
903 398 1175 439 Herodianum
1221 411 1243 439 a
1274 405 1389 451 patre
1421 401 1583 443 disces-

114 468 222 508 sisse
252 467 571 507 Choeroboscus
603 464 723 505 tradit
757 464 844 512 183,
876 464 938 504 31.
968 460 1089 516 βοϊκὰ
1130 461 1246 516 ζεύγη
1286 461 1309 517 ἡ
1348 464 1580 518 παράδοσις.

106 528 362 585 Ἡρωδιανὸς
391 528 433 570 δὲ
463 527 531 570 διὰ
560 527 803 582 ὁιφθόγγου.
855 525 905 568 Ὃ
934 527 976 569 ὸὲ
1005 527 1125 580 λόγος
1153 525 1205 569 οὐ
1241 534 1443 581 συγχωρεῖ
1477 533 1581 574 unde

113 601 226 649 patet
256 596 517 647 displicuisse
549 597 583 635 ei
615 597 733 635 istam
765 594 953 645 adjectivi
992 594 1126 634 ficticii
1164 592 1350 647 βοειακός
1388 597 1428 636 in
1467 597 1581 648 βοει-

115 658 188 708 κός
218 662 470 712 synaeresin.
531 661 672 711 Neque
702 660 822 699 nohis
855 659 1009 711 placet3
1041 659 1114 699 sed
1144 671 1342 712 quaenam
1372 662 1457 702 iota
1477 674 1581 714 pro-

115 726 286 767 ducendi
317 727 420 765 ratio
454 727 592 775 suerit,
631 725 755 764 nihilo
796 725 923 775 magis
968 724 1216 775 dispicimus.
1281 726 1463 767 Alterum
1504 727 1580 768 ad·-

109 793 243 843 jungit
273 791 418 831 Pollux
458 791 519 830 VI.
559 790 621 829 53.
656 785 777 839 κρέας
810 784 949 828 ὑεικὸν
986 784 1042 835 ὡς
1078 787 1260 841 βοεικόν,
1301 792 1369 832 ubi
1414 792 1579 834 codices

116 867 230 897 more
268 856 392 895 solito
432 856 517 895 iota
554 854 772 906 praebentg
821 858 859 893 et
896 854 1048 905 pariter
1084 854 1190 905 apud
1231 856 1422 898 Thomam
1468 855 1582 899 ὕειον

113 918 234 974 κρέας
261 916 316 972 μὴ
347 916 432 971 λέγε
462 914 545 958 ἀλλ’
577 915 652 966 ὑὸς
682 915 802 969 κρέας
830 916 898 958 καὶ
927 914 1068 958 ὑεικόν
1097 915 1151 966 ὡς
1187 918 1349 971 βοεικόν
1378 922 1469 962 libri
1502 923 1581 963 ali-

115 990 214 1038 quot
252 981 418 1038 βοϊκόν,
464 989 702 1024 constantes
741 985 779 1023 in
811 984 962 1035 altero,
1001 983 1074 1023 sed
1114 984 1192 1024 hoc
1230 997 1393 1037 quoque
1432 987 1582 1039 duplici

113 1051 233 1092 modo
277 1050 471 1100 scriptum
513 1053 575 1088 est
615 1048 721 1100 apud
759 1048 1093 1100 Xenophontem,
1143 1050 1209 1099 qui
1254 1046 1377 1090 ὑϊκὸν
1413 1050 1581 1104 πάσχειν

114 1116 226 1165 dixit,
257 1126 334 1154 nec
364 1118 538 1165 sequuta
569 1118 631 1153 est
661 1113 947 1165 reprehens-im
989 1112 1062 1152 sed
1101 1115 1344 1163 possessive
1385 1115 1463 1154 dici
1504 1128 1581 1157 ve-

114 1185 218 1220 tant:
249 1175 371 1219 ὑϊκὸν
394 1175 520 1230 ὸέρμα
542 1174 616 1229 οὐχ
636 1175 801 1230 εὕρηται
833 1177 866 1217 εἰ
894 1173 949 1229 μὴ
979 1172 1070 1229 παρ’
1100 1173 1307 1233 Ἀξιονίκῳ
1328 1179 1381 1227 (v.
1404 1180 1577 1222 Meinek.

114 1246 225 1286 Com.
260 1245 301 1285 T.
332 1245 395 1284 ΙΙΙ.
436 1244 546 1295 )36.)
586 1241 889 1301 ηιιάρτηταιῦ-
850 1239 912 1280 δὲ’
951 1237 1143 1281 οὐδέποτε
1181 1239 1260 1293 γὰρ
1295 1240 1396 1292 λέξις
1438 1246 1579 1297 σημαί-

111 1325 182 1350 vor
183 1320 243 1349 σα
217 1306 390 1383 -μέρος
420 1305 606 1360 σώματος
633 1305 708 1359 ἔχει
734 1306 789 1353 εἰς
816 1321 892 1346 κον
921 1321 1112 1358 κτητικον
1141 1303 1242 1347 ἀλλὰ
1281 1304 1348 1347 διὰ
1387 1312 1580 1363 καθαροῦ
1607 1304 1611 1310 ’

111 1376 185 1415 τοῦ
216 1369 356 1414 ον·οὐ
384 1369 462 1425 γὰρ
489 1370 655 1424 λέγομεν
683 1369 864 1424 χοιρικόν
893 1369 1013 1422 κρέας
1043 1368 1140 1412 οὐδὲ
1169 1370 1434 1425 ἀνθρωπικὰς
1461 1377 1578 1426 ποῦς,

112 1436 205 1481 οὐὸ’
239 1432 317 1479 οὖν
342 1434 463 1479 ὑικὸν
492 1435 618 1490 ὁέρμα
647 1433 747 1477 ἀλλὰ
778 1436 893 1477 ὕειον
922 1438 1007 1477 EM.
1041 1437 1132 1489 775,
1165 1437 1228 1478 30
1259 1437 1447 1490 idemque
1474 1441 1580 1481 inter

111 1501 279 1558 κτητικὸι
321 1502 384 1544 ἐπὶ
426 1503 509 1542 τῶν
550 1503 793 1555 σωματικῶν
832 1503 966 1554 μερῶν
1008 1500 1409 1554 παραλαμβανόμενα
1454 1506 1579 1545 refert

114 1573 233 1612 etiim
263 1567 393 1621 βόειος
423 1565 592 1620 κεφαλη.
650 1567 735 1608 Nec
773 1569 866 1608 mihi
906 1568 1153 1619 persuadere
1190 1579 1360 1619 possum
1392 1569 1581 1610 Choero-

113 1636 282 1676 boscum
314 1633 538 1672 affirmasse
570 1634 816 1672 contrarium
848 1633 1009 1685 Ῑ).183,
1046 1633 1105 1673 15
1135 1628 1294 1684 βοεικός
1331 1629 1398 1672 διὰ
1434 1635 1506 1686 τῆς
1534 1648 1579 1674 ει·

112 1701 260 1752 σηιιαίτ
263 1713 295 1738 ει
324 1712 401 1750 γαρ
419 1694 539 1749 μέρος
554 1694 750 1749 σώματος,
772 1697 843 1737 sed
867 1698 1004 1748 potius
1023 1694 1152 1748 βόειος
1172 1697 1312 1749 (ποῦς)
1336 1699 1579 1750 selipsisse;

112 1776 203 1804 nam
233 1760 390 1815 βοεικός
419 1773 502 1802 non
532 1763 662 1802 minus
693 1762 857 1813 regulae
889 1761 1130 1801 adversatur
1151 1774 1269 1813 quam
1285 1759 1435 1814 βοϊκός.
1467 1764 1579 1804 Ilaec

113 1835 245 1870 autem
276 1829 415 1878 regula
446 1839 527 1867 non
555 1827 784 1878 infringitur
815 1837 863 1866 eo
895 1826 1001 1877 quod
1032 1827 1246 1878 Euripides
1284 1824 1472 1878 μέτωπον
1510 1828 1580 1868 ἱπ-

111 1891 234 1934 πικόν
264 1893 361 1932 dixit
393 1897 431 1932 et
460 1890 570 1945 ὄμμα
607 1889 803 1943 πωλικόν,
840 1890 959 1941 idque
996 1890 1044 1931 de
1085 1892 1187 1931 vivis
1228 1898 1269 1931 ut
1309 1892 1580 1934 Callimachus

113 1960 196 1999 Cal.
226 1959 289 1999 (53.
323 1954 537 2010 ὸεσποτικὴ
566 1957 660 2008 χείρ,
703 1961 846 1996 contra
885 1966 1003 2006 quam
1040 1956 1278 1997 Ammonius
1320 1957 1444 1997 edixit
1482 1957 1580 2010 βοὸς

111 2021 218 2070 πούς
248 2020 312 2062 ἐπὶ
342 2023 501 2071 ζῶντος,
532 2019 664 2074 βόειος
692 2019 735 2061 ὁὲ
764 2018 827 2060 ἐπὶ
855 2021 1015 2071 νεκροῦ.
1055 2020 1115 2059 Ea
1145 2022 1294 2072 quippe
1325 2023 1485 2073 poetica
1516 2028 1579 2064 est

111 2091 337 2141 usurpatio.
407 2088 621 2138 Nunquam
662 2098 758 2126 vero
807 2087 846 2125 in
888 2085 1228 2136 vituperationem
1269 2086 1443 2127 adducta
1485 2092 1579 2128 sunt

112 2156 291 2207 epitheta
328 2157 623 2205 jumentorum,
664 2152 736 2192 sed
777 2151 914 2202 ζεῦγος
951 2146 1113 2202 βοεικόν
1148 2151 1449 2202 Aristophanes
1487 2154 1579 2204 ipse

114 2221 224 2273 dixit,
256 2221 393 2271 ζεῦγος
421 2214 584 2269 ὀρεικόν
615 2217 680 2257 vel
710 2213 864 2268 ὀρικόν,
898 2227 989 2255 nam
1019 2216 1097 2255 hoc
1129 2227 1290 2267 quoque
1321 2216 1460 2269 fluitat,
1492 2219 1580 2257 Ae-

112 2286 301 2337 schines,
339 2285 455 2324 Plato
497 2288 536 2323 et
577 2293 780 2335 suppares
819 2293 854 2322 v.
894 2281 1161 2321 Schoemann.
1203 2281 1251 2320 ad
1288 2282 1445 2321 Isaeum
1485 2282 1578 2322 314.

114 2350 320 2391 Schaeser.
351 2349 400 2389 ad
430 2349 629 2389 Plutarch.
662 2349 703 2389 T.
732 2348 796 2388 111.
831 2346 919 2388 194.
951 2342 1059 2399 ἅρμα
1087 2343 1268 2386 πωλικόν
1299 2347 1419 2398 Corp.
1454 2347 1581 2387 Inscr.

113 2426 150 2455 n.
191 2413 310 2455 2758.
349 2402 486 2466 ζεῦγος
527 2409 668 2454 ὀνικόν
707 2417 746 2453 et
776 2408 992 2465 ἡμιονικόν
1020 2412 1244 2463 Xenopho‚
1286 2408 1466 2451 πωλικόν
1505 2412 1583 2451 ΑΙ-

113 2490 236 2519 caeus
267 2478 381 2518 Phot.
412 2475 549 2531 ἀπήνη
577 2476 734 2531 umatus}
767 2482 805 2518 et
835 2474 966 2529 ὄχημα
995 2473 1160 2515 ἱππικόν
1193 2475 1435 2526 Sophocles.
1493 2476 1584 2515 Ho-

113 2555 198 2584 rum
230 2543 434 2594 scriptura
463 2555 665 2596 nunquam
694 2545 734 2583 in
765 2542 1088 2583 controversiam
1118 2545 1267 2580 vocata
1290 2545 1366 2593 est,
1394 2540 1467 2582 sed
1491 2552 1582 2581 om-

113 2609 175 2648 nis
207 2607 450 2658 disceptatio
483 2608 532 2649 ad
562 2611 738 2661 quinque
766 2607 835 2646 illa
864 2607 1027 2659 recidit„
1066 2616 1236 2657 quorum
1276 2616 1395 2645 unum
1424 2602 1583 2656 βοεικός

112 2675 161 2713 in.
183 2672 377 2723 quadrum
408 2672 533 2724 redigi
565 2685 692 2726 posse
722 2674 889 2724 negavi,
921 2671 1142 2713 secundum
1172 2667 1357 2721 δαρεικὸς
1387 2674 1426 2711 et
1456 2680 1580 2722 pere-

158 2748 299 2779 Lobeck.
324 2749 503 2788 Paelaolog.
1249 2735 1299 2776 21
