1699 3021
323 165 391 208 DE
421 163 707 209 NOMINIBUS
734 162 789 206 IN
818 163 844 204 ’ὗ
869 161 1218 208 EXEUNTIBUS.
1253 166 1295 208 C.
1315 166 1379 209 111.
1502 166 1589 211 195

108 272 232 329 μήνη,
262 271 432 328 γαλήνη·
462 272 509 316 τὸ
538 272 582 316 δὲ
612 270 801 327 Γερμηνή
831 269 857 326 ἡ
887 269 1091 326 συνήθεια
1119 270 1277 329 ὀξύνει,
1306 276 1348 317 in
1378 288 1458 330 quo
1481 288 1588 330 aqua

109 341 262 382 haeret.
321 340 424 381 Nam
465 341 574 394 quod
606 339 878 391 Goettlingius
917 340 1061 380 statuit
1091 352 1129 393 p.
1165 340 1254 381 154.
1283 341 1363 383 hoc
1395 354 1490 383 esse
1521 344 1586 384 se·-

107 406 301 446 mininum
330 406 524 457 gentilieii
559 402 780 458 Γερμηυός,
812 409 1033 457 propterea
1051 409 1181 446 ratum
1205 405 1357 447 habere
1377 417 1460 447 non
1479 419 1585 459 pos-

108 482 249 512 sumus
280 473 374 524 quia
404 473 439 512 is
470 472 591 524 plane
621 471 823 522 legitimus
855 474 919 511 est
949 474 1144 512 accentus
1179 467 1318 524 Γέρμη
1363 467 1386 511 ὁ
1421 472 1585 525 πολίτης

109 534 320 589 Γερμηνός
348 536 418 577 καὶ
450 534 639 590 Γερμηνή
673 535 812 587 Steph.
855 547 938 576 non
979 536 1110 576 solum
1141 536 1262 588 hujus
1303 538 1480 577 nominis
1511 538 1585 579 sed

110 603 287 644 omnium
312 600 472 656 Σιὸάκη
495 598 730 655 Σιδακηνός
746 597 976 654 Σιδακηνή,
1007 599 1168 655 Σιδήλη
1188 599 1434 655 Σιδηληνός,
1465 600 1585 643 Φάλ-

107 683 161 720 γα
195 667 433 723 Φαλγηνός,
465 666 608 709 Δάτου
637 665 827 719 Δατηνός
857 671 933 707 ete.
990 667 1280 708 Desideramus
1320 668 1443 719 igitur
1480 667 1584 709 sub·-

107 735 328 775 stantivuni
361 740 573 786 oxytonon
598 738 637 774 et
663 732 825 785 quidem
854 743 932 772 usu
962 733 1098 773 tritum
1131 734 1225 785 quia
1255 733 1457 774 Arcadius
1487 733 1584 774 dicit

105 795 131 853 ἡ
163 797 366 853 συνήθεια
395 796 542 849 ὀξύνει.
601 798 644 839 Id
677 803 810 839 autem
841 798 960 850 quale
982 799 1101 839 fuerit
1120 799 1286 839 inventu
1308 798 1583 840 difficillimum

107 870 278 918 propter
306 865 602 905 multitudinem
641 875 781 904 eorum
812 874 916 915 quae
955 864 997 904 in
1025 864 1142 905 libris
1171 865 1327 906 nostris
1370 869 1583 906 accentum

104 930 272 981 regulae
304 932 552 970 eontrarium
583 930 759 969 habent:
786 924 969 982 Ἀνθηνή
998 929 1130 971 Nonn.
1156 930 1293 971 XXVI.
1331 931 1429 974 87.0
1471 933 1582 971 Βολ-

105 992 211 1049 βηνή
242 995 410 1036 Ptolem.
441 995 485 1035 V.
518 994 609 1035 337.
640 990 851 1046 Μαρδηνή
882 994 943 1035 VI.
975 995 1065 1036 380.
1096 993 1286 1049 Σαιὸηνή
1315 993 1411 1048 ὄρος
1435 994 1583 1050 Κύμης

102 1059 174 1101 καὶ
201 1057 314 1113 χώρα
344 1060 513 1114 Steph.⁷
543 1056 738 1113 Μωρηνή
771 1059 905 1100 Strah.
935 1059 1017 1100 XII.
1048 1060 1140 1102 574.
1171 1059 1360 1115 Χορζηνή
1389 1062 1454 1103 ΧΙ.
1485 1062 1578 1104 528-

107 1123 291 1180 Ξερξηνή
321 1126 414 1168 529.
445 1123 636 1178 Σωφηυή
670 1124 826 1178 septies
857 1124 898 1163 in
924 1124 1004 1164 hoe
1034 1125 1161 1179 libro,
1200 1139 1303 1178 quae
1342 1138 1413 1167 our
1443 1127 1582 1167 diver-

107 1204 196 1233 sum
228 1204 252 1232 a
286 1189 462 1244 Πριήνη,
494 1188 712 1244 Κισθήυη,
743 1185 949 1242 Καλθήνη
980 1190 1152 1243 aliisque
1182 1192 1339 1233 urbium
1371 1196 1410 1233 et
1440 1193 1582 1243 regio-

104 1269 199 1298 num
227 1258 460 1297 nominibus
481 1261 694 1297 accentum
718 1255 906 1308 habeant,
936 1257 1048 1297 varie
1071 1257 1270 1309 disputari
1285 1261 1437 1310 potest.
1483 1260 1582 1297 Σω-

103 1319 217 1376 φηνή
248 1323 408 1375 quidem
439 1323 474 1363 si
505 1334 554 1363 ex
585 1317 830 1374 Σωφαυηνή
852 1326 1106 1363 contractum
1131 1327 1206 1376 est,
1238 1314 1309 1363 sie*
1330 1324 1434 1364 enim
1466 1323 1581 1364 multi

106 1389 359 1441 appellant‚⁸
387 1392 600 1429 accentum
641 1398 690 1428 eo
722 1399 802 1439 quo
844 1388 960 1428 initio
998 1389 1071 1428 suit
1117 1388 1211 1429 loeo
1255 1389 1460 1429 mansisse
1498 1400 1582 1431 non

105 1453 208 1494 adeo
240 1455 382 1494 mirum
414 1459 499 1506 est3
529 1465 607 1495 nee
636 1454 673 1494 si
699 1454 880 1505 regionis
911 1465 1061 1494 nomen
1083 1454 1326 1497 declinatum
1348 1459 1411 1495 est
1431 1466 1454 1494 a
1475 1465 1580 1506 gen-

105 1520 231 1560 tilioio
274 1516 485 1573 Σωφηνός
531 1524 574 1560 ut
610 1516 844 1572 Κυζικηνός
891 1517 1115 1572 Κυζικηνή.
1182 1520 1398 1560 Diversum
1446 1524 1581 1561 tamen

106 1585 259 1625 sentire
288 1585 448 1625 videtur
479 1586 734 1638 Stephanus:
766 1581 929 1638 Σιδήνη
954 1583 1136 1638 Σιδηυός
1165 1582 1220 1633 ὡς
1244 1583 1470 1639 Σωφηνός,
1500 1586 1580 1628 hoe

107 1655 171 1691 est
200 1651 359 1691 incolas
389 1663 413 1691 a
442 1652 610 1702 regione
643 1650 930 1691 denominatos
962 1662 1078 1702 esse;
1118 1651 1192 1692 sed
1219 1651 1324 1691 idem
1354 1662 1386 1691 s.
1418 1651 1582 1703 Νίσιβις

105 1715 186 1756 hoe
224 1714 438 1768 Σωφηνός
476 1716 636 1756 confert
680 1726 770 1755 eum
810 1713 1038 1767 Νισιβηνός
1076 1720 1115 1756 et
1163 1712 1369 1768 Ταβηνός,
1409 1726 1581 1766 quorum

106 1782 305 1834 principia
334 1785 429 1822 sunt
461 1781 635 1832 Νίσιβις,
674 1777 819 1832 Τάβαι.
876 1780 1173 1822 Nonnullorum
1204 1782 1409 1832 scriptura
1438 1782 1478 1820 in
1502 1780 1581 1820 du·-

106 1847 174 1887 bio
207 1852 293 1897 est;
324 1857 416 1887 nam
446 1857 521 1898 pro
553 1842 764 1899 Μαρὸηνή
801 1845 890 1886 eod.
920 1842 1159 1899 Μαρδυηνή
1195 1847 1366 1898 praebet
1403 1851 1446 1887 ut
1478 1849 1580 1900 Γορ-

106 1909 210 1965 ὁηνή
243 1917 282 1953 et
314 1908 547 1964 Γορδυηνή,
579 1923 711 1964 neque
742 1911 861 1952 facile
892 1911 1041 1951 existet
1072 1912 1139 1963 qui
1170 1912 1219 1952 de
1242 1913 1455 1953 vocabulis
1482 1914 1582 1953 bar-

106 1978 218 2018 baris
249 1978 443 2029 suffragia
474 1979 579 2018 l'erre
610 1977 769 2018 audeat.
825 1977 1046 2029 Aliquanto
1081 1980 1212 2029 major
1252 1984 1316 2019 est
1347 1980 1581 2019 constantia

106 2054 246 2084 eorum
277 2055 381 2095 quae
411 2055 621 2084 numerum
640 2046 758 2084 trium
778 2043 1027 2094 syllabarum
1049 2043 1261 2085 excedunt.
1299 2045 1410 2085 Haeo
1432 2045 1580 2087 Gram-

106 2110 242 2149 matiei
273 2109 363 2149 acui
395 2108 544 2149 docent
574 2114 738 2160 praeter
769 2105 1006 2160 Μυτιλήνη,
1037 2106 1302 2162 Δινδυμήνῃ,
1337 2108 1577 2164 Πακτυήνη,

107 2174 254 2226 quibus
294 2178 482 2226 quartum
521 2173 661 2226 adJ'ieit
697 2173 938 2215 Eustathius
980 2173 1031 2214 ad
1068 2174 1186 2216 Dion.
1228 2175 1344 2217 1088.
1385 2173 1503 2224 πόλις
1530 2173 1582 2216 τὰ

195 2317 231 2360 6)
270 2317 335 2351 Hic
358 2317 452 2352 urbis
478 2319 511 2352 in
536 2317 633 2352 India
661 2319 747 2353 sitae
764 2326 890 2353 nomen
917 2321 988 2360 est3
1015 2327 1142 2361 graeca
1156 2317 1309 2359 Ἀνθήνη
1327 2319 1401 2354 sive
1421 2317 1582 2351 ’Λνθάνα

106 2372 266 2407 scribitur
290 2372 331 2406 ab
356 2372 480 2415 Ambe,
507 2376 544 2406 ut
569 2376 673 2417 ajunt,
701 2373 850 2407 condita.

195 2427 232 2470 7]
275 2427 327 2460 Ab
368 2427 436 2462 hoc
469 2428 626 2464 Aeolidis
660 2434 775 2465 monte
809 2430 983 2473 appellata
1027 2429 1164 2464 videtur
1197 2428 1337 2470 Σεδὴνη
1375 2428 1391 2470 ἢ
1420 2429 1583 2473 Ἀμαζών

107 2481 260 2523 Theogn.
291 2483 365 2517 113.
391 2486 428 2517 ut
452 2484 618 2528 pleraque
652 2485 866 2519 Amazonum
892 2494 911 2518 a
940 2485 1037 2518 loeis.
1088 2484 1249 2519 Ceterum
1285 2485 1469 2530 utrobique
1493 2490 1578 2519 Σαι-

109 2535 198 2577 δήνη
223 2536 443 2571 scribendum
470 2542 552 2582 puto
576 2540 632 2575 vel
657 2539 828 2584 Σαρδήνη
859 2550 900 2575 ex
926 2539 1077 2574 Herode.
1103 2540 1140 2574 V.
1166 2540 1263 2574 Hom.
1293 2550 1322 2574 c.
1349 2541 1381 2577 9.

196 2591 234 2633 8)
267 2594 465 2635 Σωφτινίνη
492 2603 546 2638 ap.
572 2595 694 2639 Steph.
723 2594 932 2639 Σωφιενήνη
952 2595 1052 2629 Dion.
1080 2594 1176 2629 Cass.
1206 2594 1348 2630 XXXVI.
1377 2597 1580 2642 36.ζΣοᾳα-

108 2645 195 2686 νηιὲἡ
222 2646 366 2689 Proeop.
392 2647 478 2683 Bell.
502 2649 597 2685 Pers.
625 2651 652 2685 1.
678 2651 733 2693 21,
759 2651 814 2686 62.
838 2650 878 2684 Ε.
914 2655 1071 2694 correpta
1105 2653 1215 2695 prima
1242 2656 1278 2686 ut
1305 2662 1358 2696 ap.
1396 2652 1582 2697 Lucanum,

110 2704 256 2736 accentu
279 2701 447 2745 legitimo,
472 2704 536 2740 sed
561 2705 761 2750 Σοᾳανήνη
789 2705 832 2742 de
861 2705 988 2742 Aedill'.
1018 2707 1080 2741 111.
1107 2707 1139 2743 2.

1225 2762 1273 2805 13
1286 2762 1311 2788 ⁵<
