1747 3005
171 141 240 183 DE
271 139 397 182 NOM.
428 139 646 188 QUORUM
666 140 816 182 CHAR.
838 141 939 183 EST
959 142 1235 184 DENTALIS.
1269 142 1311 185 C.
1334 144 1397 185 lv.
1429 149 1466 192 §.
1490 143 1528 185 8.
1558 144 1652 187 389

168 251 219 293 Et
248 245 420 302 ὠρυτός,
452 261 526 301 pro
559 261 640 302 quo
671 244 870 303 ὠρυθμός
894 255 1100 303 receptum
1132 254 1215 303 est,
1246 262 1393 291 vereor
1422 263 1472 293 ne
1503 265 1652 294 corru-

169 319 280 368 ptum
317 315 370 355 sit
409 326 483 366 pro
514 312 709 367 γωρυτός.
768 316 827 356 De
860 327 940 367 quo
973 317 1007 356 si
1039 316 1141 356 satis
1184 321 1395 358 constaret
1425 317 1534 369 quod
1563 318 1650 359 He-

169 380 336 431 sychius
361 379 481 420 tradit
507 377 703 433 Γωρυτός
723 403 777 410 -——
806 380 846 420 οἱ
869 377 911 421 δὲ
930 378 1130 433 χωρυτόν,
1164 382 1378 435 explorata
1397 387 1509 423 esset
1531 384 1646 434 origo

166 446 343 485 nominis
364 457 482 497 quam
511 446 767 486 Grammatici
791 446 964 500 tradunt,
993 445 1105 499 παρὰ
1126 444 1172 487 τὸ
1191 452 1345 500 χωρεῖν.
1363 446 1397 472 ¹3
1435 447 1551 488 Nunc
1572 460 1645 499 pro

164 511 234 551 illa
264 512 469 551 sententia
499 511 596 551 nihil
627 511 733 551 aliud
766 511 898 551 afferri
939 517 1077 564 potest
1109 514 1185 552 nisi
1218 513 1408 564 cognatio
1441 513 1647 553 nominum

162 573 263 629 χνόη
281 574 384 629 κνόη
407 581 445 616 et
466 577 604 628 κινοῦς,
622 574 744 628 χολάς
764 581 803 617 et
820 574 946 617 κόλον
969 575 1167 629 (ἔντερον)
1191 578 1326 619 Schol.
1348 577 1647 619 11.XX1.181.¹⁴

162 639 343 694 κάραβος
367 647 406 681 et
424 642 611 694 χηραφίς,
633 653 764 693 neque
788 643 870 683 salli
893 643 1091 696 videntur,
1115 645 1182 696 qui
1207 639 1392 683 κεκαδώυ
1415 654 1489 694 pro
1508 640 1647 694 χαδών

164 708 370 759 accipiunt
392 719 426 747 ν.
449 707 535 747 ΕΜ.
558 707 650 760 409,
672 708 731 748 14.
752 719 786 748 v.
804 708 906 748 Adri.
930 708 979 749 ad
1001 709 1146 750 Buttm.
1170 710 1213 750 11.
1235 709 1326 750 322.
1347 712 1558 760 postremo
1580 708 1645 748 la-

163 774 287 815 tinum
317 777 485 823 corytus
519 773 677 812 facilius
709 784 730 812 e
759 771 941 825 χωρυτός
972 775 1054 814 fieri
1086 775 1218 827 potnit
1248 785 1364 826 quam
1397 785 1418 814 e
1446 771 1644 826 γωρυτός,

162 840 257 891 quia
287 839 454 890 saepius
486 839 668 889 aspirata
699 839 738 878 in
769 850 850 879 non
871 840 1092 891 aspiratam
1115 851 1232 892 qnam
1250 851 1408 891 gamma
1426 840 1580 880 initiale
1604 841 1644 881 in

161 908 186 944 ὃ·
207 908 406 953 mutatur3
438 914 557 953 quam
587 904 626 942 in
658 915 740 943 rem
764 916 867 956 quae
887 906 959 945 viri
982 905 1091 945 docti
1114 906 1296 957 afferunt,
1328 910 1491 957 praeter
1521 917 1643 946 unum

159 970 314 1023 γοῦνος
343 980 500 1009 cunnus
538 969 688 1009 nullius
718 974 814 1010 sunt
845 971 1053 1021 ponderis.
1114 971 1260 1011 Verum
1291 971 1409 1011 aliam
1442 971 1546 1011 viam
1575 972 1643 1012 in-

160 1046 332 1087 gressus
374 1039 435 1074 est
477 1034 704 1074 Salmasius
742 1036 808 1086 qui
848 1037 888 1076 in
921 1036 1092 1076 Excrcc.
1125 1037 1223 1077 l‘lin.
1255 1036 1346 1076 263.
1378 1037 1416 1077 F.
1452 1034 1640 1088 γορυτός,

160 1108 202 1141 ut
232 1100 339 1152 apud
369 1100 544 1150 llesycli.
583 1101 837 1151 scribitur‚¹⁵¹
877 1107 1087 1153 comparat
1127 1114 1216 1141 cum
1258 1102 1366 1142 Festi
1406 1103 1639 1143 testimonio

160 1169 388 1208 Scrautum
420 1166 528 1217 (cod.
561 1167 787 1218 scorteum)
825 1167 1045 1218 pelliceum
1080 1169 1122 1207 m
1153 1179 1233 1219 quo
1265 1170 1455 1218 saffe'ttac
1486 1180 1642 1209 recon-

161 1233 330 1281 duntur,
373 1231 633 1282 appellatum
672 1232 725 1271 ab
767 1233 914 1273 eadem
945 1244 1080 1272 cans-a
1113 1244 1196 1284 qua
1227 1236 1441 1277 scortum·
1492 1231 1643 1281 σκότος

162 1297 409 1349 cnimpelle's
431 1296 597 1348 dicitur,
628 1307 759 1348 neque
790 1297 908 1336 aliter
939 1298 1144 1337 existimat
1176 1297 1224 1337 de
1256 1309 1499 1351 synonymo,
1531 1299 1640 1351 quod

160 1363 417 1405 Grammatici
447 1361 496 1401 ab
529 1361 672 1401 ecdem
704 1362 830 1402 verbo
863 1367 1066 1415 repetunt
1107 1359 1221 1412 παρὰ
1250 1359 1296 1402 τὸ
1326 1366 1473 1415 χωρεῖν
1502 1360 1525 1404 ὁ
1554 1362 1640 1405 κώ-

157 1444 283 1481 ρυκος
311 1425 451 1480 γέγονε
480 1427 950 1481 Eust.1534,52.cum
981 1425 1130 1475 σκύτος
1160 1433 1292 1469 autem
1325 1440 1513 1470 connexa
1544 1442 1639 1472 esse

157 1492 270 1546 σκώρ
301 1490 481 1545 (σκάτος,
513 1491 682 1545 σπάτος)
713 1490 854 1546 χόριον
885 1494 1052 1546 corium,
1083 1491 1222 1546 χορδή,
1255 1495 1335 1534 alio
1367 1495 1461 1535 loco
1497 1495 1639 1537 decla-

159 1562 257 1602 ravi.
317 1558 434 1608 Qnod
462 1559 642 1599 ultimum
674 1564 738 1600 est
768 1560 808 1599 in
831 1559 1084 1610 Theogncsti
1116 1564 1406 1612 parapegmate
1428 1560 1639 1610 Κολλυτός

158 1627 263 1667 demi
293 1635 444 1665 nomen
474 1636 557 1664 non
585 1636 676 1664 raro
710 1625 860 1676 duplici
885 1615 934 1664 ἦ
963 1625 1157 1666 scribitur
1188 1631 1229 1665 ut
1256 1621 1566 1677 Ἀδραμυττεῖου
1588 1623 1634 1668 δι’

157 1689 249 1739 ἑνὸς
273 1682 299 1730 ἶ
328 1688 398 1730 καὶ
426 1686 493 1730 διὰ
523 1690 642 1730 δυοῖν
671 1686 752 1730 ἀπὸ
778 1686 1036 1742 Ἀδραμύτου
1066 1692 1231 1731 κτιστοῦ
1256 1691 1395 1742 Steph.
1430 1694 1496 1744 qui
1526 1695 1638 1745 geni-

158 1760 264 1800 tivus
288 1757 434 1808 legitur
456 1756 576 1796 etiam
601 1756 706 1807 apud
727 1756 758 1796 J.
783 1756 935 1806 Lydum
958 1756 1006 1797 de
1026 1757 1153 1797 Mens.
1174 1757 1235 1798 IV.
1262 1758 1296 1797 7.
1321 1769 1356 1809 p.
1376 1758 1440 1800 67.
1471 1760 1544 1801 sed
1568 1761 1638 1802 du-

157 1824 253 1878 plici
280 1814 328 1872 ἶ,
372 1821 545 1873 simplici
575 1834 672 1862 vero
700 1819 948 1874 Ἀτράμυτος
988 1822 1123 1863 Schol.
1162 1823 1257 1862 Hes.
1297 1822 1398 1876 Opp.
1441 1825 1530 1867 161,
1570 1827 1636 1868 ubi

158 1890 247 1931 cod.
277 1886 483 1940 ’Ἀτραμυς
520 1891 562 1926 ut
602 1885 986 1941 ὃῐθρ11.’Ἁὸραμυς,
1027 1888 1171 1941 longa,
1209 1893 1251 1928 ut
1282 1900 1330 1929 ex
1361 1891 1636 1940 geminatione

157 1959 343 2008 apparet,
374 1953 519 2004 vocali,
551 1964 653 2004 qnae
685 1955 724 1993 in
753 1955 914 1994 nomine
944 1955 1213 2005 promontorii
1237 1955 1509 2003 Μασσίκυτος
1539 1968 1637 1997 cor-

156 2023 302 2074 ripitur
342 2019 474 2067 Quint.
514 2018 577 2058 111.
617 2019 707 2060 234.
748 2020 846 2061 Vlll.
880 2020 968 2061 107.
1008 2019 1225 2070 Psamytus
1267 2020 1450 2062 Galatiae
1491 2033 1562 2063 rex
1597 2034 1635 2063 v.

154 2086 321 2129 Eckliel.
352 2085 490 2125 Doctr.
515 2084 578 2123 ΙΙΙ.
604 2084 692 2125 183.
725 2085 929 2137 quomodo
956 2085 1304 2137 pronunciandum
1335 2087 1387 2126 sit
1419 2098 1501 2127 non
1531 2099 1637 2128 con-

156 2157 251 2204 stat,
282 2149 356 2191 sed
387 2149 577 2196 Μίυυτος
607 2150 764 2191 Niobae
795 2151 899 2191 filius
930 2150 1121 2203 Apollod.
1153 2150 1217 2191 Ill.
1250 2151 1287 2203 5,
1313 2150 1350 2192 G.
1383 2153 1528 2203 procul
1557 2152 1636 2193 du-

155 2219 223 2259 bio
259 2218 320 2257 sic
350 2220 393 2256 ut
411 2212 604 2266 Ἄνυτος,
640 2221 679 2257 et
711 2218 889 2258 sortasse
924 2218 1104 2263 Πίνυτος
1133 2216 1391 2258 scribendum
1422 2223 1513 2270 est3
1543 2229 1636 2259 nam

160 2283 333 2324 Tzetzes
376 2281 475 2322 Cliil.
514 2282 576 2323 IV.
613 2283 705 2325 421.
745 2285 850 2324 inter
888 2282 1047 2323 Niobae
1086 2283 1191 2323 lilios
1231 2278 1473 2324 Εὐπίνυτον
1512 2285 1637 2325 refert

249 2410 307 2452 13)
341 2390 457 2442 861101.
487 2406 550 2441 Od.
577 2405 661 2440 XXI.
688 2406 742 2441 54,
771 2404 932 2450 γωρυτός
955 2404 1053 2449 παρὰ
1089 2403 1124 2436 τὸ
1154 2405 1279 2448 ἀθρεῖν
1305 2404 1365 2437 τὸν
1389 2404 1498 2448 ῥυτόν
1522 2405 1626 2440 scrib.

157 2469 304 2511 χωρεῖν.
354 2463 467 2501 Τόξου
496 2463 593 2506 ῥῦμα
621 2461 749 2497 Aesch.

247 2521 305 2562 14)
334 2518 493 2555 Nomos,-
519 2517 559 2550 τὰ
586 2518 709 2560 ἔντερα
735 2515 805 2550 ἀπὸ
833 2515 891 2556 τῆς
917 2513 1155 2555 κοιλότητοςῆ
1185 2515 1245 2547 τοῦ
1275 2514 1506 2558 κεχαλάσθαι
1538 2514 1629 2549 ὅθεν

162 2576 224 2609 καὶ
254 2575 371 2608 κῶλον
398 2576 481 2617 [scr.
509 2572 633 2616 κόλον]
662 2571 679 2613 ἢ
708 2571 760 2606 ὅτι
788 2572 849 2612 τὴν
872 2570 985 2615 χολὴν
1010 2572 1096 2614 ἔχει,
1124 2571 1236 2614 aptius
1262 2580 1359 2605 sane.

252 2631 308 2672 ¹5]
335 2630 408 2664 lloc
433 2629 536 2664 modo
563 2630 723 2664 excusari
758 2631 876 2672 potest
906 2628 1069 2661 Sidonius
1107 2627 1164 2669 qui
1199 2631 1334 2669 corytus
1369 2626 1546 2671 usurpavit
1575 2636 1635 2669 pro

162 2687 314 2722 tribrevi.
