1731 3021
145 147 243 191 488
634 148 1070 192 DISSERTATIO
1111 149 1177 192 XI.

149 257 201 299 ad
239 257 432 300 Philostr.
471 258 564 300 Vitt.
605 258 732 312 Soph.
771 270 810 311 p.
840 257 933 300 302.
973 262 1012 300 et
1053 258 1195 300 Orsua
1229 259 1314 301 Liv.
1356 259 1529 302 XXVIII.
1558 261 1623 305 21.

149 323 260 365 Idem
300 324 409 364 valet
448 323 499 365 de
537 323 694 366 duabus
733 324 937 366 vocalium
975 323 999 365 ὃ
1040 328 1080 366 et
1110 325 1143 364 ὦ
1168 319 1314 373 Ἀδόας
1343 326 1431 368 sive
1453 323 1627 376 Ἀδδόας

148 387 294 429 fluvius
324 388 466 440 Polyb.
496 389 542 431 ΙΙ.
572 390 639 444 32,
668 390 705 432 2.
736 401 855 443 quem
887 390 1036 431 Strabo
1071 385 1251 431 Ἀδούαν
1288 395 1433 445 vocat,
1469 390 1628 443 Γενόας

150 454 291 507 Steph.
331 466 363 496 S.
397 457 438 495 Γ
433 457 610 506 ενοαῖοι,
651 453 823 509 Καβόης
862 459 901 496 et
930 453 1106 509 Σειρόης
1133 456 1287 498 Persae
1314 456 1483 510 Niceph.
1513 459 1628 501 Con-

154 522 279 560 stant.
321 519 381 561 De
411 521 496 562 reb.
527 524 631 573 gest.
661 526 759 575 post
787 522 946 563 Maurit.
973 534 1010 575 p.
1042 522 1103 564 14.
1132 522 1175 563 Β.
1205 523 1250 564 D.
1283 519 1457 575 Βαγώας
1495 535 1628 566 eunu-

153 583 277 635 ohus,
319 584 392 626 sed
423 587 596 626 Μινῶαι
636 587 798 628 incolae
838 588 951 628 urbis
989 589 1153 629 Minoae
1184 588 1321 640 Steph.
1362 588 1548 630 vocalem
1578 601 1629 632 ex

152 660 362 704 paragoge
402 651 526 694 habet
564 656 608 693 ut
642 652 832 706 μητρώας
870 653 999 706 (quod
1040 657 1279 705 suspectum
1318 654 1400 707 est)
1440 666 1515 707 pro
1554 653 1630 710 μή-

151 729 257 768 τρως
286 740 339 745 ——
368 718 462 769 equi
498 719 662 771 παρῶαι
698 718 804 759 unde
835 718 931 759 dieti
961 720 1064 767 sint,
1095 730 1179 759 non
1209 724 1386 770 constat,
1417 722 1631 775 variatque

153 782 359 834 scriptura
392 783 559 835 παρίαι,
598 785 769 838 παρωοί.
827 785 1060 837 Vooalium,
1089 795 1190 835 quas
1220 784 1289 824 ille
1319 784 1512 840 admittit,
1549 798 1632 829 una

153 851 218 887 est
247 847 435 901 ypsilon‚
474 860 558 889 non
587 850 825 901 infrequens
862 850 904 889 in
933 849 1166 890 nominibus
1195 849 1383 891 barbaris
1415 849 1630 906 Γωβρύης,

152 910 375 966 Μαρσύης,
412 911 620 967 Πακτύης,
652 911 836 968 Μαδύης
866 919 906 955 et
940 911 1202 967 Πρωτοθύης
1231 915 1281 955 ab
1311 915 1520 958 Herodoto
1549 929 1632 959 no—

151 978 305 1032 minati,
339 979 486 1031 quibus
516 981 734 1021 intervenit
761 980 882 1021 homo
916 979 1095 1021 Graecus
1127 980 1313 1021 dissimili
1345 982 1632 1026 terminatione

155 1040 326 1092 Πολύας
364 1046 462 1086 VIII.
501 1045 566 1087 21.
624 1045 713 1087 Hoo
751 1057 901 1086 nomen
941 1057 964 1086 a
1001 1043 1131 1093 πολύς
1169 1045 1393 1087 derivatum
1424 1059 1519 1090 esse
1547 1061 1632 1092 non

153 1109 426 1162 improbabile
445 1111 602 1153 videtur
624 1112 771 1153 similia
791 1108 1241 1164 consideranti'IxfflSocg
1261 1107 1423 1164 (Ἰχθῦς,
1439 1110 1631 1170 Ἰχθύων)

158 1175 366 1229 Θρασύας,
398 1175 587 1229 Bari-dag,
618 1175 779 1225 Σικύας
808 1178 954 1219 Athen.
985 1177 1048 1219 VI.
1078 1177 1170 1218 257.
1199 1177 1244 1218 Β.
1276 1188 1381 1229 quae
1406 1178 1458 1219 ab
1482 1181 1632 1233 appel-

153 1241 290 1284 lativis
321 1245 482 1295 graecis
514 1244 636 1285 dueta
662 1244 860 1297 videntur,
891 1240 1049 1284 Βιθύαι
1078 1240 1201 1291 ἔθνος
1243 1240 1408 1299 Θρᾴκης
1446 1240 1528 1286 ἀπὸ
1561 1247 1635 1288 Βί-

154 1310 263 1355 θυος
294 1310 435 1361 Steph.
468 1307 642 1357 Μινύας
672 1314 711 1350 et
741 1306 910 1356 Μιλύας
941 1320 1170 1360 synonyma
1197 1309 1440 1364 gentilioiis‚
1470 1309 1634 1362 Μνύας

156 1375 247 1415 urbi
276 1375 438 1428 Nino‚1
463 1371 650 1428 Ὀθρύας
675 1371 913 1427 Ὀθρυάδης
952 1375 1080 1415 monti
1111 1379 1187 1414 eto.
1245 1375 1508 1426 Appellativa
1537 1383 1634 1420 sunt

155 1437 336 1493 φλεγύας
366 1441 527 1493 aquilae
557 1451 686 1492 genus
717 1441 781 1481 vel
813 1440 1025 1492 epitheton
1053 1436 1098 1479 ἐκ
1126 1440 1202 1479 τοῦ
1230 1436 1394 1492 φλέγειν
1429 1441 1633 1498 καὶιλαμ-

155 1501 263 1558 πρόν
292 1502 396 1546 εἶναι
427 1507 564 1548 Schol.
595 1508 690 1548 Hes.
722 1508 833 1548 Sout.
865 1505 955 1547 134.
984 1501 1172 1557 μανδύας
1200 1501 1306 1553 εἶδος
1335 1506 1497 1558 ἱματίου
1529 1511 1634 1564 Περ-

156 1572 243 1611 σῶν
273 1572 356 1624 (vel
383 1573 661 1625 Liburnicum)
692 1573 787 1613 Hes,
817 1567 973 1617 κοκύας
1002 1566 1025 1610 ὃ
1054 1567 1271 1623 πρόγονος,
1301 1568 1405 1620 λέξις
1433 1572 1528 1628 ἰακή
1545 1577 1633 1620 ΕΜ,

159 1648 264 1689 quae
307 1642 347 1678 et
384 1639 576 1678 feminina
615 1638 874 1691 reperiuntur
904 1632 930 1689 ἡ
958 1632 1135 1688 μανδύη,
1159 1631 1185 1688 ἡ
1215 1633 1392 1690 κοκύη,2
1420 1645 1634 1692 postremo

155 1700 315 1755 βαβύας
351 1701 480 1756 πηλός
516 1704 612 1745 Hes.
652 1704 719 1755 qui
759 1702 902 1743 eodem
941 1702 1063 1743 modo
1102 1703 1394 1755 interpretatur
1421 1706 1568 1758 βακίας
1595 1711 1638 1750 et

155 1768 336 1821 βακοίας.
368 1793 423 1800 -—
453 1769 643 1811 Secunda
673 1768 831 1810 vocalis
864 1772 927 1809 est
960 1768 1144 1823 epsilon‚
1185 1768 1259 1810 sed
1299 1781 1348 1811 ea
1386 1771 1489 1813 solis
1530 1784 1637 1814 eon-

158 1845 280 1875 oessa
310 1835 503 1888 propriis,
533 1846 705 1888 quorum
734 1834 929 1886 pleraque
959 1846 1186 1887 paronyma
1214 1840 1331 1889 sunt3
1361 1835 1636 1890 aJnominibus

157 1902 311 1953 primae
350 1901 637 1942 declinationis
668 1896 837 1953 Ἡρέας,
880 1897 1085 1953 Κριθέας,
1140 1898 1308 1954 Τιμέας,
1352 1906 1391 1942 et
1429 1904 1638 1946 secundae

152 1965 321 2021 Ἀβρέας
349 1968 510 2008 Arrian.
540 1967 658 2008 Alex.
689 1967 752 2007 VI.
783 1965 821 2019 9,
852 1966 888 2006 7.
920 1961 1082 2014 Αὐτέας
1110 1963 1368 2015 Αὐτοκλέους
1396 1968 1523 2010 Insor.
1554 1971 1636 2012 Att.

161 2044 199 2074 n.
231 2033 296 2075 93.
328 2030 539 2086 Αἰσχρέας,
570 2029 765 2083 Λευκέας,
804 2028 988 2083 Ταυρέας
1017 2037 1056 2073 et
1086 2044 1191 2085 quae
1218 2033 1305 2075 EM.
1336 2033 1428 2088 795,
1460 2035 1522 2076 12.
1557 2035 1638 2077 huo

158 2099 284 2139 refert
316 2096 465 2146 Φιλτός
494 2122 548 2128 -—
585 2090 638 2139 οὗ
668 2094 921 2151 παραγωγὸν
954 2095 1128 2147 Φιντέας
1157 2095 1213 2147 ὡς
1240 2100 1401 2152 πρῶτος
1429 2098 1637 2155 Πρωτέας,

161 2160 325 2217 ἄριστος
358 2160 572 2217 Ἀριστέας.
632 2165 876 2219 Tertiaeque
910 2160 1121 2219 Ἀνδρέας,
1147 2161 1311 2214 Ἀστέας
1337 2165 1481 2208 Jambl.
1515 2167 1561 2208 V.
1591 2167 1635 2210 P.

250 2351 287 2394 1)
312 2351 381 2386 Aut
405 2351 473 2386 hoc
498 2355 556 2386 aut
582 2350 724 2389 Μινύας
747 2351 998 2388 restituendum
1028 2351 1238 2395 Theognost.
1270 2362 1304 2396 p.
1335 2352 1390 2389 42.
1414 2362 1475 2397 pro
1491 2352 1636 2391 Λινύας.

250 2419 288 2462 2)
313 2417 364 2453 Ex
392 2417 507 2453 Zonae
532 2417 648 2453 verbis
673 2417 811 2451 Κοκύαι
839 2417 909 2462 γὰρ
937 2418 1062 2455 &tegar
1085 2415 1178 2461 ἁμῖν
1201 2415 1247 2454 ὥς
1274 2416 1449 2465 πρότεραι
1481 2421 1637 2463 ματέρες

160 2471 234 2506 ἐντὶ
259 2472 363 2517 ὅρι’-ες
388 2474 516 2516 colligo
543 2475 577 2507 in
602 2475 711 2516 ignoti
737 2478 863 2517 poetae
888 2483 991 2509 versu
1024 2473 1096 2516 ἀφ’
1123 2471 1246 2517 ὑμέων
1270 2472 1420 2518 κοκύῃσι
1445 2477 1637 2519 καθημένη

161 2527 346 2571 &Quill-m,
372 2528 559 2570 significari
586 2538 735 2572 quercus
760 2529 968 2564 Dodonaeas
995 2533 1029 2565 et
1052 2529 1260 2565 insidentem
1285 2531 1328 2565 iis
1355 2530 1549 2565 columbam
1580 2530 1637 2566 sa-

159 2583 302 2617 tidicam
326 2583 478 2630 ideoque
506 2585 539 2618 in
565 2586 736 2628 principio
763 2584 979 2619 scribendum
1018 2593 1098 2619 esse
1118 2583 1287 2628 Ἣμείων.
1334 2586 1372 2620 In
1406 2585 1516 2630 Etym.
1546 2585 1635 2621 Gud.

161 2636 290 2670 κοκῦαι
316 2659 355 2663 -
390 2641 557 2683 σημαίνει
582 2640 646 2681 τὴν
670 2640 735 2681 ἤδη
761 2641 985 2683 κεκυιλιιέιᾞν
1019 2641 1148 2674 rectius
1189 2642 1353 2684 scriptum
1387 2645 1441 2677 est
1476 2651 1577 2685 quam
1599 2643 1638 2676 in

160 2692 235 2728 EM.
262 2693 324 2726 τὸν
350 2694 415 2736 ἤδη
441 2697 682 2739 κεκομμένην.
721 2695 941 2731 Grammatiei
966 2704 1090 2732 nomen
1125 2705 1144 2732 a
1169 2700 1271 2732 κυεῖν
1295 2697 1437 2735 duxisse
1463 2697 1635 2734 videntur.
