1731 3021
147 181 235 224 106
628 170 1059 215 DISSERTATIO
1106 171 1151 215 11.

145 301 229 331 non
259 288 385 330 multa
413 296 518 339 quae
550 284 599 325 de
630 288 765 334 etymo
798 287 866 323 aut
895 281 995 322 nihil
1024 285 1179 322 mutent
1210 286 1279 322 aut
1304 280 1425 322 modo
1448 279 1627 333 paullum

149 354 301 408 aliquid
339 357 381 393 ut
421 364 445 392 a
481 347 612 403 κρέκω
649 349 808 390 videtur
837 344 1024 399 κρέκελος
1052 348 1213 400 θρῆνος
1241 347 1336 388 Hes.
1367 359 1391 387 a
1417 343 1533 399 νέφω
1563 345 1628 386 vel

147 418 275 474 νέφος
302 414 474 472 νεφέλη,
517 428 541 457 a
570 412 723 463 σκοπός
752 414 816 454 vel
846 410 980 467 σκοπή
1011 412 1208 461 σκόπελος
1240 413 1376 454 Schol.
1406 412 1501 463 Lye.
1533 409 1625 452 650.

148 487 242 530 Sch.
284 485 455 527 Theocr.
496 483 522 525 1.
562 481 626 524 69.
667 493 690 521 a
729 477 901 532 στρόβος
943 481 1188 532 adjectivum
1227 475 1442 531 στροβελός
1479 475 1627 518 Arcad.

146 553 243 595 Hes.
281 564 304 593 a
342 546 496 597 σποδός
525 544 719 594 σποὸελός
758 546 895 587 Schol.
928 546 1000 588 Od.
1032 546 1097 587 XI.
1128 545 1220 587 539.
1261 541 1417 585 θύελλα
1458 555 1482 585 a
1516 539 1628 593 θύω,

148 616 269 660 ἄελλα
297 613 322 671 ἡ
353 612 474 670 φωνή
507 615 556 655 ab
590 611 651 653 ἅω
686 609 813 664 (αὔω)
848 611 922 653 sed
962 612 998 653 si
1031 612 1231 652 turbinem
1263 610 1464 664 significat
1494 609 1555 649 sic
1586 611 1629 649 ut

141 680 288 726 Ἀελλώ
320 691 547 724 consonam
580 678 838 720 thematicam
858 678 1009 718 habere
1030 677 1210 729 videtur3
1251 679 1393 718 Δίκειν
1412 669 1549 727 -ἀφ’
1576 664 1630 714 οὗ

147 751 330 792 ὀίκελλον
367 747 462 788 Hes,
487 746 503 772 3
563 746 661 786 Cum
700 740 831 798 κύπη,
879 741 1037 798 κύμβη,
1076 741 1256 797 σκύφος,
1297 739 1508 795 κύβεθρον
1546 749 1630 782 non

147 818 280 859 solum
316 810 530 866 κύμβαλον
568 815 787 862 cognatum
830 809 988 850 videtur
1028 821 1062 850 v.
1104 809 1146 850 C.
1177 809 1204 850 l.
1247 814 1285 856 ὃ.
1316 810 1353 851 2.
1395 806 1468 848 sed
1506 806 1629 846 etiam

147 880 361 930 κύπελλον,
397 875 545 932 κυβὲλη
575 872 600 930 ἡ
633 871 714 929 ὀπὴ
744 876 821 915 τοῦ
850 871 954 922 ὦτός
982 875 1068 915 ΕΜ.
1094 874 1187 928 543,
1217 873 1282 916 57.
1310 870 1495 927 κύφελλα
1524 881 1629 912 con-

148 950 250 990 chae
290 947 467 998 aurium,
507 942 727 994 additoque
766 942 897 992 sigma
935 937 1089 994 κυψὲλη
1119 945 1161 981 ut
1192 938 1400 994 δρύψελον
1426 935 1474 980 τὸ
1500 934 1630 990 λέμμα

146 1011 259 1067 παρὰ
286 1008 333 1054 τὸ
365 1008 523 1063 δρύψαι
553 1006 575 1050 ὅ
606 1006 688 1049 ἐστι
716 1008 874 1048 λεπίσαι
910 1006 997 1051 ΕΜ.
1029 1018 1104 1059 pro
1136 1018 1216 1059 quo
1248 1007 1478 1058 Hesychius
1510 999 1630 1054 Λού-

148 1083 261 1133 ψαλα
300 1075 452 1120 πέταλα
497 1072 686 1129 δρυώδη,
736 1072 854 1126 quasi
894 1082 1081 1112 consona
1120 1073 1285 1114 themati
1326 1084 1429 1126 puro
1471 1075 1630 1111 extrin-

151 1158 274 1190 seeus
313 1145 551 1195 interjecta,
591 1153 671 1194 qua
701 1138 861 1180 ratione
891 1149 914 1178 a
944 1134 1062 1177 σπάω
1093 1136 1297 1192 σφάκελος
1328 1137 1558 1191 processit3
1606 1146 1631 1175 a

151 1215 351 1264 themate,
392 1208 497 1250 unde
527 1208 670 1248 σίαλον
699 1204 870 1259 pendet,
907 1200 1070 1256 σέμελος
1100 1201 1122 1245 ὁ
1152 1207 1313 1258 κοχλίας
1342 1205 1437 1246 Hes.
1467 1201 1632 1254 κοχλίας

149 1280 292 1321 σίαλον
336 1271 561 1316 ἀναπτύων
610 1272 720 1315 Suid.
761 1273 876 1322 cuius
918 1282 1147 1322 synonyma
1186 1276 1281 1312 sunt
1320 1267 1508 1323 σελάτης,
1559 1265 1631 1309 σέ-

150 1348 261 1393 σιλος
300 1348 339 1384 et
378 1342 576 1382 novitium
615 1336 756 1386 σιαλαξ
794 1349 830 1378 v.
870 1337 1026 1378 Coraes
1067 1337 1118 1378 ad
1156 1337 1259 1378 Plut.
1303 1338 1345 1379 T.
1378 1338 1424 1379 ΙΙ.
1454 1336 1576 1378 407.”’
1606 1346 1631 1378 a

148 1413 256 1454 πίων
292 1405 458 1462 πιμέλη,
506 1406 580 1448 sed
607 1403 887 1446 intercedente
918 1405 1080 1445 nomine
1110 1401 1205 1444 θύω
1242 1405 1361 1457 θῦμα
1388 1402 1548 1458 θυμέλη
1587 1408 1631 1446 ut

150 1491 175 1519 a
203 1473 290 1517 θέω
326 1475 444 1527 θῆμα
479 1469 588 1525 θέμα
626 1468 832 1523 θέμεθλον
869 1475 909 1510 et
938 1467 1130 1523 θέμειλον
1167 1483 1202 1512 V.
1231 1470 1397 1513 Jacobs.
1429 1471 1479 1513 ad
1508 1470 1631 1513 Anth.
1694 1477 1698 1482 ’

150 1557 188 1598 p.
212 1543 304 1585 (312.
336 1551 425 1581 cum
454 1538 657 1591 adjectivo
687 1532 883 1588 θεμέλιος.
943 1533 1158 1590 Στυφελός
1177 1537 1398 1589 στυφελίζω
1419 1548 1510 1578 oum
1528 1534 1631 1578 στύ-

152 1624 253 1659 πος,
285 1602 497 1655 στυπάζω,
530 1603 694 1658 στυφᾷν
721 1603 901 1659 βοουτᾷν
931 1603 1026 1644 Hes.
1056 1602 1163 1644 haud
1196 1603 1364 1643 fortuito
1402 1614 1631 1656 congruere

150 1676 339 1725 videtur,
390 1669 550 1723 ἔγχελυς
591 1669 640 1709 ab
682 1665 761 1720 ἔχις
802 1674 1073 1721 propagatum
1114 1681 1150 1709 v.
1187 1669 1406 1710 Dissertat.
1445 1670 1472 1710 Ι.
1511 1670 1553 1713 C.
1592 1671 1630 1712 2.

152 1747 191 1790 §-
224 1740 286 1782 13‚
326 1742 370 1778 ut
409 1748 433 1778 a
473 1732 669 1787 νύκτερος
697 1732 924 1784 νυκτέλιος,
966 1730 1160 1781 ἀεικέλιος
1193 1739 1232 1775 et
1262 1730 1456 1783 ἀειδέλιος
1486 1736 1536 1777 ab
1566 1737 1630 1778 his

153 1818 259 1861 quae
297 1803 435 1858 paullo
478 1806 572 1841 ante
615 1801 787 1853 scripsi,
830 1800 1099 1852 similiterque
1137 1799 1279 1854 δειελίη
1319 1805 1360 1841 et
1396 1801 1568 1860 δειελιᾷν
1606 1815 1631 1844 a

152 1874 319 1922 δείελος,
369 1868 443 1911 sed
487 1868 566 1908 hoc
606 1866 738 1918 ipsum
779 1878 802 1906 a
841 1865 949 1919 δείλη
987 1870 1124 1906 natum
1164 1866 1273 1919 quod
1312 1871 1353 1907 et
1393 1865 1522 1922 δειὲλη
1551 1869 1632 1911 (1ίοί

154 1945 299 1982 auctor
331 1941 394 1978 est
422 1934 508 1976 EM.
540 1944 613 1984 per
645 1932 888 1983 epenthesin
917 1932 1075 1972 vocalis
1116 1937 1158 1973 ut
1196 1930 1338 1981 δαελός
1376 1938 1416 1974 et
1449 1931 1629 1987 δαβελος,

153 2006 330 2056 ideoque
363 2002 412 2042 ab
444 2001 522 2040 hoc
552 1999 645 2039 loco
679 1998 874 2049 alienum3
915 2009 992 2038 neo
1021 1999 1153 2038 minus
1184 1995 1371 2051 ἄγγελος,
1404 2000 1513 2051 quod
1534 2001 1631 2042 Sal-

152 2071 308 2113 masius
346 2067 398 2109 ad
434 2065 636 2117 Lamprid.
676 2064 720 2105 V.
762 2064 901 2104 Sever.
933 2073 965 2105 c,
1002 2062 1066 2104 41.
1108 2074 1198 2104 cum
1238 2065 1417 2105 artoldus
1457 2068 1629 2121 confert,

152 2134 291 2191 ὄβελος
332 2146 356 2174 a
393 2129 528 2186 βάλλω
568 2132 655 2172 sive
693 2127 829 2184 βέλος,
874 2125 1070 2178 εὐδείελος
1107 2131 1157 2170 ab
1189 2130 1392 2182 adjectivo
1432 2128 1565 2181 ὄέελος
1595 2146 1630 2175 v.

244 2324 282 2367 3)
316 2321 533 2357 probabilius
558 2319 638 2353 SCh.
667 2317 704 2352 B.
734 2317 776 2352 ad
802 2318 840 2352 Ῑ1.
865 2316 950 2351 XXI.
975 2316 1052 2352 259.
1079 2316 1222 2349 δίκελλα
1241 2318 1301 2349 2(ιὶ
1324 2316 1488 2361 μάκελλα
1515 2316 1532 2360 ἦ
1555 2320 1628 2353 κέλ-

153 2380 286 2417 mma,
324 2385 518 2421 quanquam
553 2375 587 2409 id
613 2383 752 2418 quoque
780 2372 920 2406 dubium
943 2371 1057 2407 reddit
1082 2373 1240 2407 laconica
1267 2374 1383 2416 glossa
1407 2372 1539 2421 Μάκορ
1575 2374 1629 2422 ἑρ-

155 2435 304 2478 γαλεῖον
327 2431 532 2476 γεωργικὸν
556 2429 601 2468 ὡς
630 2430 795 2472 δίκελλα,
823 2429 889 2462 nisi
926 2426 1088 2471 μάκελορ
1114 2429 1263 2471 scripsit.
1322 2428 1418 2462 Illius
1445 2439 1512 2464 una
1541 2430 1630 2466 haec

155 2490 294 2532 species
324 2492 395 2530 est,
424 2488 564 2522 alterius
591 2487 739 2530 duplex,
762 2484 900 2529 μακέλη
928 2486 962 2518 et
984 2482 1148 2527 μάκελλα
1173 2487 1209 2517 ut
1233 2482 1353 2527 ιἐμάλη
1382 2485 1539 2527 ἰέιιιαλλα.

246 2560 283 2602 4)
321 2559 373 2593 Du
399 2557 550 2601 (langius
587 2558 691 2593 etiam
722 2556 897 2599 σαλίγγας
929 2554 1033 2590 refert
1061 2565 1121 2598 pro
1149 2555 1294 2590 cochlea
1320 2555 1389 2589 dici
1415 2559 1450 2591 et
1474 2556 1632 2602 σαλάρης

155 2616 343 2658 pituitosos,
371 2616 403 2647 'm
430 2624 497 2657 quo
524 2616 593 2647 iota
619 2622 843 2656 suppressum
867 2615 904 2645 ut
927 2612 960 2644 in
986 2609 1094 2647 σαλός
1117 2612 1266 2654 pinguis,
1296 2611 1465 2655 stupidus,
1492 2615 1528 2645 ut
1554 2622 1629 2644 σια-

155 2669 380 2712 λοῑιά).λαγος
412 2668 428 2701 ὁ
456 2668 664 2715 παράληρος
687 2667 769 2704 HeS.
798 2676 841 2703 ex
859 2666 978 2704 σίαλος
996 2670 1030 2704 et
1046 2665 1199 2704 παλαιός
1214 2669 1441 2710 compositum
1462 2668 1533 2702 iota
1550 2676 1629 2702 ntu-

157 2729 227 2760 tato
256 2726 287 2758 in
314 2734 448 2767 gamma
474 2729 509 2759 ut
535 2726 643 2767 αιῖρέω
668 2724 787 2770 ἀγρέω
817 2727 884 2759 etc.
