1699 3021
260 134 265 138 ⁵
300 141 367 182 DE
399 138 687 183 NOMINIBUS
717 140 772 182 IN
801 145 826 181 v
851 139 1183 185 EXEUNTIBUS
1225 146 1266 186 C.
1291 146 1353 187 Ill.
1481 147 1566 188 199

91 260 180 290 rum
217 249 336 300 igitur
375 249 560 301 exemplo
593 249 826 302 Stephanus
857 254 1028 291 excusat
1053 245 1301 303 Ἀγκυρανός
1330 258 1370 294 et
1400 254 1436 295 si
1465 254 1561 306 quid

92 314 200 355 aliud
231 325 255 354 a
283 315 445 355 nomine
477 315 695 366 singularis
725 315 880 356 numeri
909 326 1022 356 more
1053 315 1181 356 latino
1217 316 1455 371 deflectitur,
1484 318 1558 359 sed

89 390 114 419 a
136 378 361 430 pluralibus
385 379 567 420 derivata
591 381 707 432 sequi
729 391 981 421 communem
1001 381 1247 421 Asianorum
1268 386 1418 435 typum,
1447 384 1558 423 Θυα-

87 441 282 496 τειρηνός,
315 446 357 484 Γ
353 443 554 498 αγγρηνός
584 451 626 486 ut
649 442 911 499 Ἀργυρηνός,
937 441 1204 499 Ἀνδειρηνός,
1229 442 1434 499 Ἀτρηνός,
1464 450 1557 488 Λω-

87 507 233 562 ρηνός,
276 509 490 563 Ζοαρηυός
527 516 602 552 etc.
643 522 775 563 neque
813 513 1100 563 praetermittit
1136 513 1256 553 etiam
1301 513 1490 553 feminine
1529 509 1554 566 ἡ

88 571 254 627 Γάγγρα
283 574 361 616 dici
392 581 433 616 ut
462 573 488 629 ἡ
518 580 558 617 et
586 572 636 616 τὰ
666 575 850 629 Βόστρα,
887 573 913 630 ἡ
944 583 983 618 et
1012 575 1062 618 τὰ
1092 575 1269 629 Γάδειρα
1305 581 1344 618 et
1382 577 1554 629 plurima

86 640 203 694 talia,
234 640 307 682 sed
340 641 390 681 ob
423 653 510 682 eam
535 653 701 683 causam
731 647 798 683 eta
826 644 989 694 generis
1019 644 1082 684 sui
1110 644 1318 695 proprium
1348 653 1432 683 non
1460 653 1553 683 mu-

83 710 189 757 tare3
219 717 294 746 uec
317 710 443 747 mutat
463 704 651 759 Σώτειρα
670 731 724 737 -—
742 705 1012 762 Σωτειρηνός.
1061 706 1310 761 Γαδειραυός
1333 719 1427 749 num
1449 720 1553 761 pro-

82 772 258 824 baverit,
289 783 369 823 quo
404 773 554 813 Strabo
585 774 728 827 utitur,
768 774 932 828 dubito,
968 786 1088 827 quum
1118 775 1360 827 praesertim
1389 776 1430 814 in
1461 774 1550 815 cod.

84 834 314 889 Γαδειρηνή
345 839 540 889 scriptum
580 839 644 879 sit.
702 839 784 880 Sed
823 840 982 881 duobus
1020 839 1226 881 secundae
1264 839 1550 881 declinationis

82 903 314 943 nominibus
354 902 555 954 duplicem
594 903 739 945 flexum
775 905 1003 946 concedere
1038 905 1216 946 videtur:
1259 901 1469 958 Βόςπορος
1498 928 1550 935 -—

81 963 308 1020 Βοςπόριος
336 965 405 1007 καὶ
435 965 700 1018 Βοςπορανός
729 967 798 1009 καὶ
827 967 1113 1023 Βοςπορηνός·
1143 970 1264 1022 διχῶς
1289 966 1367 1023 γὰρ
1396 968 1550 1022 λέγεται

78 1030 134 1082 ὡς
168 1031 397 1086 Τιβαρανός
425 1031 494 1073 καὶ
529 1031 776 1086 Τιβαρηνός,
813 1047 893 1087 quo
926 1036 1112 1087 exemplo
1143 1037 1409 1086 cognoscitur
1436 1036 1547 1077 illum

78 1100 128 1141 de
159 1095 423 1150 Βοςπορανός
460 1099 671 1150 loquutum
711 1111 827 1153 esse,
868 1100 976 1152 quod
1005 1100 1242 1141 Berckelius
1274 1112 1347 1151 pro
1383 1102 1546 1147 Βοςπο-

74 1162 218 1220 ριανός
246 1165 446 1215 restituit3
478 1164 663 1216 equidem
694 1166 882 1206 existimo
911 1170 1124 1216 utrumque
1156 1165 1288 1205 afferri
1321 1167 1546 1217 Βοςπορια-

71 1229 145 1279 νός
173 1229 242 1271 καὶ
270 1226 549 1281 Βοςπορανός,
580 1230 678 1270 illud
706 1228 876 1270 ἐθνικόν
902 1225 983 1271 ἀπὸ
1013 1227 1184 1270 ἐθνικοῦ
1215 1235 1256 1271 ut
1290 1227 1443 1282 Ζύγιος
1465 1233 1545 1271 Ζυ-

71 1293 231 1350 ssavos,
278 1295 449 1335 alterum
486 1297 615 1346 magis
655 1306 705 1335 ex
744 1295 870 1335 latina
909 1295 1206 1336 consuetudine
1245 1300 1288 1336 ut
1326 1295 1542 1349 Κιερανός,

71 1361 360 1405 Tibaranus.¹⁶
404 1360 552 1401 Verum
575 1363 660 1413 jam
688 1360 781 1412 plus
811 1361 1008 1412 temporis
1038 1372 1157 1413 quam
1188 1361 1332 1403 vellem
1361 1363 1402 1403 iu
1432 1362 1540 1404 huuc

67 1430 201 1470 locum
224 1425 414 1479 impendi,
436 1437 554 1477 quem
573 1426 820 1466 Ritschelius
846 1426 886 1466 ln
910 1427 1018 1467 Diss.
1044 1425 1092 1466 de
1118 1425 1199 1467 Oro
1223 1427 1337 1479 p.52.
1359 1432 1542 1470 tractas-

68 1498 133 1536 set
172 1492 434 1546 prosperius,
495 1491 530 1532 si
575 1491 626 1532 ab
675 1491 873 1544 exemplis
927 1493 1074 1532 fuisset
1124 1492 1376 1535 instructior.
1450 1495 1537 1536 Nec

69 1558 244 1609 despero
277 1557 365 1598 sore
395 1558 462 1609 qui
491 1569 620 1598 meam
654 1569 820 1609 operam
851 1558 987 1598 viucat
1009 1560 1234 1600 contractis
1257 1571 1360 1611 quae
1381 1559 1432 1601 ad
1452 1572 1537 1601 rem

63 1622 323 1675 judicandam
355 1633 459 1674 opus
489 1627 583 1664 sunt
613 1623 790 1675 undique
820 1622 1070 1665 omnibus.¹⁷
1088 1646 1141 1653 ——
1170 1624 1384 1678 Paragoga
1408 1636 1538 1678 gene-

67 1788 106 1823 ῑὸ
135 1786 283 1821 witmau
307 1785 534 1827 Κανα-Ίηνός·
565 1787 603 1819 ἔν
631 1796 699 1819 τισι
725 1786 763 1820 δέ
793 1788 853 1820 καὶ
880 1785 941 1821 διὰ
966 1787 1029 1820 τοῦ
1054 1792 1073 1819 ι’
1102 1786 1307 1832 γράφεται,
1342 1800 1461 1834 parum
1495 1802 1536 1827 ex

66 1844 206 1888 regula3
232 1841 381 1885 Κύψελα
399 1841 588 1887 Ἀρκαδίας
611 1862 650 1867 -
672 1843 732 1876 καὶ
752 1841 905 1887 Θράκης·
926 1842 964 1876 τὸ
985 1842 1133 1876 ἐθνικὸν
1152 1843 1356 1886 Κυψελΐνος
1376 1843 1393 1886 ἢ
1415 1848 1535 1890 Κυψε-

67 1898 180 1940 ληνός.

156 1952 213 1995 16)
249 1952 325 1986 Non
350 1952 415 1985 hoc
441 1956 554 1987 tamen
581 1952 776 1996 Stephanus
802 1952 863 1987 snb
890 1953 955 1986 hac
979 1962 1066 1987 voce
1102 1952 1206 1988 refert
1239 1953 1301 1988 sed
1326 1953 1535 1999 Τιβαρῆνιοι

65 2008 127 2041 καὶ
149 2009 351 2050 Τιβαρηνοί,
378 2007 436 2041 ubi
460 2008 536 2041 cod.
564 2007 671 2043 Rhed.
699 2018 759 2052 pro
786 2008 843 2041 illo
861 2007 1046 2051 Τιβάρνιοι
1072 2008 1234 2051 pl'aebet3
1264 2009 1536 2054 'l'cssct9q1soio{³g

66 2063 169 2107 ἡμεῖς
194 2061 392 2105 Τιβρανούς
414 2062 509 2097 Eust.
537 2063 579 2096 ad
605 2063 704 2097 Dion.
730 2063 806 2098 762.
856 2063 1028 2097 Primitivo
1055 2065 1205 2106 Τιβαροί
1229 2063 1424 2100 Hecataeus
1460 2068 1533 2100 uti-

64 2124 117 2153 tur
147 2128 201 2162 ap.
229 2117 348 2162 Steph.
385 2128 412 2151 s.
447 2116 645 2163 Χοιράδες,
679 2119 832 2154 derivato
873 2117 1070 2161 Ἰἰβαρηνός
1103 2117 1313 2162 Xenophon,
1348 2119 1533 2164 Diodorus,

63 2174 183 2209 Strabo
212 2173 329 2216 (cujus
356 2173 433 2207 libri
457 2175 588 2207 variant
611 2174 684 2208 XII.
712 2174 805 2216 540.)
830 2173 994 2207 Arrianus
1012 2174 1136 2216 Peripl.
1162 2173 1249 2207 Eux.
1280 2184 1312 2217 p.
1344 2175 1417 2210 120.
1448 2179 1532 2212 Βυς·

64 2227 235 2274 ποριανός
260 2239 320 2272 pro
351 2228 582 2272 Βοσποριανός
606 2228 820 2263 Jacobitzius
844 2232 938 2264 recte
964 2230 1112 2264 restituit
1135 2228 1276 2262 Lucian.
1303 2230 1402 2265 Alex.
1431 2232 1487 2266 57.

156 2296 212 2340 17)
246 2296 310 2330 Pro
334 2293 600 2338 Παρασῑακηνή
625 2296 834 2339 Theognost.
864 2296 937 2332 113.
975 2294 1193 2329 scribendum
1219 2295 1474 2338 Παραιτακηνὴ
1499 2307 1531 2332 Υ.

63 2351 212 2387 Ellendt.
243 2352 284 2386 ad
310 2351 531 2385 Arrian.⁴111.
567 2351 617 2393 19,
643 2353 674 2387 5.
701 2350 920 2395 Kodqognprrj
945 2349 1068 2384 Suidas
1095 2359 1234 2393 quoque
1262 2349 1366 2386 refert
1385 2351 1445 2386 sed
1467 2362 1531 2386 ac-

65 2411 166 2442 centu
191 2408 225 2440 in
250 2407 438 2450 penultima
461 2407 588 2449 posito.
635 2406 685 2441 Ex
710 2408 847 2442 nomine
874 2407 966 2441 Darii
996 2404 1185 2439 Codomani
1211 2405 1327 2448 colligi
1362 2407 1445 2442 licet
1469 2416 1531 2442 re—

65 2463 204 2504 gionem
235 2461 387 2496 Persidis
419 2460 638 2505 Κοδομηνήν
672 2461 798 2495 dictam
824 2470 915 2496 esse.
974 2461 1012 2495 In
1041 2460 1218 2503 bisyllabis
1244 2460 1385 2494 Arcadii
1409 2460 1529 2502 Ῥήνη.

64 2515 196 2556 σκήνη,
233 2516 347 2559 (stiur),
382 2516 491 2560 γλήνη
530 2515 547 2549 ὁ
576 2515 706 2559 ῥύπος·
733 2517 770 2549 τὸ
795 2518 919 2559 μένῐοι
947 2514 1057 2555 σκηνή
1083 2514 1245 2552 ὀξύνεται
1269 2517 1531 2562 προςηγορικὸν

64 2573 235 2615 περιέχον
259 2572 413 2609 ἔννοιαι»,
441 2582 500 2615 pro
528 2572 691 2615 barytono
720 2571 829 2612 σκήνη
864 2570 1083 2605 scribendum
1110 2574 1163 2606 est
1191 2569 1306 2614 σμήνη
1334 2581 1377 2607 ex
1402 2572 1529 2607 Herod,

64 2637 99 2658 π,
126 2628 217 2658 Mon⁸
247 2626 297 2661 16.
325 2627 380 2661 vel
414 2627 598 2671 utrobique
623 2626 743 2667 Σάνη,
780 2630 814 2662 et
845 2630 968 2669 postca
1001 2626 1229 2671 περιεκτικὴν
1260 2626 1347 2670 ἔχον
1377 2628 1531 2660 ἔννοιαν.

67 2682 102 2716 ln
128 2680 280 2724 Theogn.
313 2681 385 2718 113.
415 2681 511 2722 Σὴνη
543 2681 560 2723 ἢ
597 2682 708 2720 πόλις,
746 2682 931 2727 οῦχηουνν,
959 2700 999 2706 -
1026 2680 1168 2717 forsitan
1201 2681 1303 2717 suerit
1335 2681 1431 2724 Βὴνη
1467 2683 1535 2728 οὐχ
