1747 3005
116 756 161 763 -
228 707 269 751 §.
303 701 338 743 1.
395 702 652 744 Herodianus
688 716 728 743 π.
760 705 872 743 Μον.
915 715 952 755 p.
982 703 1047 745 34.
1086 701 1266 754 regulam
1306 700 1511 742 nominum
1550 700 1589 740 in

118 781 168 816 ας
193 778 336 819 purum
366 769 599 809 exeuntium
629 781 855 821 exponens,
893 765 1061 821 βορέας,
1101 766 1363 820 δρακοντίας,
1407 762 1587 815 Μινύας,

117 832 229 874 addit
272 833 423 885 μυρίον
460 831 545 873 ἐστὶ
583 836 745 887 πλῆθος
789 832 991 875 τοιούτων
1030 830 1257 886 ὀνομάτων.
1324 833 1438 872 Hanc
1487 842 1586 872 vero

115 897 326 938 milliarem
357 899 568 940 cohortem
600 900 870 952 particulatim
901 900 1104 940 distribuit
1137 899 1430 940 Grammaticus
1457 897 1587 938 Cram.

114 963 177 1005 IV.
206 962 298 1005 335.
330 961 407 1004 ὅσα
435 964 491 1012 εἰς
520 956 568 1013 οῖς
596 962 787 1016 καθαρὸν
805 962 907 1016 ὑπὲρ
935 962 1013 1005 δύο
1044 961 1265 1017 συλλαβὰς,
1304 964 1362 1019 τῷ
1391 971 1412 1003 ῖ
1449 977 1588 1014 παροι-

111 1024 275 1082 λήγεται
305 1030 475 1077 Νικίας·
503 1028 530 1084 ἢ
559 1032 615 1087 τῷ
643 1023 668 1072 Ξ
692 1027 865 1083 Αὐγέας,
902 1028 1090 1078 Πυθέας·
1120 1028 1146 1083 ἢ
1174 1031 1232 1085 τῷ
1270 1020 1304 1069 {t
1339 1028 1529 1075 Αἰνείας·
1558 1024 1586 1080 ἢ

111 1095 169 1150 τῷ
197 1092 229 1135 ὖ
255 1092 476 1147 Μαρσύας.
535 1097 610 1138 Hic
639 1099 760 1149 igitur
790 1109 840 1138 ex
873 1097 1125 1149 simplicibus
1157 1094 1370 1135 vocalibus
1409 1092 1587 1134 excludit

112 1159 235 1211 alpha
263 1164 303 1201 et
334 1166 410 1214 eta,
442 1166 481 1202 et
514 1162 790 1215 diphthongos
824 1174 964 1203 omnes
1000 1166 1163 1214 praeter
1192 1151 1240 1201 ἔῖ.
1293 1160 1380 1200 Hos
1418 1159 1586 1199 cancel·-

111 1224 176 1265 los
204 1237 309 1276 quae
339 1227 612 1280 egrediuntur,
639 1228 706 1268 ille
729 1233 796 1268 aut
816 1228 934 1267 aliter
955 1229 1110 1278 scripta
1129 1226 1281 1266 invenit
1304 1229 1372 1266 aut
1392 1236 1415 1264 a
1433 1235 1584 1276 graeco

110 1301 225 1331 more
255 1302 403 1331 aversa
432 1294 610 1343 putavit:
640 1293 840 1344 Αἰχμαίας
868 1293 1100 1342 Pythiorum
1131 1293 1263 1331 victor
1292 1291 1411 1330 Paus.
1441 1290 1487 1330 X.
1518 1289 1583 1342 33,

108 1355 146 1397 8.
177 1367 253 1407 pro
285 1367 364 1408 quo
397 1356 486 1397 cod.
516 1357 640 1408 Lugd.
670 1355 847 1410 Αἰχμέας
876 1358 1060 1410 praebet,
1096 1357 1362 1407 similiterque
1388 1350 1584 1406 Ἀμμαίας

111 1420 233 1462 Thuc.
263 1421 326 1462 III.
358 1422 421 1463 22.
452 1422 543 1462 libri
580 1423 719 1464 vitiosi
758 1435 832 1475 pro
868 1418 1041 1475 Ἀμμέας
1079 1422 1209 1474 (recte
1250 1433 1348 1461 vero
1389 1415 1583 1472 Ἀμμαῖος

108 1486 296 1538 Dionysii
324 1488 412 1530 Hal.
445 1488 674 1542 familiaris)
704 1487 929 1540 Αἰσχραίας
966 1488 1114 1529 Herod.
1156 1487 1254 1528 VIII.
1296 1485 1359 1528 11.
1399 1497 1473 1538 pro
1512 1485 1584 1526 Αἰ-

108 1549 272 1605 σχρέας,
322 1557 402 1594 tum
441 1554 621 1605 Κεραίας
660 1555 834 1606 Philippi
873 1555 1107 1605 praefectus
1145 1553 1287 1603 Polyb.
1327 1552 1371 1591 V.
1405 1551 1476 1604 ¹70,
1520 1550 1583 1593 10.

109 1628 227 1669 quem
259 1619 529 1659 Casaubonus
561 1631 709 1660 nomen
739 1621 945 1661 Chaereas
976 1619 1169 1659 habuisse
1191 1617 1438 1668 suspicatur,
1470 1617 1582 1668 Κρα-

107 1682 222 1730 ταίας
250 1684 441 1725 Archelai
470 1685 710 1726 interseetor
740 1686 780 1725 in
811 1685 996 1725 omnibus
1026 1683 1141 1723 libris
1164 1683 1335 1722 Aristot.
1365 1681 1451 1722 Pol.
1481 1682 1525 1722 V.
1543 1680 1582 1723 8.

108 1747 183 1789 sed
220 1749 389 1790 eundem
430 1748 619 1803 Κρατέαν
656 1751 797 1791 vocari
837 1749 1111 1792 Schneiderus
1157 1747 1362 1799 ostendit3
1395 1742 1582 1800 Ἰμίλκων

112 1815 304 1867 Φαμαιάς
345 1816 520 1868 Appiam.
558 1816 654 1857 Pun.
687 1828 720 1857 c.
751 1816 815 1857 97.
855 1816 922 1868 qui
963 1827 986 1855 a
1023 1815 1185 1855 Zonara
1228 1809 1393 1866 Φαβέας
1422 1812 1581 1866 dieitur,

107 1881 317 1933 piscisque
356 1892 504 1922 nomeu
545 1893 804 1935 summopere
843 1881 1041 1921 variatum
1071 1880 1257 1931 περαίας,
1285 1874 1441 1931 περέας,
1471 1892 1581 1931 παρ-

107 1945 208 1996 δίας,
239 1950 407 1999 φεραῖος
438 1947 563 1988 Arist.
593 1947 638 1988 H.
669 1949 772 1988 Anu.
804 1947 902 1987 VIII.
933 1946 969 1987 2.
1001 1958 1038 1998 p.
1059 1946 1150 1987 591.
1182 1957 1216 1986 a.
1249 1944 1313 1986 23.
1338 1936 1504 1991 Ἀλεύας
1539 1949 1579 1985 et

107 2010 342 2065 Κρατεύας,
383 2023 554 2064 quorum
591 2013 689 2053 illud
728 2024 817 2053 cum
852 2008 985 2059 Ἀλεός
1023 2016 1063 2053 et
1093 2007 1340 2061 ἀλεύασθαι,
1380 2010 1460 2050 hoc
1489 2021 1579 2051 cum

108 2075 277 2131 Κράτης
307 2083 346 2119 et
376 2074 563 2129 Κρατέας
593 2078 799 2131 congruit,
838 2078 1018 2118 fortasse
1049 2082 1270 2130 propterea
1309 2077 1445 2137 omisit
1485 2077 1581 2128 quia

34 2155 41 2160 ·
110 2144 323 2195 epenthesi
353 2148 474 2184 aucta
505 2144 660 2194 putavit
690 2148 733 2184 ut
762 2140 933 2191 Κλεύας.
993 2143 1295 2195 Diphthongum
1316 2156 1355 2181 οι
1379 2142 1582 2182 voeabula

109 2219 259 2260 graeca
288 2209 537 2260 πατραλοίας
568 2214 607 2249 et
636 2209 882 2262 μητραλοίας
901 2220 924 2248 a
946 2209 1148 2261 primitivo
1171 2207 1384 2249 deductam
1402 2207 1578 2257 habent3

111 2273 214 2314 demi
246 2275 358 2314 attici
383 2270 592 2326 Ἐροιάὸαι
623 2281 662 2316 et
693 2276 847 2328 proprii
879 2271 1124 2325 Χαροιάδης,
1156 2272 1264 2325 quod
1304 2278 1342 2313 et
1371 2269 1581 2324 Χαριάδης

112 2340 304 2380 scribitur
335 2352 370 2380 v,
402 2341 572 2392 Interpr.
605 2341 655 2381 ad
687 2341 809 2381 Thuc.
840 2340 886 2380 II.
918 2339 984 2381 86.
1019 2340 1133 2391 origo
1165 2340 1306 2389 ignota
1336 2342 1421 2389 est3
1459 2338 1580 2378 Butt-

110 2415 258 2445 manno
292 2405 418 2446 Lexil.
449 2406 476 2446 1:
509 2406 597 2448 146.
629 2408 663 2448 si
695 2407 785 2458 quis
817 2406 1067 2446 assentiatur
1098 2402 1157 2455 ἔρι
1190 2408 1229 2444 et
1258 2399 1380 2456 εὐρύ,
1404 2398 1581 2454 Ἔρυτος

111 2475 149 2512 et
177 2467 369 2521 Εὔρυτος
398 2482 524 2512 voces
565 2477 763 2524 cognatas
804 2483 917 2523 csse,
956 2469 1060 2510 haud
1098 2469 1334 2521 gravabitur
1367 2464 1581 2522 Ἐροιάδης

111 2546 186 2588 pro
227 2530 451 2589 Εὐρυτίδης
489 2538 691 2590 accipere.
758 2537 904 2577 Parum
943 2535 1198 2587 exploratum
1239 2539 1301 2575 est
1327 2529 1509 2587 Ἀρκοίας
1539 2535 1580 2575 in

110 2600 238 2643 Inscr.
267 2602 486 2654 Tegeatica
516 2615 552 2644 v.
583 2603 681 2644 Keil.
719 2602 853 2643 Anall.
893 2601 1029 2654 Epigr.
1060 2613 1097 2654 p.
1128 2601 1191 2642 75.
1229 2601 1407 2653 Γαροίας
1442 2600 1580 2641 Indiae

112 2666 256 2712 fluvius
285 2667 444 2710 Arrian.
501 2668 738 2720 Aequaliter
768 2668 945 2711 barbara
974 2671 1069 2709 sunt
1101 2663 1319 2719 Βραδούας
1348 2679 1381 2710 v.
1413 2667 1578 2719 Kayser.
