1747 3005
255 162 321 203 DE
341 160 468 204 NOM.
492 159 710 209 QUORUM
730 159 879 201 CHAR.
902 157 1003 199 EST
1023 155 1195 199 SIGMA.
1228 158 1268 199 C.
1290 157 1315 198 1.
1343 162 1381 206 ᾖ.
1400 158 1436 200 2.
1493 158 1588 201 409

122 271 214 314 671.
253 270 326 311 sed
356 281 481 322 saepe
511 270 631 310 etiam
661 268 842 320 Mylassa
871 266 978 319 apud
1008 265 1219 318 utriusque
1249 265 1410 317 liiiguae
1440 270 1588 308 aucto-

122 347 201 376 res.
258 336 463 376 Feininina
492 334 693 375 Arcadius
724 346 760 386 p.
791 333 855 374 97.
887 333 963 373 tria
993 332 1141 383 promit
1178 328 1390 384 θάλασσα,
1429 329 1589 373 ἄνασσα

121 405 161 441 et
189 397 403 452 θέρμασσα
434 395 459 453 ἡ
489 397 672 451 κάμινος,
705 402 820 450 cujus
842 397 1032 448 analogia
1052 408 1135 436 non
1157 398 1256 439 satis
1278 398 1430 449 liquet3
1461 410 1587 450 quar—

121 471 204 506 tum
234 466 464 517 Hesychius
493 466 658 517 subjicit
693 461 899 517 μαράσσαι
930 463 1027 514 (hoc
1070 465 1259 507 accentu)
1299 460 1419 509 κύνες
1458 461 1484 516 ἢ
1521 461 1587 516 ὄρ-

117 533 243 581 mot-g,
275 531 384 583 quod
414 542 531 570 nemo
554 531 677 570 novit.
736 528 999 569 Penultiniam
1025 527 1189 567 brevem
1209 528 1359 568 habent
1382 527 1587 583 Περγασὴ,

122 596 314 648 Παγασαί
333 596 387 647 (v.
410 596 626 646 Goettling.
645 595 692 635 de
708 596 804 635 Acc.
828 595 937 647 1:37.)
976 589 1196 644 Τραγασαι,
1228 595 1344 644 cujus
1376 600 1588 637 accentum

119 662 218 702 nure
255 662 414 701 variant
454 661 569 701 codd.
600 660 699 700 Poll.
731 660 791 700 VI.
825 660 912 701 1133.
971 660 1030 699 De
1074 659 1227 698 Dianae
1260 658 1477 709 Scythicae
1507 672 1588 701 no—

118 727 224 767 mine
248 724 497 778 Ἀρτίμπασα
534 726 631 766 ῃίΙιίΙ
663 730 847 778 constat,
886 735 962 765 nec
992 724 1040 764 de
1071 724 1276 764 Laconi00
1310 724 1421 764 sonte
1459 726 1589 766 Τίασα

118 792 238 832 Paus.
268 792 332 832 III,
366 791 427 833 18.
459 803 576 843 quein
607 791 842 831 Athenaeus
879 791 1058 830 Τίασσον
1086 793 1220 842 vocat,
1252 794 1289 829 et
1318 790 1417 830 urbe
1444 791 1587 833 Curiae

121 854 350 907 Πλάρασσα
379 857 466 901 sive
500 853 712 906 Πλάρασα.
770 856 985 896 Nominum
1018 855 1160 895 tertiae
1192 854 1476 897 declinationis
1501 858 1586 899 sere

119 923 295 962 omnium
327 922 441 972 origo
473 922 688 972 peregrina
734 920 796 960 vel
835 924 944 960 certe
973 921 1114 971 ignota
1142 924 1206 960 est
1234 922 1475 973 καμασῆνες,
1506 920 1587 963 φεύ-ὲ

115 996 282 1037 πασσις,
333 992 372 1027 et
419 987 680 1037 propriorum
728 982 885 1032 Λῦασις
924 986 1010 1026 sive
1039 983 1203 1034 Ὄασις,
1249 983 1457 1038 Πατρασις
1499 989 1586 1030 sive

120 1050 368 1104 Πάτρασσυς
398 1057 439 1092 ut
464 1049 717 1104 ”Ολγασσυς,
750 1049 973 1099 Σκώπασις
1012 1051 1166 1102 Scytha
1203 1051 1351 1093 Herod.
1390 1053 1451 1094 IV.
1493 1054 1582 1096 120-

117 1122 162 1159 ut
203 1119 413 1159 Carthasis
454 1118 562 1159 Curt.
602 1118 681 1158 vll.
720 1117 792 1170 29,
825 1117 858 1158 1.
887 1117 1093 1169 Hyphasis
1133 1116 1276 1156 fluvius
1317 1118 1383 1169 qui
1420 1122 1459 1159 et
1498 1120 1587 1171 Hy—

118 1185 236 1236 panis
268 1184 413 1224 dioitur
444 1183 563 1234 alpha
595 1183 721 1224 brevi.
755 1207 796 1212 —
842 1179 903 1222 Τὰ
931 1179 998 1223 διὰ
1025 1182 1100 1221 τοῦ
1128 1192 1242 1229 αισος
1271 1178 1372 1235 ὑπὲρ
1391 1182 1470 1224 δύο
1496 1187 1587 1225 συλ-

115 1246 242 1301 λαβὰς
272 1245 424 1289 σπάνιά
454 1248 550 1298 εἰσι,
570 1245 789 1301 ’Ἀπαισος,
831 1245 1035 1297 κέλαισος,
1075 1244 1271 1299 κάβαισος
1307 1244 1330 1288 ὁ
1372 1245 1587 1304 ἄπληστος,

118 1317 159 1354 Γ
157 1317 299 1361 ναῖσος
329 1311 460 1365 ὄνομα
488 1313 697 1364 ποταμοῦ·
733 1308 780 1352 τὸ
807 1311 1010 1362 παραισός
1038 1309 1171 1365 μόνον
1198 1309 1377 1362 ὀξυνθὲυ
1404 1311 1480 1366 τὴν
1508 1311 1588 1356 αὐ-

115 1375 191 1432 τὴν
218 1375 386 1432 γραφὴν
414 1382 499 1424 τοῖς
528 1375 772 1430 βαρυτόυοις
812 1374 1022 1430 ἐφύλαξεν.
1079 1378 1233 1419 Horum
1272 1379 1441 1430 primum
1479 1381 1586 1432 apud

115 1445 333 1487 Homerum
365 1447 578 1494 oxylonon
608 1447 672 1483 est
698 1439 894 1483 Ἀπαισοῦ
925 1439 980 1491 ὡς
1020 1439 1201 1496 ἀγαυοῦ·
1240 1441 1309 1484 καὶ
1349 1444 1446 1492 ἴσως
1483 1443 1587 1486 ἀκο-

115 1507 284 1557 λούθως
312 1510 369 1565 τῷ
404 1505 561 1556 Παισός
592 1509 685 1550 Sch.
714 1509 761 1549 A.
793 1509 843 1550 ad
872 1510 914 1550 Il.
945 1510 973 1551 Ι.
1003 1509 1095 1551 828.
1124 1520 1216 1549 nam
1254 1509 1374 1561 alpha
1412 1510 1588 1561 pleona-

117 1577 275 1629 stioum,
306 1580 349 1615 ut
378 1576 482 1614 idem
513 1573 609 1614 dicit
640 1573 690 1614 ad
721 1574 818 1615 VIII.
854 1574 941 1616 178.
973 1579 1185 1615 accentum
1215 1586 1299 1615 non
1328 1579 1477 1626 mutat3
1509 1588 1583 1628 pro

115 1638 301 1687 κέλαισος
329 1650 436 1679 nunc
465 1639 563 1678 nihil
594 1639 795 1679 succurrit
828 1643 991 1690 praeter
1010 1637 1212 1693 ΓἈλαισος7
1243 1639 1349 1680 unde
1389 1641 1486 1681 urbs
1519 1643 1588 1683 Si-

118 1707 235 1747 ciliae
263 1703 436 1745 ”Αλαισα
471 1704 741 1744 denominata.
802 1705 980 1752 Γναῖσος
1018 1705 1059 1744 in
1100 1702 1303 1752 Γάλαισος
1341 1707 1587 1761 mutandum,

117 1771 155 1812 id
186 1772 290 1812 enim
319 1770 427 1810 fluvii
456 1780 604 1809 nomen
635 1768 743 1820 quod
774 1770 939 1822 saepius
971 1781 1044 1821 per
1074 1774 1140 1810 eta
1181 1770 1373 1810 scribitur
1415 1771 1589 1815 Galesus

117 1841 161 1877 ut
191 1836 410 1877 Halesus.5
467 1836 525 1875 De
556 1839 765 1886 postremo
798 1846 875 1874 nos
907 1840 1045 1876 certos
1075 1835 1206 1876 reddit
1238 1835 1468 1887 Stephanus
1503 1837 1588 1879 Πά-

118 1911 260 1955 ραισος
305 1897 557 1953 (Παραισός)
595 1897 684 1951 περὶ
726 1891 775 1951 ’ἧς
805 1895 1060 1952 ’Πρωόιανὸς
1098 1898 1142 1941 ἐν
1170 1897 1331 1956 ὀγδόῳ·
1368 1898 1416 1942 τὸ
1450 1901 1588 1955 μέντοι

122 1965 335 2019 Πάραισος
364 1962 551 2014 ὀξύνεται
581 1989 633 1993 —-
665 1964 792 2004 Μίνω
832 1962 1030 2019 συγγενὴς
1068 1962 1144 2019 ἀφ’
1186 1959 1238 2007 οὗ
1275 1963 1299 2020 ἡ
1337 1965 1454 2016 πόλις
1491 1968 1586 2022 ὁμο-

116 2030 248 2080 τόνως
274 2033 332 2087 τῷ
361 2031 543 2084 οἰκιστῇ,
584 2031 650 2070 ubi
688 2031 889 2081 particula
927 2027 1066 2083 μέντοι
1106 2033 1285 2074 ostendit
1315 2033 1588 2078 Herodianum

118 2103 240 2138 antea
277 2098 487 2149 loquutum
538 2108 633 2136 esse
682 2095 730 2136 dc
775 2095 1001 2147 barytouis.
1069 2097 1308 2139 Holstenius
1349 2099 1454 2141 idem
1494 2113 1589 2144 esse

118 2175 267 2204 nomen
297 2168 410 2215 putat
433 2162 641 2214 Πρίαισος.
692 2161 872 2201 Alterius
894 2162 1131 2214 diphthongi
1153 2164 1338 2215 exempla
1357 2167 1590 2210 rarIsssima

119 2234 226 2281 sunt,
256 2226 464 2280 βάναυσος
502 2226 610 2279 quod
642 2237 891 2278 paragogum
923 2229 1060 2280 potius
1090 2228 1266 2281 videtur,
1309 2233 1352 2269 ut
1388 2231 1589 2274 ArcudIus

119 2295 274 2347 statuit,
305 2305 423 2345 quam
454 2293 726 2345 compositum
758 2304 781 2332 a
811 2293 936 2334 verbo
967 2291 1057 2334 αὕω
1088 2295 1173 2336 ΕΜ.
1205 2300 1243 2335 et
1262 2290 1484 2348 Νὲμαυσος
1508 2294 1590 2340 ἀπὸ

121 2357 346 2411 Νεμαύσου
367 2355 636 2415 (Ηρακλείὸου
668 2357 803 2409 Steph.

232 2430 270 2473 §.
300 2424 336 2466 2.
393 2425 634 2465 Nominibus
674 2424 713 2463 in
743 2413 843 2471 α-σο-(ς
872 2426 1113 2466 exeuntibus
1144 2426 1344 2467 ArcudIus
1385 2439 1434 2468 ex
1464 2430 1591 2470 abru—

123 2496 192 2542 pto
224 2490 429 2541 subjungit
449 2487 638 2543 ’Έφεσος,
658 2486 838 2543 ’Έρεσος
868 2489 914 2530 τὸ
947 2487 1084 2543 μέντοι
1117 2489 1299 2540 Θυεσσός
1326 2490 1403 2534 δύο
1425 2485 1479 2535 E}
1498 2492 1591 2548 ἕχον

212 2638 250 2680 5)
276 2637 461 2672 Monaesns
487 2638 550 2671 viri
576 2646 701 2673 nomen
725 2637 786 2672 Sil.
814 2638 888 2673 Ital.
915 2639 988 2673 VII.
1015 2639 1091 2674 604.
1130 2641 1162 2672 in
1195 2640 1272 2674 aliis
1306 2640 1393 2676 Edd.
1427 2641 1593 2679 Monesus

127 2698 160 2727 ul
189 2694 300 2736 gentis
327 2702 449 2729 nornen
475 2693 560 2727 Plin.
589 2692 643 2727 IV.
671 2692 726 2728 33.
754 2692 905 2731 Γόαισος
932 2695 1014 2730 item
1041 2694 1189 2730 hominis
1219 2694 1366 2730 barbari.
