1731 3021
157 148 197 185 X
629 141 1154 185 PRAEFATIO.

165 258 246 304 sub
294 257 419 302 titulo
464 256 630 314 Virgilii
669 258 904 302 Christiani
951 258 1044 302 sive
1091 255 1442 312 evangelizantis
1489 253 1638 300 edidit.

164 338 248 391 Qui
286 338 322 381 si
358 337 487 380 nimis
517 337 670 380 novitii
705 335 992 395 videbuntur,
1039 335 1126 381 hoc
1174 338 1292 380 certe
1336 336 1442 379 vitio
1489 337 1641 378 carent

162 415 397 474 Prudentii,
437 414 604 459 Sedulii
651 418 694 459 et
740 415 991 471 aequalium
1040 414 1214 458 cantica
1261 413 1408 457 verbis
1449 410 1640 469 horrida,

165 494 374 540 sensibus
422 491 595 537 absona
638 494 852 549 pariaque
896 493 959 536 illi
1005 493 1138 536 aetati
1185 503 1273 549 qua
1310 492 1452 536 omnis
1490 501 1560 534 ars
1598 492 1642 534 et

168 575 313 618 omnia
359 570 506 616 studia
551 570 777 615 doctrinae
822 572 867 614 in
905 570 1098 614 sterilem
1135 569 1516 625 dogmatologiam
1554 566 1642 612 de-

168 653 447 708 generarunt.
515 648 722 705 Denique
759 648 865 692 nihil
902 648 1098 693 obstabit
1141 648 1377 705 quominus
1415 658 1512 692 cum
1542 645 1642 689 Ho—

168 741 288 774 mero
338 730 627 772 commutetur
669 726 855 770 Nonnus
902 726 1220 782 Paraphrastes
1265 737 1453 782 cumque
1498 724 1645 780 poetis

168 809 348 863 tragicis
386 804 657 849 melodrama
693 803 934 862 paschale,
974 802 1096 860 quod
1133 803 1349 859 theologo
1388 800 1646 859 Cappadoci

169 885 431 941 inscribitur,
469 882 541 926 vel
577 880 810 937 tragoedia
845 881 1109 940 Ezechielis,
1145 881 1307 938 hisque
1348 879 1648 936 adjungantur

169 960 540 1009 chrestomathiae
577 971 752 1004 macrae
792 963 835 1003 et
863 959 1099 1019 marcidae,
1123 958 1353 1018 ssoi‘ilegia,
1375 959 1506 1003 orbes
1527 957 1647 1016 picti,

169 1039 435 1098 compendia
469 1037 733 1082 Hollaziana
771 1042 815 1082 et
851 1041 999 1082 cetera
1036 1036 1298 1095 disciplinae
1333 1039 1648 1082 intermortuae

170 1121 474 1166 instrumenta.
539 1115 667 1161 Hunc
703 1117 747 1160 in
785 1128 939 1174 gyrum
978 1118 1015 1160 si
1050 1116 1273 1161 literarum
1299 1116 1493 1161 cultores
1516 1126 1647 1159 com-

169 1199 287 1257 pulsi
333 1197 492 1241 suerint
543 1198 586 1239 et
631 1195 669 1238 si
713 1193 894 1239 redivivi
941 1193 1219 1251 Hoogstratii
1262 1197 1306 1239 et
1350 1193 1651 1238 Pseffercornii

171 1275 391 1336 politioris
422 1272 704 1317 humanitatis
738 1272 1034 1317 subtraxerint
1060 1274 1324 1318 nutrimenta
1355 1275 1515 1332 omnia,
1549 1272 1652 1329 quis

175 1353 338 1400 deinde
373 1352 450 1397 illa
483 1354 666 1395 aeterna
702 1350 878 1395 humani
908 1353 1075 1408 ingenii
1108 1353 1379 1396 monimenta
1400 1351 1649 1409 suspiciet?

175 1435 274 1493 quis
299 1430 566 1497 scrutabitur
588 1433 763 1475 secreta
798 1433 982 1474 naturae
1018 1430 1251 1475 verborum
1289 1428 1651 1474 architectaele-

175 1524 347 1570 gesque
365 1509 526 1568 quibus
548 1510 647 1566 ipsa
670 1510 860 1554 serviat?
882 1507 1034 1552 Vanus
1058 1507 1244 1553 forsitan
1263 1507 1333 1553 hic
1354 1507 1484 1552 suerit
1509 1510 1654 1552 metus

174 1601 410 1647 vanaeque
459 1588 564 1632 illac
614 1588 904 1632 obscurorum
939 1589 1130 1632 virorum
1167 1585 1533 1647 machinationes,
1571 1584 1653 1630 sed

177 1672 213 1715 si
261 1667 366 1726 quid
416 1668 494 1711 atri
540 1668 760 1725 imminet,
808 1666 1039 1723 plurimum
1090 1668 1208 1709 certe
1255 1665 1535 1710 contribuent
1579 1666 1653 1710 isti

175 1749 327 1793 inertis
365 1745 504 1790 seculi
541 1757 792 1802 praecones
847 1754 1089 1800 eorumque
1125 1744 1298 1799 patroni
1335 1747 1378 1787 et
1412 1742 1653 1788 mandato-

178 1839 261 1872 res.
344 1825 510 1880 Scripsi
555 1823 823 1880 Regimontii
870 1823 1130 1867 Prussorum
1178 1819 1380 1867 calendis
1424 1821 1554 1877 Maiis
1599 1821 1652 1867 A.

174 1902 516 1952 MDCCCXLIII.
