1747 3005
239 170 308 212 DE
338 168 464 212 NOM.
493 167 628 210 Puni.
658 166 862 210 nncmN.
891 165 947 208 IN
966 156 1015 214 οῖ,-
1041 164 1231 208 runnu.
1264 173 1303 218 ς.
1334 169 1372 213 8.
1457 171 1550 216 509

80 279 213 334 θίνης.
272 279 371 320 Tum
411 278 532 320 etiam
573 276 682 330 quod
722 275 838 318 deest
875 276 1082 329 complere
1118 283 1295 330 possunt
1334 281 1550 334 adjectiva,

80 357 185 400 quae
215 356 342 397 saepe
372 356 462 385 cnm
490 344 571 384 illis
603 343 845 384 consociata
875 348 970 384 sunt
1000 343 1087 395 βίος
1115 342 1334 398 κομπώδης
1361 345 1430 387 καὶ
1448 364 1552 402 φρυ-

81 412 278 465 αγματίας
306 409 509 451 Plutarch.
541 409 584 449 V.
615 410 762 449 Anien.
792 408 838 449 ll.
868 419 945 449 neo
985 409 1114 450 differt
1142 408 1326 463 ποταμὸς
1354 415 1553 466 κυματίας

83 490 107 519 a
135 473 388 530 κυματώδης,
418 475 483 515 vel
520 471 632 527 ἥλιος
660 471 843 526 λαμπρὸς
883 472 951 514 καὶ
988 471 1044 528 μὴ
1081 477 1306 528 καυματίας
1351 480 1550 533 Theophr.

83 544 194 595 Sign.
236 542 346 582 Pluv.
386 541 447 581 IV.
486 541 513 581 Ι.
554 540 645 581 797.
689 552 712 580 a
749 536 1031 593 καυματώδης.
1100 543 1233 595 Atque
1281 544 1382 586 haec
1431 548 1552 590 etiam

81 608 231 649 auxilio
263 610 506 647 succurrunt
547 606 614 645 ubi
655 606 856 647 femininis
897 618 1001 658 opus
1033 613 1118 662 est,
1155 609 1372 662 διφθερίας
1410 617 1450 653 et
1488 612 1554 653 δι-

81 677 267 728 φθερῖτις
296 682 501 724 personae
531 672 713 711 comicae
745 672 844 712 Poll.
872 667 1111 726 ὀφθαλμίας
1140 672 1256 723 ἀετός
1286 676 1488 729 Lycophr.
1513 683 1554 720 et

76 737 235 794 Ἀθηνᾶ
253 734 500 791 ὀφθαλμῖτις
518 736 638 777 Paus.
661 739 874 778 ostrace'as
894 740 983 779 sice
1007 743 1225 782 ostracitis
1243 742 1342 783 Plin.
1362 743 1553 787 XXXVII.

83 807 148 849 65.
179 801 345 857 ὀροβίας
384 808 423 843 et
467 798 654 855 ὀροβιαία
693 809 766 845 etc.
835 804 910 844 Est
948 816 1047 845 vero
1080 807 1199 848 etiam
1231 808 1311 849 illis
1343 810 1554 862 proprium

84 872 366 914 lemininorum
395 879 546 922 genus,
586 868 695 920 quod
736 869 786 910 ad
816 870 1116 912 similitudinem
1145 873 1340 914 motionis
1371 875 1553 916 accedit:

85 934 276 983 ἀκοντίοις
305 931 508 984 ἀκοντιάς,
553 934 797 986 δρακοντίας
833 933 1095 989 δρακοντιάς,
1138 933 1320 990 ὀρεστίας
1358 935 1553 996 ὀρεστιάς,

84 1015 218 1057 neque
248 1007 382 1043 tamen
412 1012 460 1041 ea
489 1011 586 1040 vera
617 1004 657 1040 et
687 1002 855 1053 propria
884 1008 947 1043 est
975 1004 1100 1044 motio
1132 1004 1205 1045 sed
1244 1006 1382 1058 potius
1422 1006 1556 1048 deno-

84 1070 266 1122 minatio,
296 1072 339 1108 ut
371 1079 394 1108 a
425 1062 581 1118 Βορέας
610 1067 935 1118 patronymicum
966 1066 1134 1120 Βορεάς,
1166 1070 1215 1111 ab
1245 1072 1459 1113 inventore
1481 1073 1557 1114 Di-

86 1137 154 1177 nia
185 1135 416 1176 calceorum
446 1143 576 1183 genus
606 1128 799 1179 ὁεινιάδες
828 1137 871 1173 ut
910 1129 1157 1186 ἀλκιβιάδες,
1201 1141 1240 1177 et
1277 1134 1451 1185 τελεσιὰς
1490 1135 1556 1192 ὅρ-

85 1211 200 1255 χησις
228 1196 309 1240 ἀπὸ
346 1200 534 1239 Τελεσίου
562 1194 747 1249 τοῦνομα
774 1199 961 1251 λαβοῦσα
975 1201 1064 1241 Ath.
1092 1201 1192 1243 XIV.
1214 1202 1305 1244 630.
1323 1204 1370 1245 A.
1394 1199 1557 1256 Ἀδρίας

86 1265 250 1316 κόλπος,
275 1261 437 1315 Ἀδρίας
467 1261 670 1313 θάλασσα,
701 1262 864 1304 Μιλύαι
893 1276 1016 1319 gens,
1047 1264 1216 1315 Μιλυάς
1253 1272 1381 1323 terra,
1413 1273 1557 1322 cujus-

86 1332 195 1375 modi
224 1331 415 1372 seminina
444 1341 526 1370 non
556 1330 689 1370 solum
721 1342 744 1370 a
772 1331 1010 1372 masculinis
1043 1333 1228 1373 oriuntur
1256 1334 1330 1374 sed
1349 1335 1557 1377 undelibet

88 1395 260 1451 Σπάρτη
295 1393 529 1448 Σπαρτιάς,
569 1396 708 1448 Δῆλος
737 1393 893 1449 Αηλιάς
924 1401 1000 1438 etc.
1058 1398 1188 1438 Verae
1227 1404 1361 1441 autem
1392 1406 1432 1441 et
1459 1412 1558 1453 ger-

87 1476 233 1508 manae
272 1463 466 1505 motionis
499 1462 726 1514 exemplum
757 1462 917 1502 unicum
948 1467 1012 1503 est
1042 1463 1152 1517 illud,
1182 1465 1292 1517 quod
1321 1467 1362 1507 in
1392 1467 1499 1509 Diss.
1530 1468 1558 1510 I.

90 1544 124 1573 c.
148 1531 194 1572 II.
225 1534 263 1578 §.
284 1529 320 1571 6.
349 1528 499 1582 protuli
515 1528 659 1580 ταμίας
685 1526 820 1579 ταμία,
855 1538 948 1568 nam
964 1530 1128 1576 νεανίας
1146 1531 1376 1573 femininum
1397 1533 1558 1585 quidem

87 1598 209 1639 habet
237 1595 311 1637 sed
343 1607 392 1636 ex
414 1595 494 1635 alia
523 1594 713 1645 analogia
741 1594 931 1640 vec‘cvig.⁴‘'
986 1594 1116 1635 Unum
1146 1596 1240 1636 item
1264 1599 1560 1649 paraschema-

88 1664 197 1705 tismi
234 1657 355 1714 ἀμίας
391 1658 512 1713 ἄμια,
551 1660 615 1700 cui
652 1659 702 1699 ad
741 1659 920 1711 speciem
962 1659 1094 1700 simile
1129 1672 1173 1702 re
1212 1661 1352 1715 dispar
1382 1669 1446 1704 est
1478 1666 1561 1705 Λα-

87 1730 160 1784 μία
208 1727 552 1770 denominativum
598 1724 664 1765 vel
715 1736 738 1765 a
784 1725 945 1778 Λαμίας
994 1726 1168 1778 (Lamia)
1209 1729 1274 1769 vel
1313 1741 1336 1770 a
1386 1727 1560 1786 Λάμιος,

89 1792 235 1849 Λάμις,
262 1790 417 1846 Λάμος.
474 1792 560 1833 Hac
589 1791 749 1831 ratione
779 1791 963 1843 copulari
993 1797 1170 1843 possunt
1191 1788 1400 1846 Ἀγαλλίας
1423 1791 1562 1849 'Apoca-

89 1863 168 1913 λίς,
209 1860 359 1907 Νικίας
403 1858 541 1910 Νικίς,
588 1856 753 1904 Φειδίας
787 1856 987 1907 Φτιδίς,“”1
1026 1869 1256 1910 quanquam
1303 1861 1388 1902 fieri
1424 1867 1563 1914 potest

91 1933 133 1970 ut
173 1926 329 1978 Agallis
368 1935 517 1965 nomen
557 1935 581 1964 a
617 1923 716 1963 flore
755 1924 974 1976 acceperit.
1036 1926 1178 1972 Πεῖσις
1215 1937 1314 1966 vero
1359 1927 1478 1969 Paus.
1515 1927 1562 1970 X.

92 1993 163 2047 26,
204 1993 238 2034 1.
279 1996 315 2032 et
360 1989 517 2038 Τέλεσις
553 1989 645 2030 Ath.
684 1989 784 2030 XIII.
827 1988 920 2031 587.
962 1989 1009 2030 E.
1050 2002 1133 2031 non
1178 1992 1414 2034 masculinis
1463 1995 1565 2034 Πει-

92 2060 203 2109 σίας,
250 2058 435 2104 Τελεσίας
470 2056 663 2109 apposiia
700 2055 773 2095 sed
809 2055 990 2106 ipsarum
1029 2057 1230 2098 actionum
1268 2059 1433 2099 nomina
1471 2063 1567 2100 sunt

93 2137 145 2167 ex
184 2123 465 2166 communibus
511 2122 678 2174 propria
716 2121 846 2172 sacta3
895 2132 974 2173 qno
1005 2132 1155 2173 genere
1189 2123 1396 2165 abundant
1435 2124 1566 2166 Grae-

95 2192 150 2233 ci:
198 2190 350 2242 Μῆτις,
382 2188 514 2240 Νίκη,
547 2183 678 2240 Eam,
710 2183 885 2240 Εἰρήνη,
911 2183 1065 2241 Ἀγάπη
1096 2200 1200 2241 quae
1230 2190 1347 2241 attigi
1386 2191 1427 2231 in
1456 2191 1566 2232 DiSS.

94 2257 157 2298 IV.
178 2267 211 2297 c,
235 2256 297 2296 VI.
314 2259 350 2302 δ.
367 2254 400 2295 1.
422 2253 738 2306 copulatumque
759 2251 1012 2307 Μηλόβοσίς,
1038 2258 1077 2294 et
1096 2266 1230 2295 sermo
1253 2255 1424 2296 latinus:
1453 2256 1567 2297 Con-

95 2321 237 2363 cordia
276 2320 432 2362 Gruter.
475 2320 601 2361 Inscr.
641 2331 679 2372 p.
719 2319 812 2362 895.
850 2331 889 2361 n.
928 2319 965 2362 5.
1015 2320 1206 2362 Felicitas
1245 2332 1283 2373 p.
1321 2320 1413 2363 313.
1452 2332 1492 2362 n.
1530 2321 1568 2364 2.

185 2487 244 2529 40)
270 2486 306 2520 Si
333 2495 352 2519 a
376 2483 463 2518 νειξν
488 2485 678 2520 derivatum
705 2489 811 2529 esset,
837 2494 904 2520 non
932 2484 1106 2521 diversum
1141 2485 1288 2523 haberet
1320 2486 1362 2522 ab
1396 2486 1568 2525 Αἷνιανίς,

91 2542 313 2586 Ἀκαρνανίς,
339 2543 480 2579 Τιτανίς
504 2546 695 2577 accentum.

185 2608 245 2650 41)
272 2607 345 2641 Hoc
365 2606 538 2650 significat
556 2607 708 2643 Alcaeus
730 2607 830 2642 Antii.
854 2608 926 2642 VII.
953 2607 1029 2643 429.
1057 2606 1115 2641 ubi
1143 2618 1185 2643 ex
1203 2607 1334 2652 duplici
1361 2620 1423 2653 φφ
1449 2609 1571 2643 tumuli

97 2663 234 2699 tabulae
260 2664 424 2706 inscripto
450 2668 686 2705 argumentum
710 2664 803 2699 ducii
829 2665 982 2699 mulieris
1007 2663 1166 2707 sepultae
1187 2674 1311 2700 nomen
1333 2663 1444 2701 tuisse
1467 2663 1577 2700 Φιδίς

100 2724 135 2754 nt
157 2717 193 2753 'in
218 2718 294 2752 cod.
320 2720 485 2762 scriptum
512 2723 575 2755 est.
