1699 3021
329 169 396 209 DE
427 168 548 210 MUT.
580 168 788 209 TERMIN.
820 167 1024 211 CAUSIS.
1065 170 1189 213 0111.
1222 177 1260 220 §.
1280 173 1317 214 8.
1504 176 1564 220 ’79

88 282 202 331 sunt,
244 277 309 318 vel
347 279 468 320 aliam
506 290 626 331 quam
665 278 978 319 familiaritatem
1018 285 1060 320 ut
1101 281 1362 322 salicastrum
1401 285 1496 336 quia
1525 287 1566 327 in

88 343 246 384 salictis
276 345 460 385 nascitur
490 345 589 386 Plin,
621 344 845 396 apiastrum
877 344 1022 395 apibus
1053 351 1233 400 gratum,
1264 358 1390 398 quare
1422 350 1567 393 Graeci

86 406 412 462 μελισσόφυλλον
435 415 597 451 vocant.
634 410 706 450 His
728 411 921 460 apposita
941 415 1033 451 sunt
1055 411 1246 452 arborum
1269 416 1433 456 nomina
1452 429 1567 459 mas-

89 475 224 517 culina
265 475 466 529 oleaster,
508 476 733 528 piceaster,
763 476 993 530 pineaster,
1025 477 1247 530 eademque
1280 483 1566 525 terminatione

86 540 292 581 hominum
322 541 658 592 hypocorismata
685 542 975 596 Antoniaster,
1014 543 1304 598 Fulviniaster,
1349 555 1566 599 pueraster

86 603 274 653 ἀντίπαις
305 606 439 646 Gloss.
474 606 709 659 catulaster,
740 607 874 658 qualia
901 608 988 648 Itali
1011 609 1269 661 frequentant
1289 614 1562 667 medicas-tro,

82 675 321 724 poetastro.
356 677 394 712 et
426 672 663 712 affinitatum
693 672 896 712 vocabula
926 675 1121 715 nonnulla
1147 682 1366 732 patraster,
1396 679 1565 723 filiaster

87 742 124 777 et
156 737 339 790 filiastra,
367 738 430 777 cui
462 737 592 778 simile
619 737 800 789 apiastra
824 750 938 779 avem
960 741 1159 791 significat
1182 743 1328 794 apibus
1350 745 1564 800 infensam,

89 807 172 843 tum
202 807 346 842 neutra
374 803 628 854 palliastrum
661 810 974 858 serperastrum,
1003 806 1262 858 falcastrum
1294 822 1321 850 a
1343 810 1471 862 lalcis
1500 814 1565 852 si-

86 869 325 909 militudine
356 868 499 908 Isidor.
521 868 659 920 Origg.
678 869 761 909 XX.
789 870 906 923 1473*
936 876 974 911 et
1006 871 1210 923 adJectiva
1240 881 1444 929 canaster,
1475 877 1566 918 cal·-

85 939 246 988 vaster,
279 936 518 986 formaster,
550 935 766 988 sutvaster,
797 936 1015 992 laetaster,
1046 939 1318 994 novellaster,
1350 941 1565 984 surdaster

86 1000 227 1042 eadem
266 1000 563 1052 significatione
612 1012 691 1051 qua
737 1001 1029 1053 fratntogallica
1057 1004 1293 1055 jmmdcre,
1342 1007 1562 1060 romane,

86 1065 335 1107 blancledlre.
363 1071 439 1106 etc.
501 1064 680 1106 Eandem
711 1067 789 1106 vim
821 1069 1131 1109 assimilationis
1160 1070 1282 1110 habet
1312 1071 1392 1112 alia
1423 1075 1565 1114 termi-

86 1134 219 1187 natio,
251 1144 330 1184 qua
360 1132 590 1184 plantarum
620 1132 786 1171 nomina
805 1134 997 1187 gaudent,
1028 1136 1216 1186 cunilago
1249 1137 1427 1188 (cunilae
1447 1140 1565 1180 simi-

85 1199 169 1252 lis),
201 1198 383 1250 ferulago
417 1197 729 1251 (nartheciam),
773 1200 972 1251 tussilago
1006 1198 1199 1254 (βήχιου),
1231 1202 1376 1254 selago
1410 1204 1564 1256 (helio-

88 1265 296 1317 tropium),
332 1265 548 1317 plumbago
572 1263 895 1317 (molybdaena),
925 1267 1084 1317 vitrago
1117 1278 1140 1306 a
1172 1268 1262 1307 vitri
1288 1269 1564 1325 similitudine,

86 1329 196 1383 quod
236 1341 285 1370 ex
324 1330 514 1371 Oribasio
556 1330 670 1369 affert
711 1330 937 1371 Salmasius
979 1333 1105 1373 Solin.
1148 1333 1236 1374 180.
1274 1335 1347 1386 A.;
1393 1337 1564 1391 citrago,

87 1398 263 1449 farrago,
294 1396 399 1436 unde
428 1396 498 1435 illa
528 1396 751 1435 existimari
782 1403 958 1448 possunt
990 1410 1162 1449 quorum
1194 1404 1328 1450 etyma
1358 1403 1565 1454 ignotiora

86 1469 180 1506 sunt
201 1474 394 1515 caprago,
424 1461 614 1514 lappago,
635 1461 841 1516 lactilag0,
865 1465 1063 1517 ostriago,
1084 1464 1242 1519 selago,
1273 1468 1444 1520 trixago.
1489 1470 1563 1511 His

85 1531 329 1583 aequipares
361 1529 500 1579 virago
533 1527 569 1567 h.
603 1539 636 1568 e.
667 1522 906 1578 ἀρῤενωπός
936 1530 1022 1570 sive
1053 1526 1279 1585 ἀνδρώδης,
1319 1537 1358 1573 et
1388 1535 1563 1586 piscium

83 1596 384 1649 appellationes
415 1605 637 1647 ancoragO,
667 1594 842 1646 milvago
876 1595 999 1648 (idem
1030 1597 1210 1637 sortasse
1230 1598 1378 1649 milago
1407 1600 1457 1640 ab
1482 1600 1564 1641 Isi-

85 1662 187 1703 doro
217 1661 349 1703 dictus
381 1673 416 1700 v.
451 1659 685 1700 Schneider.
708 1659 879 1700 Graium.
903 1661 949 1714 ΙΙ,
969 1661 1053 1712 86.)
1086 1667 1125 1701 et
1156 1663 1392 1705 morborum
1415 1677 1438 1705 a
1462 1677 1562 1717 par-

86 1728 194 1769 tibus
216 1728 417 1779 corporis,
447 1726 594 1778 quibus
616 1724 818 1777 accidunt,
849 1725 1201 1767 denominatorum
1233 1731 1418 1780 cort'aqo,
1451 1732 1563 1772 lum-

87 1793 210 1847 buffo,
240 1793 441 1843 ossilayo,
475 1792 724 1843 aliarumque
755 1802 888 1831 rerum
919 1803 1023 1843 quac
1055 1792 1105 1832 ad
1135 1804 1256 1833 unum
1286 1805 1415 1845 genus
1437 1807 1563 1837 revo-

87 1861 171 1900 cari
188 1863 414 1910 nequeunt:
446 1869 631 1910 carrago,
658 1857 875 1910 capillago,
896 1868 1079 1910 serrago,
1101 1858 1287 1910 similago
1310 1861 1332 1901 i.
1354 1873 1390 1913 q.
1416 1863 1562 1916 simila,

81 1927 272 1977 pissaqo,
302 1926 376 1975 pite
406 1923 565 1975 liquida
598 1922 731 1964 Gloss.
763 1929 805 1963 ut
836 1936 884 1964 ea
916 1924 1097 1963 omittam
1120 1935 1292 1976 quorum
1314 1938 1465 1968 causae
1483 1928 1563 1969 dici

84 2002 168 2031 non
198 1994 374 2042 possunt
405 1989 626 2042 cartilago,
658 1994 839 2042 sartago,
872 1991 1028 2040 forag0.
1088 1990 1334 2033 Terminatio
1368 2005 1448 2044 2th
1480 2005 1563 2035 non

86 2055 219 2096 aliena
249 2055 299 2095 ab
330 2054 482 2108 herbis,
511 2055 690 2106 mollugo
726 2056 950 2107 (lappagini
976 2055 1139 2108 similis)
1170 2062 1209 2097 et
1240 2070 1458 2113 asperugo,
1487 2059 1563 2101 sed

25 2171 35 2180 ⁶
86 2121 269 2162 crebrior
308 2121 349 2161 in
384 2122 474 2162 aliis
507 2132 612 2173 quae
643 2122 757 2173 attigi
786 2122 826 2161 in
857 2121 1002 2161 Parall.
1036 2134 1072 2174 p.
1104 2122 1168 2163 20.
1202 2128 1238 2163 et
1273 2123 1361 2165 139.
1395 2126 1563 2178 propria

86 2199 184 2228 vero
206 2187 286 2227 illis
308 2199 400 2238 acu,
423 2187 639 2241 lingulaca,
671 2187 898 2240 portulaca,
929 2187 1171 2241 verbenaca,
1193 2190 1419 2243 pastinaca,
1441 2202 1562 2242 quam

86 2253 366 2305 pastinaceum
395 2257 515 2293 vocat
548 2252 718 2307 Glossa,
757 2253 966 2293 intellecto
998 2253 1256 2294 substantivo
1282 2265 1383 2308 pes,
1415 2260 1458 2295 ut
1486 2268 1563 2308 pes

84 2318 319 2359 malvaceus
350 2323 389 2359 et
420 2319 610 2359 absolute
638 2318 886 2372 malvaceus,
917 2319 1026 2371 quod
1056 2325 1217 2360 veteres
1248 2321 1304 2359 ita
1336 2331 1563 2373 usurpasse

86 2389 257 2436 apparet
288 2396 336 2425 ex
367 2385 565 2424 Prisciani
595 2386 636 2425 L.
670 2385 733 2425 Ill.
765 2385 801 2437 7,
835 2384 923 2425 138.
958 2385 1133 2435 (Charis.
1155 2385 1181 2427 Ι,
1205 2385 1334 2426 2-t.11.
1358 2385 1465 2439 128.)
1493 2387 1561 2428 ubi

87 2450 283 2502 exemplis
315 2451 456 2490 mutati
487 2451 526 2490 in
557 2450 814 2491 deminutivis
838 2455 877 2490 ct
903 2449 1217 2490 denominativis
1237 2452 1400 2502 generis
1430 2453 1562 2500 (ensis

177 2616 236 2657 38)
269 2616 458 2658 s‘yntlmton
493 2619 545 2650 est
581 2615 823 2659 seliquastrum
862 2616 883 2649 i.
922 2625 952 2649 c.
990 2617 1076 2650 sella
1115 2616 1245 2659 quadra
1279 2621 1314 2650 ut
1355 2621 1501 2652 castrum
1530 2622 1565 2654 et

86 2675 197 2705 castra
224 2671 266 2704 de
292 2672 480 2706 munitione
508 2671 693 2714 quadrata.
734 2675 762 2705 ct
793 2675 928 2705 caterva
956 2683 1014 2715 pru
1043 2677 1218 2709 custerva:v
1252 2673 1457 2709 castellatim
1487 2675 1561 2708 l'li..

87 2728 162 2759 nius
189 2726 274 2760 dixit
300 2736 359 2770 pro
386 2728 596 2760 catervatim.
631 2745 669 2749 —
