1699 3021
204 185 271 229 DE
303 183 485 228 NOMIN.
516 173 717 226 ιΝεῑΕΤ
745 173 796 237 ἦλ
822 182 1167 225 EXEUNTIBUS.
1198 185 1240 226 e.
1263 185 1307 227 11.
1339 191 1376 235 ς.
1400 188 1433 230 1.
1473 188 1559 231 107

79 294 259 336 Nitzsch.
288 293 340 335 ad
371 294 443 337 od.
465 294 530 335 IX.
551 294 616 336 21.
662 293 880 335 Multorum
905 292 1086 344 origines
1116 304 1167 333 ne
1193 295 1433 345 conjectura
1463 298 1560 349 qui-

78 360 170 401 dem
193 360 338 411 attingi
364 365 540 412 possunt
566 357 752 413 ἄμπελος,
783 355 1022 412 ἀσφόδελος,
1042 358 1268 411 βρίκελος,5
1297 358 1498 412 ζαφελός“
1517 367 1559 403 et

79 421 264 478 ζαφελής,
286 423 493 478 κύφελλον
515 426 659 476 nubes,
683 423 881 478 μάκελλον
900 425 1113 465 macellum
1135 426 1314 466 maceria
1339 438 1375 466 v.
1396 426 1559 469 Canter.

77 491 129 532 ad
157 492 253 542 Lyo.
286 491 378 533 927.
410 490 568 545 μυελός,
599 488 795 544 γεργέλοψ
825 495 864 531 et
891 486 1076 543 πηνέλοψ
1098 491 1359 531 animantium
1380 492 1557 545 nomina,

77 554 255 610 νωχελής
294 562 334 597 et
373 559 482 610 quod
510 559 764 599 Hermannus
796 556 846 597 ad
875 556 921 596 H.
952 556 997 597 H.
1037 556 1077 596 in
1105 556 1229 597 Mero.
1272 555 1363 597 188.
1401 557 1559 609 aliquot

79 622 184 663 locis
215 623 395 663 restituit
425 620 609 676 νωχαλός
638 624 725 664 sive
756 623 893 675 potius
921 618 1137 675 νεόχοιλος,7
1162 618 1368 675 φάκελοςὸ
1398 623 1461 662 cui
1484 634 1561 664 so-

82 688 191 728 ciata
220 688 407 729 videntur
435 689 596 742 fascis,
636 689 800 741 fascia,
840 684 1076 741 φάσκωλον.
1142 688 1378 729 Pareotasis
1408 688 1449 728 in
1479 688 1560 730 hoo

77 764 229 806 genere
270 755 564 796 vocabulorum
604 755 830 807 exemplum
868 765 987 794 unum
1019 754 1188 794 afferunt
1217 749 1329 803 παρὰ
1362 748 1409 792 τὸ
1439 750 1555 794 ἐνδέ-

80 833 202 871 χομαι
231 819 384 872 γίνεται
420 817 584 873 ἐνδεχής
612 818 680 861 καὶ
708 821 952 875 πλεονασμῷ
980 820 1053 872 τῆς
1079 810 1120 860 ’ss
1150 819 1233 870 (vel
1263 810 1323 872 εἶ)
1354 821 1560 874 συλλαβῆς

79 882 285 939 ἐνδελεχής
312 884 380 925 καὶ
409 883 621 938 ἐνδελεχῶς
650 886 737 926 ΕΜ.
767 886 860 939 338,
892 886 956 927 27.
995 884 1104 937 quod
1134 896 1255 937 quum
1285 885 1408 938 longe
1438 886 1559 928 aliam

81 955 204 1003 atque
241 948 511 1004 ἐνδεχομένως
549 951 888 1003 significationem
924 951 1093 1004 habeat,
1134 950 1186 991 ob
1226 950 1306 992 hoo
1335 952 1469 993 solum
1508 952 1560 993 ab

81 1014 247 1069 δέχομαι
277 1022 465 1069 repetere
494 1016 682 1057 videntur
720 1017 814 1068 quia
851 1017 901 1056 ab
935 1017 1014 1057 hoo
1042 1017 1169 1057 verbo
1199 1013 1367 1065 ἐνδυκὲς
1395 1017 1560 1059 ductum

81 1083 303 1124 eredebant
331 1083 446 1124 Eust.
470 1080 588 1133 1579,
617 1080 683 1122 50.
713 1081 793 1121 hoo
824 1085 958 1122 autem
989 1081 1095 1134 apud
1126 1086 1273 1133 poetas
1301 1083 1560 1135 posteriores

170 1251 208 1295 5)
233 1261 265 1285 v.
291 1248 445 1285 Meinek.
473 1247 568 1282 Com.
598 1246 732 1290 Fragm.
762 1246 789 1282 Ι.
818 1247 892 1284 140.
920 1248 956 1282 In
981 1246 1056 1282 EM.
1082 1245 1288 1293 βρικέλλους
1318 1245 1398 1284 τοῖς
1423 1246 1559 1280 misor-

80 1319 143 1344 τας
171 1305 189 1348 ἢ
217 1305 413 1342 tardamue„-
436 1302 535 1350 παρὰ
561 1301 598 1336 τὸ
622 1305 689 1347 βρῖ
711 1304 771 1336 καὶ
797 1303 948 1346 κέλομαι
969 1302 1176 1347 (κε’λλομαι)
1195 1302 1383 1346 significari
1403 1302 1561 1338 Videntur

80 1364 195 1399 insilia
222 1362 466 1407 (Webertritt).

171 1435 210 1478 6)
236 1434 275 1469 Id
299 1433 469 1469 Arcadius
494 1438 528 1470 et
553 1435 610 1469 alii
635 1435 935 1479 proparoxytonon
963 1431 1092 1465 faciunt
1108 1432 1145 1463 ut
1161 1430 1354 1472 syntheion‚
1382 1432 1563 1464 accentum

86 1489 241 1526 adverbii
269 1490 431 1534 ζαᾳελιῦς
455 1490 709 1534 syneedromae
741 1490 950 1532 imputantes
983 1495 1015 1519 v.
1041 1485 1131 1520 Adn.
1166 1485 1209 1519 ad
1245 1485 1369 1520 Buttm.
1407 1485 1451 1519 Il.
1484 1484 1561 1520 339.

84 1546 175 1582 unde
199 1549 294 1590 patet
318 1546 403 1580 illud
429 1546 557 1580 alicubi
584 1547 712 1582 lectum
740 1553 831 1580 esse.
880 1542 991 1577 Hodie
1027 1550 1097 1575 non
1122 1541 1248 1584 legitur
1273 1542 1339 1575 nisi
1368 1541 1478 1576 semet
1504 1542 1560 1580 ζα-

84 1602 211 1648 φελοῖό
238 1601 349 1648 πυρός
372 1601 448 1636 Nic.
474 1602 530 1636 Al.
556 1602 633 1638 567.
663 1602 828 1636 omissum
854 1600 889 1634 in
915 1598 1018 1633 Thes.
1045 1606 1111 1632 nec
1135 1606 1278 1640 prorsus
1306 1600 1454 1639 certum,
1484 1605 1562 1631 nam

84 1658 170 1694 Edd.
196 1661 278 1693 vett.
308 1657 517 1701 ζαφλεγοῑο.

172 1729 210 1772 7)
235 1727 412 1762 Tribrevia
436 1731 604 1762 acuuntur
621 1731 768 1770 excepto
790 1736 858 1759 uno
883 1723 1013 1761 δεέλος,
1044 1725 1073 1758 si
1102 1723 1137 1758 id
1164 1726 1259 1758 recte
1284 1732 1345 1766 pro
1372 1721 1477 1761 δῆλος
1496 1731 1561 1754 ac.-

87 1785 222 1828 cipitur.
270 1782 459 1826 Νωχελής,
497 1783 590 1827 quod
615 1782 732 1816 Schol.
761 1781 872 1815 Orest.
900 1780 977 1815 788.
1013 1789 1033 1813 a
1057 1778 1168 1812 κίλλω
1203 1778 1432 1821 compositum
1466 1776 1560 1818 dicit,

88 1838 235 1881 Simplex
263 1847 342 1873 esse
370 1838 513 1873 arbitror
537 1842 573 1872 ut
596 1835 778 1881 νωᾳῑαλής,
805 1834 936 1875 νωθής,
965 1832 1118 1877 νωθρός,
1148 1832 1271 1876 quibus
1296 1832 1454 1867 omnibus
1471 1833 1563 1866 inest

87 1892 293 1937 significatio
319 1892 455 1936 debilis,
484 1894 585 1927 modo
613 1893 656 1927 ad
680 1894 791 1926 visum
819 1891 948 1932 relata,
977 1889 1077 1923 modo
1104 1889 1146 1923 ad
1176 1888 1351 1930 auditum3
1388 1885 1564 1931 Νωᾳαιός

88 1948 234 1993 ἀφανής
259 1968 299 1974 --
328 1946 451 1985 Νυθός
474 1949 624 1992 ἄφωνος
648 1945 830 1983 σκοτεινάς
855 1945 937 1981 Hes.
963 1955 1023 1989 pro
1060 1954 1127 1988 quo
1152 1943 1369 1979 Herodianus
1401 1954 1438 1976 π.
1467 1945 1561 1976 Mor.

86 2006 143 2041 42.
170 2003 304 2040 νουθός
329 2003 451 2040 afferre
476 2004 628 2040 videtur:
653 2001 836 2046 βαρύτονα
862 2000 1022 2038 Ξοῦθος,
1058 2000 1221 2037 Βοῦθος,
1260 1999 1405 2035 Nomos
1437 1996 1564 2043 κύριον

90 2059 214 2103 ψόφος
238 2058 278 2091 ἐν
304 2058 414 2091 οὔδει.
462 2058 629 2095 Ἠσίοδος
654 2058 798 2093 Nossem-
833 2055 869 2089 δὲ
899 2055 1023 2088 ποδῶν
1050 2054 1118 2088 ὕπο
1155 2054 1288 2091 δοῦπος
1323 2052 1463 2099 ὀρώρει.
1513 2052 1565 2086 lta

89 2116 180 2150 enim
205 2114 374 2157 suspicor,
401 2117 479 2157 post
506 2114 651 2150 Νοῧθος
684 2112 810 2158 κύριον
839 2110 1013 2146 excidisse
1040 2111 1109 2146 tale
1142 2109 1306 2154 quiddam
1342 2109 1404 2142 καὶ
1440 2106 1566 2151 ψόγος

91 2169 224 2207 νουθός
249 2171 407 2212 εἴρηται·
430 2168 601 2205 “Ησίοδος
626 2167 771 2204 Nou-965
796 2166 834 2199 δὲ
860 2185 900 2191 -——

177 2237 217 2279 8)
252 2235 450 2273 Φάκελλος,
477 2235 570 2279 quod
597 2235 780 2270 Jacobsius
817 2233 858 2268 ad
885 2232 963 2268 Ael.
997 2242 1031 2276 p.
1058 2232 1136 2268 241.
1167 2235 1202 2267 et
1224 2230 1342 2273 Poppo
1379 2228 1421 2263 ad
1458 2227 1564 2262 Thuc.

92 2293 136 2327 11.
171 2293 226 2328 77.
253 2301 321 2325 non
348 2291 548 2334 repudiant,
580 2291 767 2324 infirmatur
793 2289 979 2324 collatione
1008 2288 1189 2331 compositi
1215 2281 1565 2328 κομποφακελοῤῥή.

89 2360 182 2391 μων,
208 2348 242 2380 in
267 2357 335 2391 quo
362 2355 481 2381 omnes
508 2345 584 2380 libri
611 2347 838 2388 consentiunt,
866 2348 900 2380 et
925 2343 1139 2386 cognominis
1160 2342 1272 2376 Dianii
1295 2339 1474 2372 Phacelitis
1492 2339 1565 2373 sive

93 2401 273 2434 Phacelina
296 2403 525 2445 originatione
550 2402 617 2435 nisi
642 2411 724 2436 vera
753 2405 847 2437 certe
871 2400 1010 2443 antiqua
1030 2408 1062 2433 v.
1083 2398 1227 2441 Interpr.
1249 2395 1290 2430 ad
1308 2394 1370 2430 Sil.
1389 2394 1464 2429 ltat.
1483 2392 1566 2427 XIV.

94 2457 170 2493 260.
222 2456 406 2500 Utriusque
432 2458 523 2491 enim
548 2455 704 2491 secunda
728 2455 859 2499 syllaba
884 2455 999 2490 brevis
1035 2457 1099 2489 est.
1153 2450 1316 2496 Κεᾳελός
1350 2449 1391 2485 ab
1417 2448 1568 2483 Arcadio

94 2513 184 2547 inter
211 2512 385 2555 adjectiva
409 2515 556 2555 oxytona
581 2513 725 2546 relatum
751 2513 945 2555 ignoratur,
971 2520 1037 2545 nec
1060 2511 1198 2554 praesto
1224 2505 1434 2546 remedium3
1473 2504 1568 2536 κελε-

95 2565 175 2609 φός,
202 2567 294 2610 quod
335 2568 374 2602 G.
402 2566 598 2601 Dindorsius
632 2569 666 2601 in
703 2567 807 2602 Thes.
847 2576 876 2600 s.
912 2566 1078 2610 Κελεφεά
1114 2564 1291 2608 proponit,
1325 2560 1570 2596 terminatione

96 2622 299 2664 excluditur,
327 2621 476 2658 κόπελος
499 2623 635 2664 spurius
661 2626 805 2657 accentu
835 2625 869 2657 et
894 2624 1055 2656 novitate.
1102 2620 1223 2662 Ignota
1242 2619 1346 2653 etiam
1367 2617 1465 2658 origo
1486 2624 1571 2658 pro-

97 2678 245 2719 priorum
271 2676 462 2714 Βούσελος,
491 2677 649 2715 Δέκελος.
668 2677 827 2722 ”Ιῖχελος,
854 2676 1012 2713 Πάνελος
1036 2675 1156 2718 Steph.
1184 2672 1307 2710 Πίελος
1329 2671 1432 2707 Paus.
1460 2670 1487 2706 1-
1516 2671 1568 2706 11·

97 2730 336 2774 Θαῤῥελείδης
365 2735 432 2768 etc.
