1699 3021
218 139 287 181 DE
318 138 607 182 NOMINIBUS
637 138 690 180 IN
718 136 746 179 ῦ
771 138 1115 182 EXEUNTIBUS.
1164 141 1205 183 C.
1226 141 1287 184 IV.
1314 147 1352 191 §.
1370 143 1409 187 8.
1467 144 1549 188 221

78 250 189 304 βίναι
209 247 514 303 βαρβαρικαί.33
553 248 634 290 Sed
663 249 815 289 rectius
850 249 938 289 sine
961 247 1084 289 dubio
1114 252 1280 301 καρῖνοιι
1304 248 1424 300 κύνες
1446 253 1547 296 Ρο11.

78 316 122 357 V.
151 316 216 356 37.
245 326 378 366 neque
408 326 529 355 secus
569 313 826 354 statuendum
869 313 918 354 de
957 315 1124 367 propri0
1166 316 1346 357 mulieris
1384 319 1547 360 nomine

79 393 114 420 v.
147 380 318 421 Mcinek.
351 380 461 420 Com.
487 379 548 420 IV.
574 379 662 420 144.
693 379 864 430 aliisque
895 379 1093 421 similibus
1125 382 1307 434 Καλλίνη
1337 383 1411 423 Vit.
1436 383 1547 425 Pind.

75 445 238 486 Vratisl.
259 457 295 497 p.
318 445 379 487 10.
411 445 594 497 Κρατίνη
625 443 746 485 Clcm.
777 444 906 484 Protr.
930 445 990 486 IV.
1008 445 1071 486 47.
1086 445 1122 471 3⁰
1163 447 1385 500 Ζωπυρίυη
1419 448 1541 501 Corp.

75 511 203 551 Inscr.
236 522 274 562 p.
296 510 412 552 1207.
443 510 632 550 Telesina
663 510 758 561 (nisi
789 509 966 549 italicum
997 511 1078 563 est)
1109 512 1281 552 Martial.
1307 513 1369 553 VI.
1391 514 1425 554 7.
1450 516 1543 553 Χοι-

75 576 168 628 ρίνη
198 575 405 627 Euripidis
435 587 552 627 uxor,
582 586 685 627 quae
712 575 807 615 alibi
837 574 1007 628 Χοιρίλη
1036 575 1182 617 dicitur
1207 590 1242 619 v,
1272 578 1467 619 Fritzsch.
1495 578 1546 620 ad

78 641 322 693 Thesmopli.
353 653 388 680 v.
419 640 510 682 289.
543 641 736 692 Μοσχίυη
767 641 926 692 poetria
956 642 1080 682 attica
1108 642 1253 684 Athen.
1282 645 1363 686 VII.
1388 645 1478 687 297.
1503 647 1546 688 Β.

75 706 184 758 quod
208 717 356 746 nomen
377 717 425 746 ex
449 706 730 757 patronymico
755 705 794 744 in
816 705 1022 757 proprium
1048 708 1224 748 vertisse
1253 709 1411 751 videtur
1440 699 1548 753 sicut

75 772 257 811 Eumelis
289 771 473 811 Cleobuli
504 772 583 811 filia
614 783 637 811 a
667 771 871 811 nonnullis
904 776 1052 811 vocata
1083 778 1146 813 est
1169 775 1447 829 Κλεοβουλίνη
1470 791 1545 817 πα-

74 833 226 888 τρόθεν
265 837 369 877 l‘lut.
400 837 448 876 de
481 837 594 887 Pylii.
627 835 769 878 Oracc.
801 848 833 876 ο.
863 836 962 877 XIV.
1019 837 1078 877 Dc
1115 840 1346 882 nominibus
1386 842 1544 885 urbium

72 897 264 954 Ἀνθίνη,
314 901 510 954 Δαφνίνη
546 913 650 953 quae
690 905 730 942 et
766 902 931 954 Λαφυίς
969 907 1012 942 ut
1045 898 1288 956 Ἐλεφαντίς
1328 906 1473 947 dicitur
1509 919 1544 949 v.

77 966 302 1007 Tzscliuck.
344 966 394 1006 ad
424 967 514 1008 Mel.
544 967 631 1007 Vol.
662 967 707 1006 ΙΙ.
746 967 787 1007 Ρ.
818 968 844 1007 Ι.
874 967 965 1008 313.
1005 969 1184 1022 Μιλτίνη
1222 970 1337 1012 Diod.
1365 971 1447 1012 XX.
1478 972 1544 1015 58.

79 1032 252 1084 Φελλίνη
282 1032 334 1072 ib.
366 1043 398 1072 c.
429 1032 493 1073 57.
529 1032 741 1084 Πλινθίνῃ
772 1034 900 1072 ctc.⁴‘'
936 1032 1075 1073 dubito
1117 1039 1248 1075 utrum
1287 1036 1430 1077 Graeci
1469 1037 1546 1078 ad-

69 1099 315 1148 jectivorum
344 1097 466 1138 modo
492 1098 850 1150 pronunciaverint
872 1107 922 1137 an
944 1102 1134 1148 porrecta
1158 1101 1391 1151 penultima.
1433 1103 1546 1151 Quae

74 1174 172 1204 vcro
204 1163 463 1214 penultimam
489 1174 538 1204 ex
560 1164 754 1204 confesso
776 1162 939 1213 longam
963 1162 1126 1217 liabent,
1157 1176 1282 1218 saepe
1304 1167 1344 1207 in
1365 1172 1545 1209 extrema

74 1229 277 1269 vacillant.
324 1228 431 1268 Urbs
459 1228 527 1268 illa
556 1228 704 1281 Elidis,
744 1239 863 1279 quam
893 1227 1093 1269 Homerus
1117 1225 1313 1284 Ὑρμίνηυ
1340 1237 1475 1287 vocat,
1503 1234 1545 1274 in

74 1294 193 1334 l’aus.
216 1294 260 1334 V.
285 1293 319 1346 1,
340 1293 378 1335 8.
402 1288 574 1345 Ὑρμίνα
603 1293 795 1333 scribitur
825 1296 893 1333 aut
921 1292 1117 1334 mendose
1137 1300 1205 1335 aut
1230 1307 1279 1337 ex
1300 1299 1546 1350 contagione

74 1359 242 1399 (101isnli
272 1371 307 1399 v.
330 1363 368 1406 δ.
388 1358 424 1399 O.
457 1358 689 1410 Stephanus
720 1369 817 1399 vero
837 1357 1042 1411 ’1ρμιναν
1061 1357 1275 1409 Μενέλαος
1304 1359 1372 1403 διὰ
1399 1364 1474 1404 τοῦ
1504 1369 1545 1415 ἅ,

68 1420 357 1477 ἨΕχεφυΗίὸας
386 1420 440 1464 1
437 1439 584 1477 ρμινην
612 1419 683 1471 τὰς
710 1425 791 1464 νῦν
813 1420 1030 1476 Ὃρμίνας,
1072 1431 1111 1466 et
1143 1428 1291 1469 Strabo
1323 1429 1421 1470 VIII
1452 1429 1546 1472 341.

65 1487 234 1543 Ἳρμίνη
257 1487 374 1538 πόλις
394 1491 474 1530 ιῦν
498 1487 576 1530 οὐκ
597 1486 704 1530 ἔστιν
726 1485 807 1530 ἀλλ’
833 1486 1091 1544 ἀκρωτηριον
1105 1490 1286 1546 Ὀρμινοι
1313 1509 1338 1547 η
1356 1491 1546 1547 ἫΤρμινοι

75 1555 266 1597 Similiter
313 1556 421 1596 illius
467 1553 807 1608 πολυσκάρθμοιο
846 1557 1041 1610 Μυρίνης
1076 1558 1119 1600 Il.
1148 1559 1194 1600 II.
1220 1559 1313 1600 814.
1354 1564 1393 1601 et
1432 1561 1544 1602 urbis

74 1631 301 1672 eponymae
340 1621 533 1673 Μυρίνης
569 1623 760 1673 Apollon.
788 1623 815 1663 I.
846 1622 938 1663 604.
985 1623 1106 1663 Anth.
1138 1625 1243 1676 App.
1274 1625 1544 1668 CCCLXXXI.

72 1686 347 1727 nominativus
379 1687 527 1737 triplici
555 1687 676 1726 modo
708 1688 900 1727 scribitur
928 1687 1102 1739 Μυρίνα
1131 1689 1427 1744 paroxytoans,
1455 1692 1544 1732 sive

74 1752 187 1792 urbis
217 1761 366 1790 nomen
396 1756 458 1790 est
488 1751 677 1791 Lemniae
704 1752 768 1791 vel
798 1753 993 1792 Aeolicac
1021 1751 1206 1805 Xenoph.
1233 1753 1416 1796 Hell.III.
1448 1756 1483 1809 1,
1505 1756 1542 1798 6.

74 1816 214 1867 Polyb.
246 1815 382 1856 XVIII.
412 1816 475 1856 27.
513 1815 647 1857 Strab.
677 1816 759 1858 XII.
789 1818 880 1859 573.
910 1817 1012 1858 XIII.
1034 1817 1125 1859 662.
1167 1818 1304 1860 Galen.
1327 1819 1376 1860 de
1404 1821 1543 1874 Simpl.

74 1881 177 1922 Med.
207 1881 298 1921 Fac.
329 1880 392 1921 IX.
418 1881 452 1933 1,
473 1881 508 1922 2.
540 1892 576 1932 p.
599 1881 687 1923 172.
712 1882 753 1923 Τ.
774 1882 856 1923 XII.
888 1884 974 1923 sive
994 1884 1216 1924 Amazonis
1246 1883 1362 1926 Diod.
1383 1885 1447 1926 III.
1475 1886 1540 1927 53.

72 1952 112 1988 et
141 1946 206 1988 54.
238 1945 415 1986 Lesbon.
448 1945 497 1986 de
526 1946 607 1998 Fig.
639 1958 676 1999 p.
711 1947 799 1990 184.
835 1947 897 1988 ed.
925 1947 1063 1989 Valck.
1101 1952 1141 1989 et
1179 1950 1542 2002 proparoxytonos

158 2110 217 2154 38)
246 2110 374 2145 Nescio
412 2121 454 2145 an
489 2111 613 2147 eodem
646 2111 866 2147 reserendum
899 2113 943 2147 sit
976 2111 1111 2157 Κάρβις
1142 2113 1353 2157 μαστροπός
1389 2115 1539 2160 Hesyoh.

73 2167 203 2200 cam‘ssa
229 2167 304 2199 lena
329 2166 441 2201 GIOSS.
468 2169 663 2211 καρβιιιιίἠ
694 2166 865 2210 ὑπόδημα
894 2167 1028 2208 κληθὲν
1060 2166 1127 2200 ὖῑιὸ
1156 2169 1285 2211 Καρῶν
1321 2170 1405 2204 Poll.
1441 2170 1541 2214 (cor-

71 2224 180 2257 rectio
217 2231 319 2265 quam
352 2223 386 2255 in
412 2222 533 2256 Parall.
566 2223 642 2258 332.
679 2223 756 2257 adn.
781 2223 813 2258 8.
841 2224 1004 2266 proposui
1031 2223 1163 2257 inutilis
1186 2223 1266 2266 cst).
1316 2224 1543 2261 Masculinum

72 2276 229 2321 Καρινός
252 2277 362 2312 semel
387 2277 513 2321 legitur
536 2278 636 2313 Paus.
664 2279 690 2313 Ι.
724 2279 778 2314 44.
818 2282 963 2313 accentu
1000 2279 1123 2312 vitioso
1158 2282 1192 2314 et
1222 2284 1432 2323 suspectum.
1454 2282 1542 2325 Syl-

73 2332 206 2375 burgio.

162 2388 221 2430 39)
254 2387 350 2423 Haec
374 2397 393 2422 a
421 2377 607 2426 Κίιλλῖνος,
631 2390 821 2431 Κρατῖνος.
871 2387 900 2421 Α
925 2389 1127 2431 composiiis
1155 2386 1335 2429 Ἀλκινόη,
1364 2388 1541 2433 Ἀρσινόη,

70 2442 227 2483 Ἀνῐινύη
255 2444 355 2477 Paus.
383 2443 554 2484 Αὐτονόη,
580 2442 745 2482 ,Ιυσινόφ
772 2441 929 2486 Ἰἰμονόη
954 2443 1055 2477 Antii.
1083 2442 1277 2486 (Tqudvooe
1301 2443 1416 2488 Pind.)
1465 2445 1542 2480 No-

75 2499 187 2533 tabilis
216 2501 386 2542 corruptio
412 2501 580 2541 Φημῖνος
603 2508 663 2542 pro
689 2498 865 2542 Φημονόη
892 2499 1009 2533 Schol.
1037 2499 1116 2532 Eur.
1146 2497 1258 2533 Orest,
1287 2498 1383 2534 1094,
1409 2499 1543 2545 (1082)

162 2560 221 2601 40)
247 2559 283 2593 In
311 2559 426 2593 Schol.
454 2559 494 2593 ll.
523 2559 566 2593 II.
593 2559 669 2594 625.
697 2558 767 2591 ἀπὸ
793 2558 855 2590 τοῦ
874 2558 1002 2602 Ἐχῖνα
1033 2560 1177 2603 εἴρηκεν
1206 2557 1399 2601 Ἐχινάων,
1437 2561 1540 2595 scrib.

70 2615 223 2658 Ἐχΐναι.
272 2614 465 2657 Hesychius
496 2623 538 2649 ex
573 2614 633 2648 iilo
670 2613 748 2647 loco
774 2613 952 2657 Ἀχινάων
978 2613 1046 2645 τῶν
1067 2611 1284 2656 Ἐχινάδων,
1312 2615 1541 2651 consuetudi-

73 2678 154 2706 nein'
174 2670 351 2713 vulgarem
374 2678 526 2709 servans,
554 2678 630 2703 nam
656 2669 800 2704 echinus
826 2669 928 2712 vulgo
955 2667 1081 2712 ἀχινός
1108 2668 1243 2702 dicitur.
