1747 3005
803 152 1159 161 —————

135 167 202 210 DE
234 166 468 209 VICISSIT.
500 164 780 208 TERMINAT.
810 179 870 213 ας,
894 179 941 215 ις,
966 178 1041 214 ιας,
1066 166 1162 214 αζω,
1184 166 1292 214 ιαζω.
1324 167 1363 214 §.
1395 162 1457 206 14.
1483 162 1575 206 479

105 287 235 319 mena.
308 276 360 317 Et
407 287 511 328 quae
559 286 684 328 supra
728 274 945 327 proposita
991 277 1055 315 cst
1102 273 1243 326 regula
1292 273 1575 314 femininorum

101 338 296 395 Ἀβαντίς,
327 341 495 389 Λατινίς
521 365 576 370 —
609 337 788 391 Θεστιάς,
812 336 966 390 Ἡλιάς,
994 340 1133 381 eadem
1164 340 1213 382 ad
1232 339 1457 381 masculina
1476 350 1576 392 per-

107 409 218 460 tinet,
248 419 418 460 quorum
449 419 529 447 una
559 411 619 447 cst
650 407 828 457 legitima
859 406 1047 446 formatio
1079 418 1158 458 qua
1189 418 1212 446 a
1242 406 1354 458 puris
1376 405 1577 446 ducuntur

105 484 219 525 pura⁷
249 474 418 524 primum
450 473 733 524 patronymica
757 468 962 524 Ἡλιάδης,
999 469 1239 524 Θεστιάδης,
1286 468 1577 524 Ταλθυβιάδης

104 539 190 580 ΕΜ.
223 537 315 591 540,
345 538 408 578 38.
439 538 552 577 Eust.
587 538 648 589 13,
678 537 742 579 21.
775 543 855 578 tum
886 538 1180 590 patronymicis
1211 538 1437 578 assimilata
1470 548 1576 589 gen-

106 604 231 645 tilicia
256 598 503 655 Ἀργειιὲδαι,
529 598 737 652 ΓΠλιάὸαι,
774 600 1015 653 Θεσπιάδαι,
1042 599 1228 651 Ἰλιάὸαι,
1267 607 1389 655 atque
1420 603 1575 644 andro·-

106 669 265 720 nymica
291 663 514 720 Ἀρχιάδης,
547 665 778 721 Δωσιάδης,
809 666 1045 721 Λυσιάδης,
1075 664 1326 721 Καλλιάδης,
1361 665 1574 722 Πολυβιά-

106 734 190 787 δης,
226 730 438 785 Φανιιὲδης
466 757 517 762 -
549 735 755 774 contraria
785 747 809 775 a
836 746 918 774 non
948 736 1060 786 puris
1092 733 1310 787 Κρονίδης,
1332 734 1574 788 Πριαμίδης,

106 799 393 852 Διοςκορίὸης,
428 800 738 852 Λεωτροφίόης,
766 800 1020 854 Κλεωνίὸης,
1051 799 1310 853 Φοινικίδης,
1347 800 1577 854 Φροντίδης

108 870 184 907 etc.
241 865 351 905 Haec
390 876 487 905 vero
529 866 562 904 si
603 865 723 916 alpha
761 866 983 919 recipiunt,
1023 865 1163 906 eadem
1204 865 1439 906 conditione
1479 871 1575 907 sunt

107 943 188 984 qua
219 932 420 971 feminina.
480 930 580 970 Nam
621 935 662 969 ut
702 930 750 970 de
775 926 1050 978 Ἀπολλωνιάς
1081 931 1333 983 disceptatur
1360 936 1492 972 utrum
1523 932 1574 973 ab

102 993 357 1044 ’Λπόλλωνος
387 996 449 1036 vol
475 992 718 1042 Ἀπολλωνίς
748 996 991 1037 declinatum
1021 998 1072 1037 sit
1115 1008 1166 1037 an
1210 997 1260 1037 ab
1298 992 1577 1047 Ἀπολλώνιος,

109 1062 250 1103 eadem
280 1067 343 1103 cst
375 1062 584 1102 contentio
617 1061 666 1101 de
697 1062 916 1102 similibus:
957 1061 996 1102 οἱ
1033 1059 1107 1114 μὲν
1136 1059 1299 1114 λέγουσι
1325 1059 1373 1102 τὸ
1402 1064 1578 1102 Χαλκω-

109 1126 329 1180 δοντιάδης
359 1123 439 1167 ἀπὸ
465 1123 628 1174 εὐθείας
659 1124 974 1175 Χαλκωδοντιάς
1002 1129 1201 1179 γίνεσθαι,
1233 1128 1273 1168 οἱ
1301 1125 1344 1168 δὲ
1373 1124 1454 1169 ἀπὸ
1474 1130 1580 1168 Χαλ-

109 1191 332 1241 κωδόντιος
362 1195 564 1246 κτητικοῦ.
598 1189 696 1233 Ἀλλ’
730 1188 924 1233 οὐδέποτε
952 1208 1002 1233 τα
1029 1190 1326 1246 πατρωνυμικὰ
1355 1189 1437 1234 ἀπὸ
1479 1209 1581 1249 κτη-

107 1260 226 1300 τικοῦ
254 1259 416 1310 γίνεται,
448 1255 528 1298 ἀλλ’
561 1256 642 1299 ἀπὸ
671 1260 840 1310 κυρίων.
901 1257 1078 1311 Γέγονεν
1106 1259 1185 1299 οὐν
1221 1255 1303 1299 ἀπὸ
1342 1274 1414 1313 της
1443 1274 1581 1312 περιτ-

107 1323 364 1375 τοσυλλάβου
391 1325 574 1378 γενικῆς·
605 1321 661 1371 ὡς
688 1322 766 1376 γὰρ
791 1319 1144 1376 Ἀγαμεμνονίδης,
1184 1325 1437 1378 Τεκτονίδης,
1470 1324 1581 1366 οὕτω

110 1387 408 1437 Χαλκώδοντος
449 1389 790 1442 Χαλκωδοντίδης
827 1387 897 1429 καὶ
933 1390 1176 1445 πλεονασμῷ
1214 1388 1584 1445 Χαλκωδοντιάδης

109 1458 239 1500 Cram.
271 1456 298 1496 1.
327 1455 419 1497 443.
479 1456 629 1496 Harum
670 1455 963 1497 sententiarum
1004 1456 1172 1507 primam
1211 1455 1445 1497 derelictam
1483 1462 1583 1508 puto

111 1523 163 1565 ob
204 1533 292 1562 eam
333 1532 500 1562 causam
539 1521 648 1573 quod
690 1532 832 1573 parum
873 1520 1066 1561 credibile
1096 1520 1301 1562 videretur
1331 1533 1355 1561 a
1383 1522 1584 1563 femininis

111 1588 295 1630 derivata
333 1598 428 1627 esse
467 1588 635 1627 marium
674 1587 852 1626 nomina.
924 1585 1138 1627 Secundae
1177 1591 1389 1627 auctorum
1436 1588 1585 1628 refellit

114 1652 252 1696 Schol.
283 1653 400 1692 Dion.
432 1663 469 1703 p.
491 1651 582 1693 849.
613 1649 659 1691 τὸ
689 1647 1008 1704 πατρωνυμικὸν
1036 1647 1201 1697 πάντως
1231 1647 1312 1691 ἀπὸ
1341 1653 1491 1705 κυρίου
1519 1654 1586 1706 γί-

111 1730 245 1763 νεται·
291 1713 358 1757 διὰ
395 1717 519 1756 τοῦτο
549 1713 769 1769 ἁμαρτάνει
800 1713 822 1757 ὁ
861 1713 1045 1769 Τρύφων
1074 1713 1121 1755 τὸ
1159 1716 1473 1773 Τελαμωνιάδης
1502 1715 1584 1760 ἀπὸ

110 1787 186 1828 τοῦ
223 1780 480 1835 Τελαμώνιος
509 1779 648 1835 λέγων.
703 1779 926 1835 Ἐπλάνησε
956 1779 999 1822 δὲ
1029 1777 1160 1822 αὐτὸν
1188 1782 1287 1830 ἴσως
1315 1781 1361 1824 τὸ
1392 1783 1585 1839 Λαερτιά-

112 1854 185 1907 δης
212 1846 324 1902 παρὰ
352 1845 398 1889 τὸ
429 1845 626 1899 Λαέρτιος
654 1846 834 1902 γεγονός,
866 1846 965 1900 ὅπερ
993 1845 1076 1888 ἐστὶ
1103 1850 1251 1901 κυρίου
1280 1847 1457 1903 δύναμιν
1491 1849 1586 1904 ἔχον

110 1913 222 1970 παρὰ
249 1918 335 1962 τοῖς
362 1917 580 1966 τραγικοῖς,
611 1926 691 1966 quo
723 1915 924 1968 significat
953 1911 1151 1966 Λαέρτιος
1176 1913 1280 1956 idem
1310 1916 1447 1957 valere
1476 1917 1587 1969 quod

113 1981 308 2036 Λαέρτης,
339 1991 416 2021 neo
447 1979 648 2031 adjective
679 1980 757 2021 dici
787 1985 830 2021 ut
850 1981 1012 2021 latinum
1032 1981 1231 2034 Laertius,
1253 1980 1429 2022 Laertia
1452 1993 1586 2033 reqna

115 2056 189 2093 etc.
227 2049 303 2098 Qui
333 2058 431 2088 vero
464 2057 487 2086 a
518 2042 700 2099 Λαέρτης
731 2047 955 2088 derivatum
987 2045 1258 2099 crediderunt,
1287 2050 1331 2086 ut
1363 2045 1584 2099 Gregorius

114 2129 152 2171 p.
181 2115 274 2158 488.
315 2113 366 2155 ad
405 2113 618 2164 epectasin
659 2114 835 2154 ionicam
874 2112 1096 2163 confugere
1136 2112 1270 2151 coacti
1299 2117 1415 2166 sunt,
1451 2124 1585 2165 neque

114 2183 195 2224 alia
223 2181 381 2221 ratione
412 2178 618 2230 explicare
648 2182 869 2231 potuerunt
895 2173 1128 2231 Ἀλητιάδης
1154 2178 1196 2217 in
1226 2177 1379 2218 Callim.
1400 2178 1460 2219 Fr.
1485 2178 1584 2220 CIII.

114 2247 231 2288 metri
270 2256 397 2286 causa
436 2245 659 2296 repositum
704 2255 778 2296 pro
814 2239 1043 2297 Ἀλητίδης,
1096 2240 1365 2296 Θυεστιάδης,
1413 2243 1523 2296 quod
1562 2255 1587 2286 a

114 2312 207 2353 ficto
246 2311 409 2352 nomine
453 2306 648 2356 Θυέστιος
684 2314 900 2351 arcessunt
939 2310 1068 2351 Cram.
1106 2308 1273 2350 11.324.
1313 2305 1584 2364 Ὀρεστιάδης,

109 2373 374 2429 Ἀγχισιάδης,
407 2375 566 2430 dequo
598 2375 833 2416 Priscianus
865 2376 909 2416 ll.
943 2376 979 2428 7,
1009 2374 1073 2416 82.
1106 2374 1309 2416 Anchises
1331 2375 1474 2417 debuit
1494 2377 1586 2418 An·-

116 2442 310 2484 chisades
349 2442 416 2482 vel
454 2441 702 2482 Anchisides
748 2440 917 2494 facere,
966 2440 1069 2493 fecit
1110 2442 1256 2481 autem
1293 2441 1584 2494 Anchisiades,

117 2509 243 2562 quasi
273 2505 326 2547 ab
356 2507 578 2548 Ancliz'sz'os
607 2508 885 2559 nominativo,
917 2506 1126 2559 quomodo
1156 2505 1354 2547 Laertios
1381 2506 1587 2549 Laertia-

118 2574 204 2615 des.
263 2573 299 2614 A
336 2572 568 2613 nominibus
607 2572 813 2614 secundae
847 2567 1082 2624 Ἀρητιάδης
1111 2571 1224 2611 Areti
1254 2571 1381 2625 filius,
1419 2572 1588 2625 Κροτω-

116 2637 275 2694 πιάδης,
307 2634 584 2690 Φιλιππιάδης
604 2638 836 2679 Alexander
866 2638 906 2678 in
935 2638 1072 2689 Epigr.
1099 2636 1140 2677 in
1168 2636 1279 2678 Pind.
1311 2637 1447 2679 Schol.
1477 2649 1514 2690 p.
1544 2638 1582 2680 6.

109 2701 402 2759 Ἡφαιστιάδαι
432 2707 472 2744 et
505 2699 740 2755 Πυῤῥιοὲδαι
770 2702 809 2744 οῖ
837 2704 917 2744 νῦν
948 2700 1164 2743 Μολοσσοὶ
1189 2698 1271 2743 ἀπὸ
1294 2700 1471 2756 Πύῤῥου
1489 2704 1584 2747 Hes·
