1731 3021
146 156 239 198 220
619 150 1048 193 DISSERTATIO
1096 151 1159 192 lv.

147 263 318 319 μυρτίνη
349 262 427 315 piri
457 259 625 302 oleaeve
649 262 825 315 species,
857 272 977 313 quam
998 261 1170 301 Romani
1189 265 1386 302 murteam
1409 263 1630 316 appellant,

148 333 236 372 iota
264 329 429 381 longum
462 328 597 382 habet,
626 328 799 380 μυρτίυη
818 338 916 367 vero
939 327 1026 367 sive
1045 327 1221 380 μυρσίνη
1242 332 1414 379 myrtum
1436 329 1472 370 si
1497 329 1630 380 signi-

150 398 267 450 ficat,
306 394 486 436 breviter
526 394 604 435 dici
643 395 703 435 sic
734 398 777 434 ut
807 392 1006 445 Μυρσίνη
1038 393 1209 433 feminae
1239 404 1387 435 nomen
1419 395 1630 447 proprium

152 468 192 504 et
215 458 437 513 Μύρσινος
466 460 592 512 urbis,
621 460 839 512 perspicue
870 463 909 498 et
941 457 1199 498 Grammatici
1229 458 1378 500 docent
1409 463 1448 500 et
1478 463 1629 511 poeta-

150 539 238 569 rum
267 531 397 568 metra
427 524 636 565 declarant
665 525 775 566 Pind.
796 525 932 565 Isthm.
953 523 1051 564 VIII.
1076 523 1165 564 147.
1198 524 1323 576 Sopli.
1352 525 1411 565 El.
1432 524 1525 566 326.
1551 528 1628 565 etc.

152 595 310 646 Quippe
350 591 581 633 femininum
623 594 687 630 est
724 589 913 641 adjectivi
950 586 1160 642 μύρσινος.
1216 589 1318 629 Nam
1357 594 1399 629 ut
1438 601 1463 630 a
1497 590 1630 643 μῆλον

149 655 295 712 μηλέα,
337 669 361 698 a
389 657 516 697 σῦκον
553 656 677 708 συκῆ,
717 656 777 695 sic
816 655 895 695 alio
939 655 1238 695 terminationis
1284 655 1390 695 flexu
1421 667 1444 695 a
1471 652 1629 708 μύρτον

149 723 328 778 μυρῤίνη
356 720 382 776 ἣ
413 720 463 762 τὰ
491 720 624 775 μύρτα
652 725 911 773 καρποφορεῖ
938 720 1092 773 Geopp.
1121 721 1186 761 XI.
1224 721 1287 762 16.
1327 721 1477 761 Peccat
1506 721 1628 772 igitur

152 794 348 832 accentus
387 789 429 828 in
466 788 680 838 Moschop.
713 785 857 827 Sched.
888 797 926 836 p.
962 786 1050 827 140.
1089 785 1285 838 μυῤῥῐναι
1318 783 1409 839 παρ’
1436 782 1630 834 Ἀττικοῖς

149 855 193 896 αἱ
228 854 378 901 κοινῶς
406 858 611 905 μυρσῖναι.
643 851 836 893 Similiter
863 850 1048 904 πιτυΐνη,
1079 852 1148 892 ubi
1178 857 1241 893 est
1272 853 1437 904 plantae
1466 863 1628 905 nomen,

149 931 255 973 quae
285 919 335 960 ab
367 919 457 959 aliis
486 919 729 971 χαμαίπιτυς
757 921 949 970 vocatur,
987 929 1070 958 non
1099 918 1157 958 ita
1185 922 1228 958 ut
1252 919 1488 959 Passowius
1518 918 1628 970 fecit,

151 984 392 1038 signandum
422 985 600 1025 arbitror
638 982 711 1024 sed
750 982 913 1035 appioto
953 983 1198 1035 penultimae
1229 985 1357 1035 apice.
1411 985 1465 1024 At
1494 984 1530 1024 si
1559 982 1628 1035 ρη-

146 1052 236 1104 τίνη
265 1049 429 1102 πιτυΐνη
461 1050 598 1091 Galen.
625 1049 777 1100 Eupor.
810 1048 856 1087 II.
888 1047 952 1100 24,
983 1048 1075 1089 472.
1107 1049 1148 1089 T.
1179 1049 1279 1088 XIV.
1311 1048 1466 1100 Geopp.
1498 1048 1561 1088 VI.
1590 1048 1627 1089 7.

151 1118 305 1160 omisso
338 1115 597 1157 substantivo
630 1114 775 1154 dicitur
804 1112 968 1165 πιτυΐνη
997 1113 1107 1153 Paul.
1131 1114 1212 1153 VII.
1247 1113 1310 1165 18,
1340 1112 1431 1154 294.
1464 1117 1503 1153 et
1532 1112 1624 1154 296.

150 1185 257 1226 sicut
294 1181 547 1234 τερεβινθίνη
586 1180 740 1231 Geopp.
770 1178 870 1219 XVI.
901 1178 936 1219 9.
977 1178 1089 1219 Paul.
1121 1179 1203 1219 VII.
1235 1179 1327 1220 288.
1373 1190 1447 1230 pro
1488 1178 1628 1219 resina

149 1249 441 1300 terebinthina,
483 1257 600 1286 nemo
645 1246 762 1285 aliter
802 1245 1089 1296 pronunciabit
1119 1256 1239 1296 quam
1268 1244 1535 1284 masculinum
1563 1257 1626 1283 πι-

147 1314 297 1363 τύϊνος.
342 1313 579 1364 Eodemque
608 1310 729 1351 modo
763 1310 991 1362 plantarum
1024 1311 1190 1350 nomina
1221 1311 1440 1359 πελεκῑνος,
1470 1318 1626 1361 σταφυ-

148 1385 260 1429 λῖνος
287 1379 463 1421 discerni
493 1378 543 1418 ab
575 1376 788 1428 adjectivis
821 1376 1185 1428 proparoxytonis,
1217 1386 1267 1415 ex
1295 1376 1346 1415 iis
1377 1386 1481 1427 quae
1511 1375 1625 1426 prius

148 1449 257 1490 dicta
286 1448 380 1487 sunt
410 1448 503 1484 ante
535 1443 679 1483 oculos
711 1446 786 1482 est.
836 1441 972 1481 Tertio
1006 1441 1230 1481 eduliorum
1250 1440 1453 1481 vocabula
1475 1451 1524 1481 ex
1547 1439 1625 1480 ad-

143 1512 308 1567 jectivis
341 1511 448 1550 sacta
478 1510 656 1549 nativam
685 1507 862 1547 retinere
894 1507 1135 1547 brevitatem
1174 1506 1419 1547 documento
1453 1509 1517 1546 est
1544 1519 1624 1558 γυ-

147 1579 239 1633 ρίνη
268 1579 309 1617 in
337 1576 505 1616 Luciani
534 1585 676 1625 versu,
719 1573 783 1613 cui
822 1573 1135 1623 aequiparamus
1174 1571 1360 1624 κεγχρίνη
1391 1571 1515 1623 pultis
1546 1571 1626 1610 mi-

146 1646 303 1686 liaceae
334 1650 483 1680 nomen
527 1643 567 1679 et
603 1637 824 1690 θριδακίνη
864 1638 1079 1689 placentae
1118 1637 1278 1678 diverse
1310 1649 1333 1677 a
1363 1637 1624 1678 substantivo

145 1707 367 1762 θριδακίνῃ
395 1706 420 1745 i.
454 1716 490 1756 q.
528 1702 796 1756 θριδακίσκη,
835 1702 944 1755 quod
974 1714 998 1742 a
1027 1700 1175 1755 θρῖδαξ
1214 1701 1439 1742 derivatum
1479 1705 1543 1742 est
1580 1705 1625 1742 ut

148 1790 172 1819 a
203 1771 354 1827 δέλφαξ
385 1769 606 1823 δελφακίνη
635 1770 722 1809 iota
751 1769 904 1821 pariter
934 1767 1158 1821 producto3
1197 1771 1409 1820 postremo
1439 1765 1626 1816 Μαζιναί

148 1839 344 1896 (μάζιναι)
375 1833 494 1890 μάζαι
523 1835 699 1886 Hesych.
735 1830 875 1887 Ὀξίνη
905 1845 1082 1887 quoque,
1115 1835 1202 1874 sive
1231 1834 1402 1886 irpicem
1436 1832 1626 1884 designat

148 1910 235 1952 sive
277 1903 575 1956 oxyregmiam‚
624 1904 770 1940 natura
818 1899 1062 1950 adjectivum
1102 1899 1283 1949 videtur,
1328 1902 1367 1939 et
1407 1898 1625 1951 σπαρτίναι

145 1973 247 2015 Poll.
267 1971 314 2012 X.
350 1968 438 2011 113.
470 1970 586 2019 cujus
617 1970 829 2006 accentum
859 1976 943 2005 non
972 1968 1134 2005 mutem.
1177 1964 1258 2005 Sed
1284 1963 1509 2017 Γευστρίνη
1527 1965 1625 2016 γαῦ-

146 2041 217 2085 λος
244 2037 341 2078 Hes.
370 2044 604 2086 germanum
643 2032 732 2072 sine
771 2031 893 2072 dubio
936 2031 1235 2072 substantivum
1274 2034 1349 2071 est.
1404 2030 1464 2070 De
1500 2031 1625 2082 μολυ-

145 2104 284 2159 βδίνη,
316 2099 426 2153 quod
456 2102 519 2139 est
550 2097 619 2138 teli
648 2108 799 2150 genus,
832 2094 1036 2137 dubit0.3⁷

256 2205 295 2249 §.
324 2199 361 2241 8.
408 2196 585 2238 Nomina
623 2196 831 2247 gentilicia
861 2198 1182 2236 consentaneum
1213 2196 1278 2234 est
1308 2195 1425 2246 sequi
1455 2206 1625 2236 mensu-

144 2279 231 2310 ram
259 2263 599 2307 musculinorum:
631 2258 822 2312 Κραστός
850 2285 904 2291 —
933 2256 956 2300 ὁ
984 2260 1150 2312 πολίτης
1180 2261 1433 2312 Κραστῖυος,
1463 2257 1509 2301 τὸ
1538 2263 1623 2314 θη-

144 2329 269 2375 λυκὸν
299 2328 510 2383 Κραστίνη
541 2327 681 2379 Steph.
714 2331 790 2369 etc.
842 2325 1005 2379 Καρίνη
1036 2327 1077 2366 in
1109 2326 1319 2372 Thesauro
1360 2326 1623 2378 amphimacri

144 2403 285 2440 notam
313 2394 474 2446 accepit
504 2397 547 2434 ut
577 2392 684 2445 apud
712 2392 958 2444 Hesychium
987 2392 1169 2444 Καρίυαι
1196 2390 1410 2447 θρηνῳδοί
1439 2396 1479 2433 et
1501 2393 1622 2445 Καρ-

234 2588 293 2630 37)
316 2588 380 2621 Pro
406 2584 587 2630 σαρδῆναι
612 2584 732 2619 Galen.
761 2583 804 2618 de
831 2582 932 2617 Alim.
959 2583 1091 2617 Facult.
1119 2583 1181 2618 111.
1208 2582 1270 2625 41,
1295 2583 1371 2619 746.
1397 2583 1433 2617 Τ.
1462 2584 1517 2617 VI.
1548 2583 1620 2617 Co-

147 2653 224 2678 raes
251 2643 293 2676 ad
320 2642 466 2677 Xenocr.
493 2652 525 2685 p.
552 2641 628 2677 202.
657 2638 827 2684 σαρδίναι
853 2639 958 2674 scribi
984 2640 1055 2674 vult
1078 2639 1135 2675 vel
1161 2638 1348 2682 σαρδῑνοι,
1382 2639 1475 2684 quod
1498 2649 1623 2675 nomen

147 2699 253 2734 hodie
278 2699 312 2731 in
336 2706 400 2731 usu
427 2700 489 2733 est.
