1699 3021
331 158 398 201 DE
429 159 550 201 MUT.
583 158 791 201 TERMIN.
822 159 1021 202 CAUSIS.
1068 160 1109 202 C.
1130 160 1175 202 11.
1206 165 1245 210 §.
1265 162 1302 204 6.
1501 162 1553 204 31

80 268 242 321 φρῦνος
267 265 431 321 φρύνη,
473 270 590 319 cujus
630 268 806 310 nominis
845 279 928 310 non
963 269 1169 321 scriptura
1205 269 1338 311 solum
1367 269 1555 323 ambigua

80 339 145 375 est
172 345 209 375 v.
237 333 403 375 Jacobs.
435 333 487 374 ad
515 333 603 374 Ael.
622 333 715 374 569.
746 333 820 375 sed
851 345 940 374 cum
961 334 1245 375 terminatione
1266 346 1555 388 nonnunquam

77 400 199 440 etiam
221 399 465 451 significatio
489 403 666 439 mutatur
686 411 721 439 v.
745 399 979 441 Schneider.
1001 399 1051 440 ad
1072 400 1158 441 Nic.
1178 401 1294 441 Alex.
1314 412 1350 441 v.
1370 399 1463 441 570.
1486 402 1553 453 qui

76 464 174 506 illud
204 465 395 518 rubetae,
432 465 511 505 hoc
540 475 664 504 ranae
693 475 843 504 nomeu
874 475 969 505 esse
998 465 1191 506 declarat.
1248 465 1308 506 De
1336 461 1554 507 σκολόπεν-

77 531 174 582 δρος
213 535 253 571 et
293 526 572 581 σκολόπενδρα
610 530 808 569 incertum
839 535 903 570 cst
929 530 1125 582 judicium
1157 530 1209 571 ob
1239 530 1434 572 librorum
1464 531 1554 573 dis-

77 596 328 648 crepantiam
358 608 393 636 v.
430 594 756 645 Schweighaues.
787 594 837 635 ad
865 596 1010 637 Athen.
1040 596 1120 637 Vll.
1150 596 1241 637 304.
1272 596 1312 638 F.
1343 596 1411 637 ubi
1438 608 1553 638 mas-

77 660 211 701 culina
240 661 468 701 terminatio
501 665 650 712 poetae
679 660 858 701 sortasse
885 662 1019 712 aptior
1049 662 1139 701 visa
1169 660 1219 701 ad
1247 661 1550 712 significandam

76 726 392 778 scolopendram
422 726 616 766 marinam
647 730 790 776 utpote
820 728 1027 777 majorem.
1087 727 1155 768 Sic
1186 731 1297 767 certe
1327 726 1376 768 de
1406 726 1552 768 home-

75 793 161 832 rico
195 792 375 843 epitheto
417 787 548 838 δεινὸς
577 786 681 843 ἀήτη
710 790 751 831 Il.
781 790 862 832 XV.
893 791 985 833 626.
1021 792 1220 844 judicavit
1261 792 1497 833 Scholiasta
1524 808 1551 846 η

75 852 267 910 ἀρσενικὴ
304 852 499 909 προφορὰ
531 851 885 909 ἐμφαντικώτερον
921 852 995 897 τὸν
1028 854 1153 910 λόγον
1191 853 1450 909 ἀπεργάζεται
1480 857 1549 900 καὶ

73 918 148 962 τὸν
181 919 334 973 ἄνεμον
369 919 649 973 σφοδρότερον
676 920 874 972 δείκνυσι,
912 922 1099 975 idemque
1129 923 1348 964 discrimen
1377 929 1550 976 apparet

74 988 116 1028 in
145 986 290 1027 aliis.22
339 986 459 1038 Apud
492 987 750 1027 Theocritum
781 987 824 1028 V.
856 987 920 1028 24.
952 993 991 1028 et
1024 989 1111 1029 144.
1143 984 1166 1028 ὃ
1197 984 1327 1041 ἀμνός
1357 994 1397 1030 et
1424 986 1449 1043 ἡ
1479 986 1553 1043 ἀμ-

72 1049 146 1101 νός
183 1056 263 1093 tam
301 1050 523 1091 indiscreta
565 1057 660 1092 sunt
697 1063 816 1103 quam
847 1049 870 1092 ὁ
901 1058 940 1094 et
969 1049 995 1106 ἡ
1023 1051 1229 1106 ἔριφος-,323
1258 1050 1280 1094 ὁ
1312 1059 1352 1096 et
1379 1051 1406 1108 ἡ
1434 1052 1550 1108 γέρα-

71 1131 166 1166 νος,
215 1112 239 1157 ὁ
269 1120 309 1157 et
338 1111 364 1169 ἡ
394 1112 571 1168 κόρυδος
602 1121 677 1158 etc.
715 1117 902 1169 idemque
932 1119 1068 1159 valent
1106 1118 1215 1170 quod
1245 1114 1363 1172 ἀμνίς
1390 1132 1426 1162 v.
1459 1121 1548 1164 139.

72 1185 125 1224 At
163 1194 213 1223 ex
244 1181 394 1223 Suidae
424 1182 560 1222 verbis
588 1178 734 1233 Ἀμνός
762 1178 979 1234 ἀρσενικὸν
1006 1181 1216 1236 πρόβατον
1242 1182 1291 1225 τὸ
1318 1181 1444 1237 μέσον
1473 1183 1550 1240 τὴν

71 1245 233 1303 ἡλικίαν
260 1246 331 1288 καὶ
356 1243 464 1300 ἀμνή
494 1244 540 1288 τὸ
570 1249 695 1301 θῆλυ,
728 1253 767 1289 et
797 1249 911 1290 Eust.
943 1261 979 1301 p.
1003 1249 1119 1303 1627,
1143 1249 1204 1291 12.
1234 1252 1309 1291 τοῦ
1329 1247 1466 1304 ἀμνοῦ
1480 1251 1551 1293 καὶ

70 1309 259 1368 θηλυκὸν
286 1308 312 1365 ἡ
343 1308 452 1365 ἀμνή
492 1311 590 1364 ὅπερ
631 1311 843 1355 ἐνιαύσιον
871 1312 976 1365 ἄρνα
1003 1314 1137 1368 ὁηλοῖ,
1181 1320 1352 1368 apparet
1380 1317 1550 1358 Aristo-

71 1381 244 1434 phanem
288 1379 398 1430 (nam
435 1378 529 1419 hinc
566 1379 636 1419 illa
666 1379 815 1421 hausta
845 1382 956 1433 sunt)
998 1392 1141 1433 agnam
1180 1376 1317 1435 ἀμνήν
1353 1382 1431 1424 dici
1468 1394 1548 1424 vo-

70 1447 218 1499 luisse,
249 1455 397 1496 agnum
425 1440 499 1484 τὸν
527 1438 671 1497 ἀμνόν.

191 1555 230 1600 §.
261 1549 298 1592 6.
355 1549 417 1590 Ex
457 1550 586 1602 prima
627 1549 900 1591 declinatione
947 1550 1024 1591 huc
1061 1551 1287 1604 repetenda
1324 1557 1420 1594 sunt
1458 1553 1548 1606 pri-

69 1628 177 1658 mum
208 1627 312 1670 quae
339 1626 442 1656 voce
472 1626 556 1655 non
586 1616 705 1655 etiam
737 1615 1034 1667 significatione
1065 1616 1272 1658 differunt:
1303 1612 1423 1670 ἀμίας
1449 1613 1548 1671 ἀμία
1583 1621 1591 1629 “

71 1679 224 1736 (ἀμια),
254 1677 438 1734 ἀχαιίνης
466 1676 650 1734 ἀχαιίνη,
679 1678 899 1734 Δελφύνης
916 1679 1179 1736 Λε].φύνη,24
1207 1680 1432 1737 παλαιστής
1457 1684 1545 1726 Sive

69 1745 277 1801 παλαστής
304 1744 530 1800 παλαιστή,
574 1742 753 1799 ἀράχνης
785 1742 961 1800 ἀράχνη,
1006 1747 1114 1800 quod
1155 1747 1412 1790 Grammatici
1454 1759 1544 1790 cum

71 1814 310 1866 synonymis
338 1809 466 1866 νάκης
488 1809 606 1865 νάκη,
639 1806 765 1864 ἀήτης
792 1807 909 1864 ἀήτη,
941 1810 1045 1866 γύης
1077 1810 1158 1866 γύη
1190 1824 1437 1865 componere
1469 1825 1544 1855 SO-

68 1881 153 1922 lent
181 1892 217 1921 v.
247 1879 332 1919 EM.
362 1889 399 1930 p.
432 1878 523 1930 101,
553 1878 618 1920 30.
648 1889 685 1930 p.
709 1878 802 1931 541,
836 1879 897 1921 13.
929 1890 965 1930 p.
995 1877 1089 1931 597,
1121 1878 1182 1920 14.
1215 1878 1346 1920 Cram.
1366 1878 1547 1922 1.297.2⁵

158 2044 218 2087 22)
245 2045 306 2077 Ἐκ
332 2043 395 2076 τοῦ
418 2042 538 2087 τάφου
565 2042 720 2088 φύονται
746 2043 919 2088 Διιυρῥίναι
944 2043 1112 2088 καθάπερ
1138 2044 1176 2077 αἱ
1193 2042 1460 2088 στεᾳανώτιδες
1477 2043 1547 2078 τῶν

71 2100 188 2135 ἄλλων
211 2100 326 2132 ὄντων
347 2098 522 2143 μεγάλων
543 2098 730 2143 Αιιυρῥίιίυν
762 2098 934 2141 Theophr.
962 2098 1002 2133 Π.
1028 2099 1077 2133 Pl.
1107 2099 1146 2133 V.
1172 2099 1194 2135 8
1220 2098 1274 2143 (9)
1299 2099 1331 2135 3.
1369 2100 1427 2143 qui
1458 2109 1544 2136 Sae-

72 2158 150 2201 pius
175 2153 192 2189 ὁ
219 2159 253 2190 et
277 2153 294 2195 ἡ
319 2153 496 2197 μύῤῥινος
521 2157 555 2189 et
578 2152 731 2198 μνῤῥιίἠ
757 2155 895 2197 scripsit
913 2153 1046 2188 sublato
1073 2154 1282 2190 discrimine.
1322 2155 1359 2189 ln
1381 2154 1545 2198 Hesychii

72 2211 150 2245 loco
166 2209 306 2253 χελιῦνα
328 2208 391 2249 τὴν
411 2209 613 2240 θαλασσίαν
633 2206 795 2251 χελώνην
817 2207 983 2251 λέγουσιν
1009 2207 1054 2245 ὡς
1074 2209 1134 2249 τὴν
1155 2208 1321 2253 ἀράχνην
1340 2208 1544 2254 &guel-‘mimz

72 2275 133 2309 pro
157 2263 298 2308 χελῶνα
323 2263 543 2298 scribendum
569 2266 620 2298 est
646 2261 809 2306 xaeionro‘u
832 2263 885 2297 vel
911 2263 1069 2306 χελωνός
1093 2269 1128 2298 ιιι
1151 2265 1184 2297 in
1212 2264 1290 2298 cod.
1317 2264 1453 2307 legitur,
1478 2274 1545 2308 quo

73 2321 209 2354 nomine
242 2318 424 2361 chelydrus
453 2320 527 2354 sive
553 2318 692 2354 testudo
722 2319 850 2351 marina
871 2318 1083 2360 significatur
1110 2321 1262 2355 terrestri
1287 2319 1392 2353 multo
1418 2322 1546 2363 inajor3

73 2384 134 2418 pro
160 2375 278 2408 ultimo
306 2373 481 2417 ἄραχνον.
535 2373 608 2409 Nec
635 2373 807 2407 fortuitum
834 2383 914 2408 esse
947 2374 1090 2408 arbitror
1118 2375 1210 2419 quod
1235 2374 1429 2418 Aeschylus
1455 2376 1545 2409 insi-

73 2430 241 2464 diatorem
268 2429 433 2472 ἄραχνον
458 2431 613 2472 vocavit,
649 2429 896 2464 insidiatricem
925 2429 1101 2473 ἀράχνην.

162 2500 221 2541 23)
255 2500 401 2543 ἸῖρίιῙη,
430 2499 521 2542 quod
546 2499 782 2535 Schneiderus
811 2510 852 2536 ex
876 2500 950 2534 EM.
978 2499 1094 2541 affert,
1130 2509 1254 2535 nomen
1280 2501 1455 2544 proprium
1481 2505 1545 2537 est.

161 2570 220 2613 24)
256 2569 421 2613 ..lskqa‘vq
457 2567 605 2613 δράκων
628 2570 767 2614 Dionys.
805 2581 835 2605 v.
861 2572 937 2606 441.
965 2569 1082 2603 Schol.
1109 2569 1242 2604 confert
1268 2580 1345 2605 curn
1369 2571 1547 2608 homerico

72 2625 163 2659 λέων
183 2625 385 2668 ἠϋγένειος,
412 2626 687 2661 terminationem
714 2627 910 2661 femininam
939 2635 1015 2659 cum
1041 2624 1194 2668 epitheto
1221 2625 1370 2663 feminae
1395 2629 1546 2671 proprio.

159 2695 219 2738 25)
254 2695 350 2736 Quae
377 2695 471 2730 addit
495 2693 511 2727 ὁ
537 2695 674 2739 λέσχης,
702 2695 719 2729 ὁ
744 2696 876 2737 πλήμη
904 2697 941 2738 (a
965 2694 1077 2737 πλάτη
1104 2695 1310 2740 derivatum)
1343 2699 1418 2734 sine
1443 2697 1547 2732 dubio
