1699 3021
308 167 375 209 DE
405 167 527 209 MUT.
558 166 767 210 TERMIN.
800 166 999 208 CAUSIS.
1039 166 1080 209 C.
1101 167 1128 209 Ι.
1168 172 1205 216 §.
1225 168 1262 210 3.
1468 166 1522 209 13

53 277 226 321 nominis
263 275 465 317 diversam
506 275 556 316 ab
593 275 834 316 Aristarcho
869 276 1068 316 rationem
1098 275 1273 316 reddidit
1302 276 1376 318 sed
1405 287 1523 317 com-

53 343 247 396 plurium,
286 342 395 382 velut
423 343 463 381 in
494 340 631 382 Schol.
660 340 702 381 Il.
733 341 775 381 V.
801 340 893 382 887.
922 337 1028 393 τυπή
1058 337 1114 388 ὡς
1142 338 1297 394 πληγή·
1342 341 1457 381 δοκεῖ
1480 337 1525 381 δὲ

53 403 108 455 ὦς
150 408 253 458 (scr.
281 402 337 453 ὥς
363 401 432 457 οὐ)
469 403 571 457 πρὸς
599 401 825 456 ἀναλογίαν
854 407 1146 458 σημειοῦσθαι·
1196 403 1248 446 τὰ
1275 401 1354 458 γὰρ
1383 406 1438 454 εἰς
1467 399 1525 460 {m}

52 469 280 524 δισύλλαβα
308 469 545 523 βαρύνεται·
589 470 623 511 εἰ
651 467 694 510 δὲ
719 466 925 521 ὀξύνεται,
967 469 1043 523 ἔχει
1070 467 1151 524 πρὸ
1179 472 1255 512 τοῦ
1284 468 1425 520 τέλους
1451 469 1478 525 ἢ
1510 473 1525 514 Z

54 534 191 590 (ῥιπή)
216 534 244 589 ἣ
271 537 294 577 ὁ
315 534 475 589 (κοπή).
518 537 616 583 Πῶς
645 529 724 576 οὖν
750 532 797 576 τὸ
827 533 935 589 τυπή
961 534 1094 589 μόνον
1123 533 1374 589 ὀξυνόμενον
1402 551 1523 591 παρε-

50 600 183 656 λήχθη
219 603 277 658 τῷ
310 607 362 650 υς
412 602 667 653 Responderi
707 606 870 653 poterat
909 603 961 643 ob
1001 602 1204 643 diversam
1243 614 1266 643 a
1296 604 1523 645 masculino

50 666 179 716 τύπος
211 668 560 719 significationem.
624 666 705 708 Sed
741 667 817 707 hac
855 668 1015 708 ratione
1061 667 1319 708 Herodianus
1360 669 1524 709 omnino

51 745 134 775 non
172 745 271 774 usus
310 732 490 786 videtur,
535 743 667 783 neque
706 733 756 773 ab
786 733 964 774 Arcadio
1004 744 1178 784 uuquam
1216 734 1325 774 illius
1354 734 1526 775 Ammo-

52 800 198 840 nianae
217 799 382 849 regulae
403 799 553 839 mentio
580 800 689 839 sacta
719 803 795 851 est,
825 800 892 851 qui
924 800 1008 840 sere
1040 803 1151 840 totus
1175 799 1325 851 pendet
1354 811 1404 840 ex
1428 800 1526 841 lite-

52 876 186 905 rarum
217 865 537 915 consequentiis.

134 933 172 977 §.
203 929 239 970 3.
298 929 370 969 Illa
408 929 568 979 quidem
611 929 660 969 de
700 929 932 970 nominibus
962 929 1002 969 in
1033 931 1079 976 (ῖς
1110 933 1149 970 et
1176 932 1204 982 ῆ
1235 929 1419 981 perfecto
1451 941 1524 972 se-

53 994 184 1036 cundo
215 994 413 1045 subjectis
447 994 592 1034 tradita
623 999 740 1045 sunt3
785 994 835 1034 de
865 995 944 1034 alio
975 1005 1125 1045 genere
1156 995 1217 1035 sic
1247 995 1523 1047 praecipiunt:

51 1057 101 1101 τὰ
129 1054 210 1099 ἀπὸ
240 1055 467 1111 ἀρσενικῶν
496 1057 521 1112 ἢ
549 1060 748 1112 θηλυκῶν
776 1059 832 1106 εἰς
861 1054 1077 1110 οὐδέτερον
1105 1057 1223 1111 γένος
1250 1058 1525 1111 μεταπλασσό-

51 1138 152 1178 μενα
187 1125 263 1165 τοῦ
301 1121 433 1165 αὐτοῦ
473 1122 777 1178 σημαινομένου
812 1121 1008 1177 μένοντος
1045 1120 1119 1165 τὸν
1159 1120 1292 1165 αὐτὸν
1323 1123 1523 1177 φυλάσσει

51 1187 187 1240 τόνον,
218 1190 357 1243 δεσμοί
377 1188 523 1242 δεσμά,
552 1192 722 1244 πλευραί
740 1187 894 1242 πλευρά
925 1191 1054 1231 Craln.
1078 1190 1123 1231 II.
1144 1189 1236 1231 399.
1266 1190 1352 1231 ΕΜ.
1374 1190 1466 1244 675,
1488 1191 1523 1233 1.

53 1257 120 1308 qui
141 1255 356 1309 p.585‚32.
378 1256 488 1297 addit
507 1253 557 1296 τὰ
576 1253 730 1308 ἐρετμά,
761 1255 811 1297 τὰ
837 1257 945 1297 οἰκία
968 1260 1007 1296 et
1029 1268 1065 1307 p.
1087 1255 1179 1309 653,
1201 1256 1265 1297 27.
1296 1254 1340 1295 αἱ
1364 1256 1527 1308 παρειαί

50 1318 101 1362 τὰ
135 1319 303 1374 παρειά,
351 1322 487 1363 Schol.
519 1322 569 1362 ad
601 1322 643 1362 Il.
672 1322 699 1363 Ι.
728 1322 820 1364 464.
852 1319 970 1374 ζυγός
1003 1318 1146 1373 ζυγόν,
1188 1320 1337 1374 δίφρος
1374 1321 1526 1375 δίφρον

54 1387 231 1440 (δίφρα),
262 1389 329 1439 qui
360 1387 452 1427 hinc
483 1388 638 1439 colligit
668 1392 781 1429 recte
813 1389 937 1429 scribi
965 1388 1076 1440 μῆρα
1106 1387 1269 1428 diverso
1303 1398 1327 1427 a
1356 1399 1525 1428 mascu-

51 1453 133 1493 lino
173 1458 346 1494 accentu
383 1454 417 1493 si
456 1454 655 1505 significet
695 1465 799 1505 quae
839 1453 915 1494 diis
955 1453 1233 1505 pollucentur‚
1276 1449 1386 1505 μηρά
1423 1464 1523 1494 vero

53 1517 310 1559 scribendum
349 1530 444 1559 esse
493 1519 528 1559 si
575 1518 681 1559 idem
720 1520 773 1559 sit
812 1519 923 1572 quod
958 1520 1091 1572 μηροί.
1117 1519 1152 1545 13
1206 1518 1362 1560 Eodem
1401 1518 1524 1560 modo

54 1583 150 1625 Sch-
184 1583 234 1624 ad
264 1584 326 1625 111.
349 1584 412 1626 35.
450 1581 502 1624 τὰ
530 1579 612 1625 ἀπὸ
640 1586 839 1638 θηλυκῶν
866 1582 1193 1638 μεταποιούμενα
1221 1584 1277 1632 εἰς
1304 1580 1524 1638 οὐδέτερον

51 1645 168 1702 γένος
197 1654 273 1690 eto.
304 1649 379 1691 sed
409 1649 518 1690 addit
557 1645 635 1691 οὐκ
664 1647 881 1692 ἀντίκειται
909 1649 955 1692 τὸ
984 1652 1126 1702 νευραί
1154 1649 1224 1691 καὶ
1252 1652 1399 1702 νεῦρα·
1438 1648 1524 1692 διά-

52 1729 188 1768 φορον
214 1711 294 1766 γὰρ
321 1711 368 1753 τὸ
398 1712 709 1767 σημαινόμενον.
776 1717 924 1758 Verum
962 1717 1038 1758 hae
1070 1717 1268 1758 formulae
1296 1730 1443 1759 vereor
1471 1729 1524 1760 ne

52 1781 144 1833 plus
176 1781 413 1832 promittant
443 1792 561 1831 quam
590 1785 813 1832 praestent.
870 1781 971 1822 Nam
999 1783 1169 1833 primum
1196 1783 1322 1824 multa
1345 1788 1440 1825 sunt
1460 1783 1526 1825 di-

54 1846 268 1898 catalecta,
298 1856 402 1897 quae
432 1847 754 1897 significationes
784 1845 969 1887 diversas
999 1848 1150 1888 habent
1180 1854 1352 1889 accentu
1382 1848 1526 1891 eodem

0 1923 1 1933 ¹
53 1915 97 1952 ut
126 1906 245 1958 ὁλκὸς
272 1911 348 1950 τοῦ
378 1908 513 1963 ὄφεως
541 1908 591 1951 τὰ
621 1912 724 1965 ἴχνη,
755 1908 855 1966 ὁλκή
885 1910 927 1953 δὲ
955 1909 1002 1953 τὸ
1030 1910 1158 1965 βάρος
1188 1913 1359 1954 Gramm.
1390 1914 1525 1956 Herm.

54 1988 91 2029 p.
121 1976 212 2017 350.
243 1987 280 2016 n.
312 1976 400 2018 186.
431 1978 687 2030 Moschopul.
716 1979 818 2020 Dict.
847 1979 930 2020 Att.
960 1990 993 2020 s,
1022 1979 1059 2020 h.
1088 1991 1125 2020 v.
1161 1975 1321 2019 στελεόν
1359 1975 1385 2032 ἢ
1422 1975 1527 2020 ἀττι-

53 2043 135 2089 κῶς
163 2038 318 2090 στελεός
347 2039 372 2094 ἡ
401 2040 527 2096 λαβὴ,
570 2041 706 2083 στελεά
735 2041 779 2083 oze,
810 2039 835 2096 ἡ
865 2042 998 2097 τρυπή
1036 2044 1173 2086 Schol.
1205 2043 1277 2087 Od.
1308 2045 1352 2086 V.
1377 2045 1469 2088 256.
1493 2045 1529 2071 14

55 2111 95 2149 et
115 2119 219 2160 quae
238 2108 476 2149 Ammonius
497 2109 587 2160 ipse
612 2109 808 2150 discernit
832 2101 962 2158 ἆθλος
981 2106 1004 2151 ὁ
1028 2106 1153 2162 ἀγών,
1184 2102 1319 2150 ἆθλον
1338 2107 1385 2151 τὸ
1404 2109 1529 2151 ἔπαθ-

53 2175 150 2223 λον,
191 2174 240 2214 cs.
278 2173 419 2215 Lehrs.
461 2174 511 2215 de
545 2175 670 2216 Arist.
704 2175 792 2216 151.
832 2171 948 2227 οἶμος
983 2172 1009 2229 ἡ
1049 2172 1167 2226 ὁὸός,
1209 2176 1304 2229 οἴμη
1345 2174 1387 2217 δὲ
1426 2173 1529 2233 ᾠδή,

56 2235 180 2291 ὄχθαι
206 2240 404 2291 ποταμῶν
431 2241 560 2293 χείλη,
600 2237 719 2292 ὄχθοι
749 2237 792 2281 ὁὲ
823 2239 1033 2294 ἐπάρματα
1061 2243 1157 2294 γῆς,
1197 2243 1238 2283 111
1276 2242 1425 2295 quibus
1465 2245 1532 2284 est

55 2304 153 2346 illud
183 2304 293 2357 quod
325 2305 462 2347 Schol.
492 2306 606 2356 Hom.
637 2307 661 2348 l.
693 2318 726 2348 0.
756 2307 990 2349 indiscretis
1021 2307 1280 2361 adnumerat,
1321 2304 1440 2360 ζυγός
1467 2305 1533 2348 ἐπὶ

147 2472 204 2515 13)
233 2473 277 2504 Εἰ
299 2474 428 2518 κυρίως
452 2471 494 2505 τὰ
523 2470 746 2516 ἁγιαζόμενα
777 2475 877 2509 ι’)-εοῖς
898 2473 998 2517 μῆρα
1026 2473 1209 2511 καλεῖται,
1240 2471 1277 2506 τὸ
1303 2473 1385 2517 περὶ
1409 2471 1448 2506 τὸ
1475 2483 1532 2513 ση-

56 2525 283 2569 μαινόμενον
315 2529 375 2559 zat
412 2527 472 2559 τοῦ
503 2529 583 2572 περὶ
620 2528 680 2560 τὸν
715 2527 820 2561 ιόνον
854 2527 1115 2573 ιἰιιιαρῑήλιιαιος
1151 2528 1212 2570 τὴν
1241 2527 1336 2566 λέξιν
1371 2526 1532 2565 ἀπολύει,

59 2581 160 2615 scrib.
190 2580 250 2613 τοῦ
275 2584 355 2625 περὶ
384 2581 422 2615 τὸ
447 2594 531 2626 σημ.

149 2646 205 2700 14)
232 2658 306 2697 Quo
333 2662 474 2695 auctore
499 2659 735 2696 Schneiderus
763 2659 805 2694 ad
828 2660 902 2694 Nic.
932 2660 1031 2697 Ther.
1051 2660 1129 2697 237.
1156 2659 1302 2696 affirmet
1324 2659 1537 2695 manubrium

60 2711 181 2752 σιελεὴ
209 2712 289 2755 dici,
315 2723 382 2748 non
406 2716 557 2751 invenio.
