1731 3021
145 162 226 208 146
623 156 1056 199 DISSERTATIO
1102 157 1147 199 Π.

149 274 200 316 ad
228 273 376 315 Buttm.
404 268 552 312 439.16
588 267 685 309 licet
720 267 912 308 Ταλαΐων
949 277 1032 307 non
1072 267 1203 319 magis
1240 268 1469 320 reperiatur
1506 279 1626 321 quam

145 335 365 388 Ἰαπετίων,
396 335 503 377 unde
527 330 814 386 Ἰαπετιονίδης
828 332 1071 385 productum
1092 337 1155 373 est
1176 335 1219 372 ut
1238 333 1289 373 ab
1305 328 1512 384 Έλατίων,
1544 345 1626 386 quo

148 405 290 458 Epicis
319 403 378 444 uti
408 412 493 442 non
521 400 646 453 licuit,
672 395 947 452 Ἐλατιονίδης
975 400 1016 439 in
1042 398 1088 439 H.
1112 398 1157 439 H.
1185 398 1359 439 Caetera
1389 399 1627 451 epenthesis

152 470 340 523 exempla
379 472 449 509 aut
488 478 538 508 ex
568 466 672 507 locis
703 464 913 506 mendosis
947 465 1068 505 ducta
1099 468 1193 504 sunt
1224 468 1293 504 aut
1323 475 1348 505 a
1378 465 1494 506 falsis
1524 475 1627 517 pro-

153 538 262 579 secta
296 533 538 576 rationibus.
607 532 675 572 Sic
716 542 765 571 ex
802 541 850 571 eo
891 529 1001 582 quod
1035 530 1076 570 in
1107 540 1188 570 uno
1221 529 1407 570 codicum
1435 529 1626 572 Ambros.

152 603 350 655 scriptum
388 603 451 641 est
480 593 711 651 δερδέσκετο
742 595 815 638 Od.
845 596 890 637 V.
919 595 983 637 84.
1015 607 1090 648 pro
1121 591 1372 648 δερκέσκετο,
1416 595 1529 636 fluxit
1557 595 1629 636 illa

152 667 342 710 ariolatio
374 667 416 705 in
440 663 592 705 Anecd.
622 662 894 710 Bachmanmi,
914 661 959 702 ΙΙ.
990 661 1082 703 366.
1120 661 1286 713 Gregor.
1320 661 1504 714 Append.
1533 661 1627 702 677.

151 730 359 779 ἐπέκτασίς
387 729 469 770 ἐστι
504 724 719 781 προςθήκη
749 727 951 779 συλλαβῆς
979 723 1084 767 κατὰ
1111 723 1238 779 μέσον
1264 728 1336 779 τῆς
1363 723 1505 776 λέξεως
1533 725 1628 779 δερ-

151 797 338 848 κέσκετο,
369 793 569 849 ἐτήτυμον
598 797 674 834 etc.
731 793 912 833 Alterius
943 793 1107 843 generis
1137 792 1237 833 haec
1269 796 1385 833 sunt:
1423 789 1627 833 κτεάτεσσι

151 858 409 915 πλεονασμὸν
438 858 566 901 ἔπαθε
593 859 666 911 τῆς
685 849 739 898 ᾗ
763 857 966 910 συλλαβῆς
994 857 1180 899 Eustath.
1212 857 1329 910 1412,
1354 857 1420 900 38.
1446 853 1628 912 ἀγήγοχα

153 955 207 961 ——
245 925 486 970 ἐπλεόνασεν
513 921 539 980 ἡ
567 915 622 978 {13
644 919 867 984 συλλαβήζ
888 921 957 964 καὶ
990 920 1167 977 ἐδήδοκα
1201 925 1443 981 πλεονασμῷ
1478 924 1551 978 τῆς
1578 916 1629 966 δῖ)

151 997 239 1039 ΕΜ.
271 1007 309 1048 p.
338 995 374 1038 9.
411 988 667 1034 ἐπεντιθέασι
701 986 777 1043 τὴν
813 1003 861 1042 με
899 986 1107 1042 συλλαβὴν
1143 987 1188 1030 έν
1226 985 1288 1038 οἷς
1323 986 1630 1045 ἀπαρεμφάτοις

153 1058 429 1107 ἀναδίπλωσις
462 1053 539 1111 οὐχ
578 1053 803 1109 εὑρίσκεται
840 1050 896 1102 ὦς
934 1051 978 1094 ἐν
1011 1055 1069 1111 τῷ
1098 1053 1359 1109 τυπτέμεναι,
1407 1054 1575 1109 δόμεναι
1594 1056 1629 1082 ¹⁷

151 1125 319 1170 Planud.
357 1125 520 1166 Bachm.
561 1124 603 1164 Τ.
642 1122 687 1163 Π.
718 1120 782 1163 96.
824 1120 990 1172 Gregor.
1027 1122 1132 1173 App.
1174 1122 1265 1164 694.
1343 1123 1454 1163 Haec
1494 1123 1629 1164 omnia

147 1203 261 1235 nune
279 1192 396 1232 aliter
419 1190 631 1230 habentur.
663 1186 775 1236 Quae
797 1198 895 1227 vero
917 1188 1124 1228 insitionis
1143 1191 1379 1229 assertores
1393 1189 1434 1228 in
1455 1189 1629 1230 transitu

153 1260 357 1310 attingunt
393 1253 589 1310 ἐτήτυμος
629 1259 667 1295 et
706 1249 957 1306 ἀταρτηρός,
1003 1264 1052 1293 ea
1089 1258 1210 1294 aucta
1240 1253 1401 1306 quidem
1430 1258 1525 1295 sunt
1554 1254 1629 1296 sed

151 1318 235 1366 alia
264 1324 424 1364 ratione
455 1322 515 1363 sic
544 1325 587 1362 ut
616 1316 814 1372 έμήμεκα,
845 1315 1051 1371 ὀρώρυχα,
1083 1330 1172 1360 cum
1202 1331 1250 1360 eo
1283 1319 1393 1371 quod
1423 1319 1627 1371 adjectivo

147 1385 380 1443 ’ἀταρτηρός
419 1393 459 1428 et
497 1387 623 1428 verbo
664 1388 885 1437 conjugato
925 1380 1181 1438 ἀταρτᾶσθαι
1218 1382 1409 1438 βλάπτειν
1436 1386 1532 1427 Hes.
1560 1386 1629 1427 in-

123 1457 126 1460 ’
155 1460 268 1499 serta
284 1459 348 1495 est
367 1463 554 1494 consona
579 1463 658 1504 qua
685 1446 914 1491 ἀτατᾶσθαι
935 1451 984 1491 ab
1008 1450 1151 1492 eodem
1181 1452 1348 1492 allatum
1379 1456 1514 1503 caret;
1551 1464 1628 1494 oe—

154 1527 285 1564 terum
316 1520 411 1573 quia
440 1514 590 1571 ἀτηρός
619 1518 789 1570 primam
818 1518 982 1569 longam
1013 1516 1160 1571 habet⁷
1195 1513 1423 1570 ἀταρτήρος
1450 1517 1627 1573 brevem,

154 1579 212 1629 [ff
232 1585 306 1640 pro
335 1585 610 1626 additamento
641 1584 841 1624 habeatur
869 1593 1044 1622 necesse
1072 1587 1136 1622 est
1165 1593 1248 1622 non
1275 1574 1361 1634 ταᾟ.
1393 1584 1452 1624 De
1471 1581 1629 1638 ἰτητέον

152 1656 335 1695 incertus
366 1661 455 1692 sum
485 1654 617 1689 utrum
648 1650 698 1689 ab
721 1648 913 1688 obsoleto
934 1645 1024 1688 ι’τέω
1049 1647 1293 1688 declinatum
1314 1650 1381 1702 sit,
1412 1651 1476 1691 cui
1495 1651 1628 1692 simil-

152 1721 247 1760 lima
264 1711 520 1769 ειιηῐβατέω,
551 1711 693 1767 βοτέω,
724 1711 864 1764 δοτέω,
894 1710 1043 1764 πατέω,
1075 1725 1126 1753 au
1155 1725 1229 1766 pro
1254 1711 1399 1755 ἰτιτέου
1418 1722 1627 1769 receptum

152 1789 308 1828 mutata
333 1786 504 1835 propter
530 1780 760 1832 epalleliain
788 1780 922 1820 vocali
941 1784 984 1820 ut
1002 1781 1111 1819 intus
1137 1783 1258 1819 aucta
1275 1774 1451 1833 ἠνίπαπε
1470 1786 1509 1822 et
1529 1779 1628 1836 ἐρύ-

153 1865 252 1893 κακε
280 1861 354 1902 pro
381 1844 574 1899 έρύκυκε,
605 1842 777 1899 ἠνίπιπε.
796 1847 829 1871 ¹8
886 1846 974 1894 Qua
1003 1846 1227 1886 mutatione
1256 1846 1388 1887 minus
1420 1858 1525 1900 opus
1556 1849 1630 1890 fuit

153 1917 291 1958 verbis
331 1910 604 1963 ckvivckmcoffl
633 1907 837 1961 ὀπιπεύω,
875 1906 1060 1964 ὀνίνημι,
1106 1910 1179 1952 sed
1209 1911 1362 1963 placuit
1389 1913 1458 1954 ita.
1514 1913 1629 1955 Hanc

242 2082 301 2126 16)
335 2079 575 2115 Acrisionides
602 2078 649 2112 ibi
679 2077 808 2114 editum
836 2082 889 2113 est
916 2087 977 2122 pro
1002 2076 1275 2120 Acrisioniades,
1300 2077 1393 2121 quod
1419 2087 1438 2113 a
1465 2083 1630 2125 patrony-

154 2139 245 2172 mico
272 2137 465 2171 Acrisione.

245 2202 302 2246 17)
337 2201 437 2242 Quod
464 2202 559 2237 addit
585 2199 624 2233 ἓν
648 2195 701 2236 οἷς
725 2198 758 2232 (5³
784 2198 881 2231 ἐστὶν
918 2196 1183 2234 ιῖιάδίῖιλωσις,
1218 2196 1407 2242 οὗδάμιῦς·
1443 2200 1524 2234 οὔτε
1555 2201 1626 2247 γὰρ

157 2257 352 2301 διδόμεναι
381 2257 549 2301 λέγουσιν
581 2256 661 2288 οὔτε
694 2255 963 2297 τετυφὲιιιεναι.
996 2253 1148 2287 metricis
1183 2253 1374 2289 rationibus
1408 2256 1526 2290 nititur
1559 2266 1628 2292 non

156 2313 400 2355 grammaticis,
428 2322 505 2346 nam
532 2310 724 2354 τιθήμεναι
752 2309 876 2343 dicitur
903 2312 936 2343 et
961 2306 1197 2351 amaturum.
1241 2318 1243 2320 ·

248 2380 305 2422 18)
338 2379 389 2414 Ea
414 2379 490 2414 sine
515 2377 618 2411 (lubio
644 2380 800 2411 veterum
828 2375 890 2409 suit
915 2375 1087 2409 sententia
1114 2374 1233 2418 quide
1254 2374 1513 2421 διπλασιασμῷ
1526 2379 1627 2422 μέσῳ

156 2433 339 2476 loquuntur
373 2433 447 2468 EM.
484 2433 560 2475 431,
594 2432 647 2468 52.
682 2430 875 2475 imperfecti
913 2431 1011 2471 ἤιίνιε
1054 2430 1189 2465 literam
1221 2431 1411 2465 secundam
1436 2436 1471 2467 et
1494 2434 1628 2468 tertiam

156 2488 406 2532 reduplicatam
440 2498 520 2524 esse
556 2487 672 2521 addita
697 2490 808 2529 nepe,
837 2486 901 2520 elsi
927 2484 993 2520 hoc
1018 2487 1176 2521 reticent.
1224 2487 1277 2523 De
1303 2489 1460 2531 epectasi
1485 2488 1627 2525 ultimae

157 2543 249 2586 quod
275 2544 460 2586 adjiciunt,
484 2553 540 2579 res
566 2545 643 2586 ipsa
666 2541 804 2576 refellit.

246 2598 302 2640 19]
338 2597 492 2630 Ἀτάλλω
519 2598 610 2642 apud
630 2596 815 2631 Homerum
841 2595 946 2632 habet
965 2596 1254 2638 significationem
1271 2597 1462 2632 neutralem
1485 2597 1628 2633 ludendi

157 2651 236 2694 (τοὺ
262 2651 462 2695 νηπιάζειν)
487 2654 697 2688 transitivam
730 2651 918 2687 deludendi
950 2653 984 2685 in
1011 2652 1235 2696 Hipponactis
1269 2653 1348 2687 loco
1374 2654 1408 2685 τί
1431 2664 1479 2696 με
1504 2653 1626 2697 σκιρά-

157 2720 241 2751 σοις
269 2706 464 2744 aaran&
491 2707 640 2749 (Welck.
669 2717 701 2751 p.
719 2707 791 2750 98.)
819 2708 896 2750 quid
920 2717 971 2740 me
993 2710 1091 2750 nuyz's
1121 2708 1257 2752 decipis.
1307 2708 1392 2742 Hinc
1421 2707 1629 2751 adjectivum
