<?xml version="1.0" encoding="UTF-8"?>
<!DOCTYPE html PUBLIC "-//W3C//DTD XHTML 1.0 Transitional//EN"
    "http://www.w3.org/TR/xhtml1/DTD/xhtml1-transitional.dtd">
<html xmlns="http://www.w3.org/1999/xhtml" xml:lang="en" lang="en">
 <head>
  <title>
</title>
<meta http-equiv="Content-Type" content="text/html;charset=utf-8" />
  <meta name='ocr-system' content='tesseract 3.04.00' />
  <meta name='ocr-capabilities' content='ocr_page ocr_carea ocr_par ocr_line ocrx_word'/>
</head>
<body>
  <div class='ocr_page' id='page_1' title='image "./pathologiaesermo00lobeuoft_0014.png"; bbox 0 0 1731 3021; ppageno 0'>
   <div class='ocr_carea' id='block_1_1' title="bbox 173 151 1187 193">
    <p class='ocr_par' dir='ltr' id='par_1_1' title="bbox 173 151 1187 193">
     <span class='ocr_line' id='line_1_1' title="bbox 173 151 1187 193; baseline 0.004 -4"><span class='ocrx_word' id='word_1_1' title='bbox 173 153 220 190; x_wconf 69' lang='lat' dir='ltr'>vl</span> <span class='ocrx_word' id='word_1_2' title='bbox 665 151 1187 193; x_wconf 84' lang='lat' dir='ltr'>PRAEFATIO.</span> 
     </span>
    </p>
   </div>
   <div class='ocr_carea' id='block_1_2' title="bbox 156 258 1637 2739">
    <p class='ocr_par' dir='ltr' id='par_1_2' title="bbox 157 258 1637 2426">
     <span class='ocr_line' id='line_1_2' title="bbox 171 258 1637 322; baseline -0.005 -13"><span class='ocrx_word' id='word_1_3' title='bbox 171 276 348 309; x_wconf 87' lang='lat' dir='ltr'>suorum</span> <span class='ocrx_word' id='word_1_4' title='bbox 398 265 759 320; x_wconf 79' lang='lat' dir='ltr'>elegantissimos</span> <span class='ocrx_word' id='word_1_5' title='bbox 807 258 1123 322; x_wconf 73' lang='grc' dir='ltr'>παθημάτων</span> <span class='ocrx_word' id='word_1_6' title='bbox 1169 262 1434 320; x_wconf 73' lang='grc' dir='ltr'>ἑλληνικῶν</span> <span class='ocrx_word' id='word_1_7' title='bbox 1480 260 1637 319; x_wconf 72' lang='grc' dir='ltr'><em>θερα-</em></span> 
     </span>
     <span class='ocr_line' id='line_1_3' title="bbox 170 334 1637 399; baseline -0.001 -15"><span class='ocrx_word' id='word_1_8' title='bbox 170 334 404 397; x_wconf 78' lang='grc' dir='ltr'>πευτικήν</span> <span class='ocrx_word' id='word_1_9' title='bbox 438 344 672 399; x_wconf 69' lang='lat' dir='ltr'>inscripsit.</span> <span class='ocrx_word' id='word_1_10' title='bbox 740 343 957 388; x_wconf 88' lang='lat' dir='ltr'>Videlicet</span> <span class='ocrx_word' id='word_1_11' title='bbox 991 343 1209 387; x_wconf 85' lang='lat' dir='ltr'>vocabula</span> <span class='ocrx_word' id='word_1_12' title='bbox 1230 354 1408 398; x_wconf 75' lang='lat' dir='ltr'>quoque</span> <span class='ocrx_word' id='word_1_13' title='bbox 1432 340 1637 384; x_wconf 79' lang='lat' dir='ltr'>affectio-</span> 
     </span>
     <span class='ocr_line' id='line_1_4' title="bbox 170 417 1637 479; baseline -0.003 -15"><span class='ocrx_word' id='word_1_14' title='bbox 170 431 252 464; x_wconf 88' lang='lat' dir='ltr'>nes</span> <span class='ocrx_word' id='word_1_15' title='bbox 299 431 404 464; x_wconf 90' lang='lat' dir='ltr'>suas</span> <span class='ocrx_word' id='word_1_16' title='bbox 442 419 629 479; x_wconf 89' lang='lat' dir='ltr'>habent,</span> <span class='ocrx_word' id='word_1_17' title='bbox 676 433 766 464; x_wconf 89' lang='lat' dir='ltr'>non</span> <span class='ocrx_word' id='word_1_18' title='bbox 802 421 1003 464; x_wconf 87' lang='lat' dir='ltr'>homines</span> <span class='ocrx_word' id='word_1_19' title='bbox 1041 421 1207 478; x_wconf 88' lang='lat' dir='ltr'>solum,</span> <span class='ocrx_word' id='word_1_20' title='bbox 1257 423 1300 463; x_wconf 94' lang='lat' dir='ltr'>et</span> <span class='ocrx_word' id='word_1_21' title='bbox 1346 431 1423 462; x_wconf 84' lang='lat' dir='ltr'>eas</span> <span class='ocrx_word' id='word_1_22' title='bbox 1470 417 1637 462; x_wconf 86' lang='lat' dir='ltr'>similes</span> 
     </span>
     <span class='ocr_line' id='line_1_5' title="bbox 169 495 1637 557; baseline -0.003 -15"><span class='ocrx_word' id='word_1_23' title='bbox 169 496 385 556; x_wconf 88' lang='lat' dir='ltr'>humanis,</span> <span class='ocrx_word' id='word_1_24' title='bbox 420 497 723 557; x_wconf 77' lang='lat' dir='ltr'>pleonasmos,</span> <span class='ocrx_word' id='word_1_25' title='bbox 761 498 942 554; x_wconf 87' lang='lat' dir='ltr'>ellipses</span> <span class='ocrx_word' id='word_1_26' title='bbox 979 502 1218 554; x_wconf 82' lang='lat' dir='ltr'>tropasque</span> <span class='ocrx_word' id='word_1_27' title='bbox 1256 499 1413 556; x_wconf 81' lang='lat' dir='ltr'>varias,</span> <span class='ocrx_word' id='word_1_28' title='bbox 1447 495 1501 539; x_wconf 87' lang='lat' dir='ltr'>ad</span> <span class='ocrx_word' id='word_1_29' title='bbox 1525 505 1637 551; x_wconf 87' lang='lat' dir='ltr'>quas</span> 
     </span>
     <span class='ocr_line' id='line_1_6' title="bbox 171 572 1637 632; baseline -0.003 -12"><span class='ocrx_word' id='word_1_30' title='bbox 171 579 214 620; x_wconf 90' lang='lat' dir='ltr'>et</span> <span class='ocrx_word' id='word_1_31' title='bbox 263 574 607 632; x_wconf 81' lang='lat' dir='ltr'>cognoscendas</span> <span class='ocrx_word' id='word_1_32' title='bbox 655 574 860 630; x_wconf 78' lang='lat' dir='ltr'>diagnosi</span> <span class='ocrx_word' id='word_1_33' title='bbox 907 587 1019 631; x_wconf 88' lang='lat' dir='ltr'>opus</span> <span class='ocrx_word' id='word_1_34' title='bbox 1068 580 1135 620; x_wconf 91' lang='lat' dir='ltr'>est</span> <span class='ocrx_word' id='word_1_35' title='bbox 1178 575 1311 620; x_wconf 87' lang='lat' dir='ltr'>etad</span> <span class='ocrx_word' id='word_1_36' title='bbox 1350 572 1637 629; x_wconf 73' lang='lat' dir='ltr'>corrigendas</span> 
     </span>
     <span class='ocr_line' id='line_1_7' title="bbox 168 652 1637 710; baseline -0.002 -14"><span class='ocrx_word' id='word_1_37' title='bbox 168 653 393 710; x_wconf 82' lang='lat' dir='ltr'>therapia3</span> <span class='ocrx_word' id='word_1_38' title='bbox 429 665 529 696; x_wconf 91' lang='lat' dir='ltr'>nam</span> <span class='ocrx_word' id='word_1_39' title='bbox 569 656 612 696; x_wconf 91' lang='lat' dir='ltr'>et</span> <span class='ocrx_word' id='word_1_40' title='bbox 646 652 732 696; x_wconf 88' lang='lat' dir='ltr'>hoc</span> <span class='ocrx_word' id='word_1_41' title='bbox 767 665 926 696; x_wconf 88' lang='lat' dir='ltr'>nomen</span> <span class='ocrx_word' id='word_1_42' title='bbox 973 665 1056 697; x_wconf 92' lang='lat' dir='ltr'>usu</span> <span class='ocrx_word' id='word_1_43' title='bbox 1105 657 1315 710; x_wconf 87' lang='lat' dir='ltr'>ceperunt</span> <span class='ocrx_word' id='word_1_44' title='bbox 1350 652 1637 697; x_wconf 84' lang='lat' dir='ltr'>Grammatiei.</span> 
     </span>
     <span class='ocr_line' id='line_1_8' title="bbox 169 730 1636 787; baseline -0.002 -13"><span class='ocrx_word' id='word_1_45' title='bbox 169 730 549 784; x_wconf 79' lang='lat' dir='ltr'>Quemadmodum</span> <span class='ocrx_word' id='word_1_46' title='bbox 584 743 688 774; x_wconf 91' lang='lat' dir='ltr'>vero</span> <span class='ocrx_word' id='word_1_47' title='bbox 725 730 944 773; x_wconf 72' lang='lat' dir='ltr'>vocabula</span> <span class='ocrx_word' id='word_1_48' title='bbox 980 731 1078 786; x_wconf 88' lang='lat' dir='ltr'>ipsa</span> <span class='ocrx_word' id='word_1_49' title='bbox 1123 731 1295 775; x_wconf 88' lang='lat' dir='ltr'>duabus</span> <span class='ocrx_word' id='word_1_50' title='bbox 1341 745 1393 775; x_wconf 84' lang='lat' dir='ltr'>ex</span> <span class='ocrx_word' id='word_1_51' title='bbox 1440 731 1636 787; x_wconf 85' lang='lat' dir='ltr'>partibus</span> 
     </span>
     <span class='ocr_line' id='line_1_9' title="bbox 169 808 1636 868; baseline -0.002 -15"><span class='ocrx_word' id='word_1_52' title='bbox 169 812 388 866; x_wconf 80' lang='lat' dir='ltr'>constant,</span> <span class='ocrx_word' id='word_1_53' title='bbox 426 820 607 865; x_wconf 88' lang='lat' dir='ltr'>quarum</span> <span class='ocrx_word' id='word_1_54' title='bbox 642 820 730 851; x_wconf 89' lang='lat' dir='ltr'>una</span> <span class='ocrx_word' id='word_1_55' title='bbox 768 809 897 863; x_wconf 79' lang='lat' dir='ltr'>stirps</span> <span class='ocrx_word' id='word_1_56' title='bbox 936 810 1205 868; x_wconf 71' lang='lat' dir='ltr'>continetur,</span> <span class='ocrx_word' id='word_1_57' title='bbox 1252 810 1390 854; x_wconf 88' lang='lat' dir='ltr'>altera</span> <span class='ocrx_word' id='word_1_58' title='bbox 1436 808 1490 852; x_wconf 89' lang='lat' dir='ltr'>ad</span> <span class='ocrx_word' id='word_1_59' title='bbox 1541 811 1636 851; x_wconf 89' lang='lat' dir='ltr'>ter—</span> 
     </span>
     <span class='ocr_line' id='line_1_10' title="bbox 168 883 1637 943; baseline -0.003 -12"><span class='ocrx_word' id='word_1_60' title='bbox 168 887 452 931; x_wconf 81' lang='lat' dir='ltr'>minationem</span> <span class='ocrx_word' id='word_1_61' title='bbox 488 886 689 943; x_wconf 75' lang='lat' dir='ltr'>pertinet,</span> <span class='ocrx_word' id='word_1_62' title='bbox 728 884 886 929; x_wconf 89' lang='lat' dir='ltr'>eodem</span> <span class='ocrx_word' id='word_1_63' title='bbox 923 885 1055 930; x_wconf 90' lang='lat' dir='ltr'>modo</span> <span class='ocrx_word' id='word_1_64' title='bbox 1094 885 1204 929; x_wconf 85' lang='lat' dir='ltr'>haee</span> <span class='ocrx_word' id='word_1_65' title='bbox 1226 888 1303 930; x_wconf 90' lang='lat' dir='ltr'>erit</span> <span class='ocrx_word' id='word_1_66' title='bbox 1335 883 1637 942; x_wconf 88' lang='lat' dir='ltr'>dispertienda</span> 
     </span>
     <span class='ocr_line' id='line_1_11' title="bbox 168 961 1635 1022; baseline -0.002 -14"><span class='ocrx_word' id='word_1_67' title='bbox 168 965 387 1022; x_wconf 80' lang='lat' dir='ltr'>quaestio.</span> <span class='ocrx_word' id='word_1_68' title='bbox 459 962 644 1006; x_wconf 91' lang='lat' dir='ltr'>Primum</span> <span class='ocrx_word' id='word_1_69' title='bbox 681 964 811 1018; x_wconf 83' lang='lat' dir='ltr'>igitur</span> <span class='ocrx_word' id='word_1_70' title='bbox 847 962 1060 1007; x_wconf 81' lang='lat' dir='ltr'>disseram</span> <span class='ocrx_word' id='word_1_71' title='bbox 1100 963 1154 1008; x_wconf 90' lang='lat' dir='ltr'>de</span> <span class='ocrx_word' id='word_1_72' title='bbox 1191 964 1504 1007; x_wconf 83' lang='lat' dir='ltr'>mutationibus</span> <span class='ocrx_word' id='word_1_73' title='bbox 1537 961 1635 1019; x_wconf 67' lang='lat' dir='ltr'>syl-</span> 
     </span>
     <span class='ocr_line' id='line_1_12' title="bbox 166 1039 1635 1100; baseline -0.003 -13"><span class='ocrx_word' id='word_1_74' title='bbox 166 1042 365 1087; x_wconf 91' lang='lat' dir='ltr'>labarum</span> <span class='ocrx_word' id='word_1_75' title='bbox 402 1040 616 1100; x_wconf 87' lang='lat' dir='ltr'>finalium,</span> <span class='ocrx_word' id='word_1_76' title='bbox 662 1054 752 1085; x_wconf 88' lang='lat' dir='ltr'>nen</span> <span class='ocrx_word' id='word_1_77' title='bbox 799 1040 962 1084; x_wconf 87' lang='lat' dir='ltr'>directe</span> <span class='ocrx_word' id='word_1_78' title='bbox 1015 1041 1094 1086; x_wconf 90' lang='lat' dir='ltr'>sed</span> <span class='ocrx_word' id='word_1_79' title='bbox 1143 1044 1397 1086; x_wconf 76' lang='lat' dir='ltr'>circuitione</span> <span class='ocrx_word' id='word_1_80' title='bbox 1445 1039 1635 1098; x_wconf 89' lang='lat' dir='ltr'>quadam</span> 
     </span>
     <span class='ocr_line' id='line_1_13' title="bbox 165 1118 1635 1176; baseline -0.002 -11"><span class='ocrx_word' id='word_1_81' title='bbox 165 1132 275 1165; x_wconf 89' lang='lat' dir='ltr'>usus</span> <span class='ocrx_word' id='word_1_82' title='bbox 314 1123 358 1164; x_wconf 90' lang='lat' dir='ltr'>et</span> <span class='ocrx_word' id='word_1_83' title='bbox 393 1119 602 1163; x_wconf 85' lang='lat' dir='ltr'>anfractu.</span> <span class='ocrx_word' id='word_1_84' title='bbox 672 1118 781 1162; x_wconf 91' lang='lat' dir='ltr'>Nam</span> <span class='ocrx_word' id='word_1_85' title='bbox 821 1120 923 1175; x_wconf 88' lang='lat' dir='ltr'>quia</span> <span class='ocrx_word' id='word_1_86' title='bbox 961 1119 1066 1176; x_wconf 87' lang='lat' dir='ltr'>quid</span> <span class='ocrx_word' id='word_1_87' title='bbox 1104 1120 1305 1164; x_wconf 80' lang='lat' dir='ltr'>affectum</span> <span class='ocrx_word' id='word_1_88' title='bbox 1345 1122 1399 1164; x_wconf 91' lang='lat' dir='ltr'>sit</span> <span class='ocrx_word' id='word_1_89' title='bbox 1435 1123 1477 1163; x_wconf 92' lang='lat' dir='ltr'>et</span> <span class='ocrx_word' id='word_1_90' title='bbox 1514 1131 1635 1175; x_wconf 84' lang='lat' dir='ltr'>quo—</span> 
     </span>
     <span class='ocr_line' id='line_1_14' title="bbox 164 1197 1634 1254; baseline -0.003 -11"><span class='ocrx_word' id='word_1_91' title='bbox 164 1197 299 1243; x_wconf 90' lang='lat' dir='ltr'>modo</span> <span class='ocrx_word' id='word_1_92' title='bbox 345 1198 445 1241; x_wconf 89' lang='lat' dir='ltr'>sciri</span> <span class='ocrx_word' id='word_1_93' title='bbox 492 1209 584 1241; x_wconf 90' lang='lat' dir='ltr'>non</span> <span class='ocrx_word' id='word_1_94' title='bbox 628 1201 778 1254; x_wconf 87' lang='lat' dir='ltr'>potest</span> <span class='ocrx_word' id='word_1_95' title='bbox 822 1198 906 1240; x_wconf 86' lang='lat' dir='ltr'>nisi</span> <span class='ocrx_word' id='word_1_96' title='bbox 950 1198 1177 1254; x_wconf 74' lang='lat' dir='ltr'>explorata</span> <span class='ocrx_word' id='word_1_97' title='bbox 1231 1200 1360 1241; x_wconf 88' lang='lat' dir='ltr'>unius</span> <span class='ocrx_word' id='word_1_98' title='bbox 1418 1199 1634 1253; x_wconf 77' lang='lat' dir='ltr'>eujrrsque</span> 
     </span>
     <span class='ocr_line' id='line_1_15' title="bbox 164 1273 1632 1333; baseline -0.003 -11"><span class='ocrx_word' id='word_1_99' title='bbox 164 1277 304 1322; x_wconf 81' lang='lat' dir='ltr'>forma</span> <span class='ocrx_word' id='word_1_100' title='bbox 339 1277 488 1320; x_wconf 89' lang='lat' dir='ltr'>nativa</span> <span class='ocrx_word' id='word_1_101' title='bbox 525 1279 567 1320; x_wconf 88' lang='lat' dir='ltr'>et</span> <span class='ocrx_word' id='word_1_102' title='bbox 601 1275 800 1333; x_wconf 86' lang='lat' dir='ltr'>propria,</span> <span class='ocrx_word' id='word_1_103' title='bbox 850 1273 1014 1319; x_wconf 88' lang='lat' dir='ltr'>idcireo</span> <span class='ocrx_word' id='word_1_104' title='bbox 1061 1276 1162 1319; x_wconf 89' lang='lat' dir='ltr'>mihi</span> <span class='ocrx_word' id='word_1_105' title='bbox 1198 1275 1449 1320; x_wconf 84' lang='lat' dir='ltr'>faciendum</span> <span class='ocrx_word' id='word_1_106' title='bbox 1486 1275 1632 1332; x_wconf 86' lang='lat' dir='ltr'>putavi</span> 
     </span>
     <span class='ocr_line' id='line_1_16' title="bbox 163 1353 1633 1412; baseline -0.003 -12"><span class='ocrx_word' id='word_1_107' title='bbox 163 1359 211 1400; x_wconf 88' lang='lat' dir='ltr'>ut</span> <span class='ocrx_word' id='word_1_108' title='bbox 246 1354 447 1410; x_wconf 81' lang='lat' dir='ltr'>singulas</span> <span class='ocrx_word' id='word_1_109' title='bbox 483 1355 814 1397; x_wconf 91' lang='lat' dir='ltr'>terminationes</span> <span class='ocrx_word' id='word_1_110' title='bbox 862 1365 915 1397; x_wconf 78' lang='lat' dir='ltr'>ex</span> <span class='ocrx_word' id='word_1_111' title='bbox 962 1353 1115 1398; x_wconf 90' lang='lat' dir='ltr'>ordine</span> <span class='ocrx_word' id='word_1_112' title='bbox 1161 1367 1500 1412; x_wconf 87' lang='lat' dir='ltr'>percenserem,</span> <span class='ocrx_word' id='word_1_113' title='bbox 1537 1355 1633 1409; x_wconf 92' lang='lat' dir='ltr'>pri-</span> 
     </span>
     <span class='ocr_line' id='line_1_17' title="bbox 162 1430 1632 1489; baseline -0.003 -11"><span class='ocrx_word' id='word_1_114' title='bbox 162 1446 278 1479; x_wconf 91' lang='lat' dir='ltr'>mum</span> <span class='ocrx_word' id='word_1_115' title='bbox 315 1433 551 1489; x_wconf 88' lang='lat' dir='ltr'>nominum,</span> <span class='ocrx_word' id='word_1_116' title='bbox 589 1434 676 1474; x_wconf 90' lang='lat' dir='ltr'>tum</span> <span class='ocrx_word' id='word_1_117' title='bbox 713 1430 874 1475; x_wconf 88' lang='lat' dir='ltr'>deinde</span> <span class='ocrx_word' id='word_1_118' title='bbox 909 1432 1154 1476; x_wconf 75' lang='lat' dir='ltr'>verborum.</span> <span class='ocrx_word' id='word_1_119' title='bbox 1225 1432 1363 1485; x_wconf 88' lang='lat' dir='ltr'>Quam</span> <span class='ocrx_word' id='word_1_120' title='bbox 1400 1436 1566 1489; x_wconf 90' lang='lat' dir='ltr'>partem</span> <span class='ocrx_word' id='word_1_121' title='bbox 1596 1432 1632 1474; x_wconf 93' lang='lat' dir='ltr'>si</span> 
     </span>
     <span class='ocr_line' id='line_1_18' title="bbox 164 1509 1633 1569; baseline -0.002 -12"><span class='ocrx_word' id='word_1_122' title='bbox 164 1511 415 1569; x_wconf 84' lang='lat' dir='ltr'>absolvero,</span> <span class='ocrx_word' id='word_1_123' title='bbox 451 1511 546 1567; x_wconf 92' lang='lat' dir='ltr'>pari</span> <span class='ocrx_word' id='word_1_124' title='bbox 582 1511 750 1554; x_wconf 88' lang='lat' dir='ltr'>ratione</span> <span class='ocrx_word' id='word_1_125' title='bbox 789 1521 1006 1565; x_wconf 76' lang='lat' dir='ltr'>exponam</span> <span class='ocrx_word' id='word_1_126' title='bbox 1031 1509 1085 1554; x_wconf 90' lang='lat' dir='ltr'>de</span> <span class='ocrx_word' id='word_1_127' title='bbox 1112 1510 1434 1569; x_wconf 82' lang='lat' dir='ltr'>affectionibus,</span> <span class='ocrx_word' id='word_1_128' title='bbox 1473 1510 1633 1567; x_wconf 84' lang='lat' dir='ltr'>quibus</span> 
     </span>
     <span class='ocr_line' id='line_1_19' title="bbox 163 1588 1633 1646; baseline -0.002 -11"><span class='ocrx_word' id='word_1_129' title='bbox 163 1589 411 1636; x_wconf 86' lang='lat' dir='ltr'>substantia</span> <span class='ocrx_word' id='word_1_130' title='bbox 463 1600 623 1632; x_wconf 88' lang='lat' dir='ltr'>vocum</span> <span class='ocrx_word' id='word_1_131' title='bbox 687 1588 997 1646; x_wconf 81' lang='lat' dir='ltr'>interpolatur3</span> <span class='ocrx_word' id='word_1_132' title='bbox 1065 1601 1149 1633; x_wconf 91' lang='lat' dir='ltr'>nec</span> <span class='ocrx_word' id='word_1_133' title='bbox 1202 1591 1540 1644; x_wconf 89' lang='lat' dir='ltr'>praetermittam</span> <span class='ocrx_word' id='word_1_134' title='bbox 1596 1590 1633 1632; x_wconf 94' lang='lat' dir='ltr'>si</span> 
     </span>
     <span class='ocr_line' id='line_1_20' title="bbox 163 1664 1632 1726; baseline -0.003 -13"><span class='ocrx_word' id='word_1_135' title='bbox 163 1667 269 1726; x_wconf 85' lang='lat' dir='ltr'>quid</span> <span class='ocrx_word' id='word_1_136' title='bbox 305 1669 349 1711; x_wconf 90' lang='lat' dir='ltr'>in</span> <span class='ocrx_word' id='word_1_137' title='bbox 387 1664 610 1710; x_wconf 89' lang='lat' dir='ltr'>deelinatu</span> <span class='ocrx_word' id='word_1_138' title='bbox 648 1665 871 1722; x_wconf 85' lang='lat' dir='ltr'>discrepet</span> <span class='ocrx_word' id='word_1_139' title='bbox 907 1669 949 1709; x_wconf 89' lang='lat' dir='ltr'>et</span> <span class='ocrx_word' id='word_1_140' title='bbox 986 1667 1023 1710; x_wconf 94' lang='lat' dir='ltr'>si</span> <span class='ocrx_word' id='word_1_141' title='bbox 1060 1666 1165 1723; x_wconf 80' lang='lat' dir='ltr'>quid</span> <span class='ocrx_word' id='word_1_142' title='bbox 1202 1667 1245 1709; x_wconf 92' lang='lat' dir='ltr'>in</span> <span class='ocrx_word' id='word_1_143' title='bbox 1290 1666 1487 1722; x_wconf 88' lang='lat' dir='ltr'>partibus</span> <span class='ocrx_word' id='word_1_144' title='bbox 1526 1678 1632 1709; x_wconf 90' lang='lat' dir='ltr'>ora—</span> 
     </span>
     <span class='ocr_line' id='line_1_21' title="bbox 161 1743 1632 1800; baseline -0.004 -9"><span class='ocrx_word' id='word_1_145' title='bbox 161 1747 293 1791; x_wconf 89' lang='lat' dir='ltr'>tionis</span> <span class='ocrx_word' id='word_1_146' title='bbox 348 1743 751 1789; x_wconf 85' lang='lat' dir='ltr'>indeclinabilibus.</span> <span class='ocrx_word' id='word_1_147' title='bbox 831 1744 876 1788; x_wconf 83' lang='lat' dir='ltr'>Is</span> <span class='ocrx_word' id='word_1_148' title='bbox 933 1747 1013 1789; x_wconf 91' lang='lat' dir='ltr'>erit</span> <span class='ocrx_word' id='word_1_149' title='bbox 1066 1744 1354 1800; x_wconf 82' lang='lat' dir='ltr'>Pathologiae</span> <span class='ocrx_word' id='word_1_150' title='bbox 1411 1745 1632 1787; x_wconf 86' lang='lat' dir='ltr'>terminus.</span> 
     </span>
     <span class='ocr_line' id='line_1_22' title="bbox 160 1822 1632 1881; baseline -0.004 -11"><span class='ocrx_word' id='word_1_151' title='bbox 160 1825 286 1870; x_wconf 86' lang='lat' dir='ltr'>Nunc</span> <span class='ocrx_word' id='word_1_152' title='bbox 323 1822 501 1881; x_wconf 88' lang='lat' dir='ltr'>quidem</span> <span class='ocrx_word' id='word_1_153' title='bbox 540 1822 715 1866; x_wconf 87' lang='lat' dir='ltr'>substiti</span> <span class='ocrx_word' id='word_1_154' title='bbox 750 1823 794 1866; x_wconf 89' lang='lat' dir='ltr'>in</span> <span class='ocrx_word' id='word_1_155' title='bbox 832 1823 1212 1867; x_wconf 86' lang='lat' dir='ltr'>terminationibus</span> <span class='ocrx_word' id='word_1_156' title='bbox 1239 1834 1388 1866; x_wconf 89' lang='lat' dir='ltr'>eorum</span> <span class='ocrx_word' id='word_1_157' title='bbox 1410 1823 1632 1865; x_wconf 90' lang='lat' dir='ltr'>nominum</span> 
     </span>
     <span class='ocr_line' id='line_1_23' title="bbox 161 1899 1632 1962; baseline -0.003 -16"><span class='ocrx_word' id='word_1_158' title='bbox 161 1914 277 1962; x_wconf 88' lang='lat' dir='ltr'>quae</span> <span class='ocrx_word' id='word_1_159' title='bbox 309 1901 414 1945; x_wconf 89' lang='lat' dir='ltr'>mihi</span> <span class='ocrx_word' id='word_1_160' title='bbox 449 1900 709 1944; x_wconf 90' lang='lat' dir='ltr'>uberrimam</span> <span class='ocrx_word' id='word_1_161' title='bbox 748 1899 804 1943; x_wconf 88' lang='lat' dir='ltr'>ad</span> <span class='ocrx_word' id='word_1_162' title='bbox 841 1899 1153 1956; x_wconf 88' lang='lat' dir='ltr'>disputandum</span> <span class='ocrx_word' id='word_1_163' title='bbox 1175 1902 1397 1944; x_wconf 89' lang='lat' dir='ltr'>materiem</span> <span class='ocrx_word' id='word_1_164' title='bbox 1418 1899 1632 1954; x_wconf 89' lang='lat' dir='ltr'>praebere</span> 
     </span>
     <span class='ocr_line' id='line_1_24' title="bbox 159 1977 1630 2037; baseline -0.002 -12"><span class='ocrx_word' id='word_1_165' title='bbox 159 1980 445 2037; x_wconf 82' lang='lat' dir='ltr'>videbantur,</span> <span class='ocrx_word' id='word_1_166' title='bbox 497 1990 737 2035; x_wconf 88' lang='lat' dir='ltr'>earumque</span> <span class='ocrx_word' id='word_1_167' title='bbox 784 1990 873 2021; x_wconf 91' lang='lat' dir='ltr'>non</span> <span class='ocrx_word' id='word_1_168' title='bbox 921 1980 1224 2035; x_wconf 91' lang='lat' dir='ltr'>corruptiones</span> <span class='ocrx_word' id='word_1_169' title='bbox 1269 1978 1411 2022; x_wconf 86' lang='lat' dir='ltr'>solum</span> <span class='ocrx_word' id='word_1_170' title='bbox 1459 1977 1630 2022; x_wconf 88' lang='lat' dir='ltr'>tradere</span> 
     </span>
     <span class='ocr_line' id='line_1_25' title="bbox 162 2055 1631 2115; baseline -0.004 -11"><span class='ocrx_word' id='word_1_171' title='bbox 162 2062 349 2105; x_wconf 88' lang='lat' dir='ltr'>conatus</span> <span class='ocrx_word' id='word_1_172' title='bbox 388 2069 483 2100; x_wconf 89' lang='lat' dir='ltr'>sum</span> <span class='ocrx_word' id='word_1_173' title='bbox 530 2055 612 2100; x_wconf 90' lang='lat' dir='ltr'>sed</span> <span class='ocrx_word' id='word_1_174' title='bbox 659 2058 815 2114; x_wconf 89' lang='lat' dir='ltr'>etiam,</span> <span class='ocrx_word' id='word_1_175' title='bbox 847 2056 921 2099; x_wconf 88' lang='lat' dir='ltr'>ubi</span> <span class='ocrx_word' id='word_1_176' title='bbox 958 2069 1011 2100; x_wconf 81' lang='lat' dir='ltr'>ex</span> <span class='ocrx_word' id='word_1_177' title='bbox 1048 2069 1092 2100; x_wconf 91' lang='lat' dir='ltr'>re</span> <span class='ocrx_word' id='word_1_178' title='bbox 1140 2060 1253 2115; x_wconf 91' lang='lat' dir='ltr'>erat,</span> <span class='ocrx_word' id='word_1_179' title='bbox 1301 2055 1631 2114; x_wconf 79' lang='lat' dir='ltr'>derivationem,</span> 
     </span>
     <span class='ocr_line' id='line_1_26' title="bbox 162 2135 1630 2193; baseline -0.004 -11"><span class='ocrx_word' id='word_1_180' title='bbox 162 2135 554 2193; x_wconf 81' lang='lat' dir='ltr'>significationem,</span> <span class='ocrx_word' id='word_1_181' title='bbox 603 2138 855 2193; x_wconf 88' lang='lat' dir='ltr'>accentum,</span> <span class='ocrx_word' id='word_1_182' title='bbox 914 2136 1199 2192; x_wconf 81' lang='lat' dir='ltr'>quantitatem</span> <span class='ocrx_word' id='word_1_183' title='bbox 1256 2137 1298 2178; x_wconf 87' lang='lat' dir='ltr'>et</span> <span class='ocrx_word' id='word_1_184' title='bbox 1339 2146 1427 2190; x_wconf 84' lang='lat' dir='ltr'>qua</span> <span class='ocrx_word' id='word_1_185' title='bbox 1484 2138 1630 2177; x_wconf 86' lang='lat' dir='ltr'>aetate</span> 
     </span>
     <span class='ocr_line' id='line_1_27' title="bbox 161 2211 1631 2273; baseline -0.002 -14"><span class='ocrx_word' id='word_1_186' title='bbox 161 2225 369 2273; x_wconf 88' lang='lat' dir='ltr'>quaeque</span> <span class='ocrx_word' id='word_1_187' title='bbox 408 2212 633 2257; x_wconf 91' lang='lat' dir='ltr'>celebrata</span> <span class='ocrx_word' id='word_1_188' title='bbox 671 2214 726 2256; x_wconf 91' lang='lat' dir='ltr'>sit</span> <span class='ocrx_word' id='word_1_189' title='bbox 762 2215 805 2256; x_wconf 90' lang='lat' dir='ltr'>et</span> <span class='ocrx_word' id='word_1_190' title='bbox 842 2224 930 2269; x_wconf 86' lang='lat' dir='ltr'>quo</span> <span class='ocrx_word' id='word_1_191' title='bbox 967 2214 1008 2255; x_wconf 93' lang='lat' dir='ltr'>in</span> <span class='ocrx_word' id='word_1_192' title='bbox 1047 2225 1211 2268; x_wconf 81' lang='lat' dir='ltr'>genere</span> <span class='ocrx_word' id='word_1_193' title='bbox 1250 2211 1438 2256; x_wconf 89' lang='lat' dir='ltr'>dicendi.</span> <span class='ocrx_word' id='word_1_194' title='bbox 1507 2211 1631 2256; x_wconf 90' lang='lat' dir='ltr'>Haec</span> 
     </span>
     <span class='ocr_line' id='line_1_28' title="bbox 159 2290 1630 2351; baseline -0.003 -13"><span class='ocrx_word' id='word_1_195' title='bbox 159 2292 363 2339; x_wconf 87' lang='lat' dir='ltr'>curriculi</span> <span class='ocrx_word' id='word_1_196' title='bbox 398 2292 484 2335; x_wconf 91' lang='lat' dir='ltr'>mei</span> <span class='ocrx_word' id='word_1_197' title='bbox 521 2293 650 2349; x_wconf 90' lang='lat' dir='ltr'>quasi</span> <span class='ocrx_word' id='word_1_198' title='bbox 687 2291 871 2337; x_wconf 73' lang='lat' dir='ltr'>exordIa</span> <span class='ocrx_word' id='word_1_199' title='bbox 905 2291 1041 2351; x_wconf 88' lang='lat' dir='ltr'>suere,</span> <span class='ocrx_word' id='word_1_200' title='bbox 1078 2290 1272 2348; x_wconf 89' lang='lat' dir='ltr'>ideoque</span> <span class='ocrx_word' id='word_1_201' title='bbox 1309 2290 1395 2334; x_wconf 90' lang='lat' dir='ltr'>hoc</span> <span class='ocrx_word' id='word_1_202' title='bbox 1423 2290 1630 2334; x_wconf 80' lang='lat' dir='ltr'>volumen</span> 
     </span>
     <span class='ocr_line' id='line_1_29' title="bbox 157 2371 726 2426; baseline -0.007 -9"><span class='ocrx_word' id='word_1_203' title='bbox 157 2371 482 2426; x_wconf 75' lang='lat' dir='ltr'>Prologomena</span> <span class='ocrx_word' id='word_1_204' title='bbox 509 2371 726 2425; x_wconf 86' lang='lat' dir='ltr'>inscripsi.</span> 
     </span>
    </p>

    <p class='ocr_par' dir='ltr' id='par_1_3' title="bbox 156 2443 1627 2739">
     <span class='ocr_line' id='line_1_30' title="bbox 292 2443 1627 2505; baseline -0.002 -13"><span class='ocrx_word' id='word_1_205' title='bbox 292 2448 587 2503; x_wconf 87' lang='lat' dir='ltr'>Posteaquam</span> <span class='ocrx_word' id='word_1_206' title='bbox 627 2447 712 2491; x_wconf 77' lang='lat' dir='ltr'>dixi</span> <span class='ocrx_word' id='word_1_207' title='bbox 752 2447 856 2505; x_wconf 87' lang='lat' dir='ltr'>quid</span> <span class='ocrx_word' id='word_1_208' title='bbox 894 2447 994 2491; x_wconf 82' lang='grc'><strong>1111111</strong></span> <span class='ocrx_word' id='word_1_209' title='bbox 1031 2446 1359 2503; x_wconf 76' lang='lat' dir='ltr'>proposuerim,</span> <span class='ocrx_word' id='word_1_210' title='bbox 1408 2443 1549 2489; x_wconf 86' lang='lat' dir='ltr'>dicam</span> <span class='ocrx_word' id='word_1_211' title='bbox 1586 2447 1627 2489; x_wconf 92' lang='lat' dir='ltr'>in</span> 
     </span>
     <span class='ocr_line' id='line_1_31' title="bbox 159 2524 1627 2583; baseline -0.003 -14"><span class='ocrx_word' id='word_1_212' title='bbox 159 2537 248 2583; x_wconf 84' lang='lat' dir='ltr'>quo</span> <span class='ocrx_word' id='word_1_213' title='bbox 285 2524 387 2568; x_wconf 84' lang='lat' dir='ltr'>mihi</span> <span class='ocrx_word' id='word_1_214' title='bbox 426 2524 649 2569; x_wconf 72' lang='lat' dir='ltr'>defecisse</span> <span class='ocrx_word' id='word_1_215' title='bbox 685 2526 847 2570; x_wconf 67' lang='lat' dir='ltr'>videar.</span> <span class='ocrx_word' id='word_1_216' title='bbox 918 2526 1123 2569; x_wconf 69' lang='lat' dir='ltr'>Nimirum</span> <span class='ocrx_word' id='word_1_217' title='bbox 1161 2526 1291 2579; x_wconf 75' lang='lat' dir='ltr'>igitur</span> <span class='ocrx_word' id='word_1_218' title='bbox 1329 2535 1459 2578; x_wconf 77' lang='lat' dir='ltr'>quum</span> <span class='ocrx_word' id='word_1_219' title='bbox 1483 2525 1627 2566; x_wconf 77' lang='lat' dir='ltr'>fflnuia</span> 
     </span>
     <span class='ocr_line' id='line_1_32' title="bbox 156 2601 1626 2663; baseline -0.003 -15"><span class='ocrx_word' id='word_1_220' title='bbox 156 2606 242 2648; x_wconf 81' lang='lat' dir='ltr'>ista</span> <span class='ocrx_word' id='word_1_221' title='bbox 279 2603 512 2658; x_wconf 86' lang='lat' dir='ltr'>complecti</span> <span class='ocrx_word' id='word_1_222' title='bbox 550 2603 786 2663; x_wconf 84' lang='lat' dir='ltr'>studerem,</span> <span class='ocrx_word' id='word_1_223' title='bbox 826 2605 986 2648; x_wconf 82' lang='lat' dir='ltr'>sactum</span> <span class='ocrx_word' id='word_1_224' title='bbox 1025 2608 1092 2647; x_wconf 82' lang='lat' dir='ltr'>est</span> <span class='ocrx_word' id='word_1_225' title='bbox 1127 2603 1222 2645; x_wconf 72' lang='lat' dir='ltr'>sine</span> <span class='ocrx_word' id='word_1_226' title='bbox 1261 2601 1395 2644; x_wconf 83' lang='lat' dir='ltr'>dubio</span> <span class='ocrx_word' id='word_1_227' title='bbox 1433 2604 1479 2643; x_wconf 85' lang='lat' dir='ltr'>ut</span> <span class='ocrx_word' id='word_1_228' title='bbox 1507 2613 1626 2644; x_wconf 86' lang='lat' dir='ltr'>non-</span> 
     </span>
     <span class='ocr_line' id='line_1_33' title="bbox 156 2678 1626 2739; baseline -0.001 -14"><span class='ocrx_word' id='word_1_229' title='bbox 156 2681 276 2726; x_wconf 88' lang='lat' dir='ltr'>nulla</span> <span class='ocrx_word' id='word_1_230' title='bbox 324 2684 397 2725; x_wconf 85' lang='lat' dir='ltr'>aut</span> <span class='ocrx_word' id='word_1_231' title='bbox 441 2693 519 2737; x_wconf 89' lang='lat' dir='ltr'>per</span> <span class='ocrx_word' id='word_1_232' title='bbox 568 2682 901 2739; x_wconf 86' lang='lat' dir='ltr'>imprudentiam</span> <span class='ocrx_word' id='word_1_233' title='bbox 933 2682 1297 2738; x_wconf 84' lang='lat' dir='ltr'>praetermiserim</span> <span class='ocrx_word' id='word_1_234' title='bbox 1337 2684 1409 2722; x_wconf 85' lang='lat' dir='ltr'>aut</span> <span class='ocrx_word' id='word_1_235' title='bbox 1445 2678 1626 2723; x_wconf 82' lang='lat' dir='ltr'>deliba-</span> 
     </span>
    </p>
   </div>
  </div>
 </body>
</html>
