1731 3021
95 160 189 204 290
550 150 988 196 DISSERTATIO
1028 150 1091 192 VI.

100 272 240 311 Struca
268 277 351 307 non
379 265 547 307 multum
578 265 728 305 abesse
757 262 918 303 videtur
957 260 1148 313 σίττυβον
1185 256 1232 299 τὸ
1268 255 1417 313 μικρὸν
1454 253 1581 310 δέρμα

101 333 249 375 Arcad.
280 344 318 385 p.
363 331 453 384 122,
494 330 555 372 14.
596 333 636 370 et
674 325 858 381 σιττύβαι
898 324 1135 379 &mmmm
1169 325 1329 376 στολαί,
1368 321 1420 364 τὰ
1457 317 1582 376 μικρὰ

103 395 320 454 ῑμαντάρια
348 397 444 438 Hes.
475 395 584 447 quod
615 405 830 446 perperam
862 393 1056 434 attentari
1089 395 1262 445 apparet
1299 402 1350 432 ex
1377 387 1581 431 Eustathii

105 466 242 507 verbis
272 476 310 516 p.
340 462 433 514 976,
463 461 529 502 28.
557 456 655 507 τοὺς
684 458 902 507 θυσάνους
929 455 1096 512 γλῶσσά
1136 472 1197 505 τις
1236 453 1434 510 σισύβους
1471 455 1583 495 καλεῖ

107 537 147 574 et
178 543 228 572 ex
257 542 306 571 eo
339 527 447 581 quod
478 527 714 568 Herodotus
745 526 808 566 IV.
841 523 931 566 189.
975 521 1192 571 θυσάνους
1230 522 1467 575 ἱμαντίνους
1503 531 1585 560 no-

107 600 244 639 minat.
300 594 604 646 InexpliCabilis
634 603 734 632 vero
764 591 894 630 altera
923 591 1043 642 hujus
1074 589 1248 630 voculae
1279 588 1485 640 scriptura
1513 595 1587 637 per

109 656 167 715 λ’λζ
197 674 274 704 nec
303 662 436 701 minus
468 659 620 699 herbae
650 667 799 697 nomen
829 656 997 706 σίλυβον
1026 656 1166 697 Diosc.
1198 658 1238 695 et
1266 654 1366 695 Plin.
1405 656 1446 693 et
1474 651 1588 692 vasis

111 730 259 773 escarii
289 725 476 777 σίττυβος
504 724 569 763 vel
599 722 780 774 σίττυβοι
817 722 858 761 in
895 722 1142 773 Antiphanis
1180 731 1306 761 versu
1348 718 1504 770 Fragm.
1546 716 1588 757 T.

109 798 174 838 III.
206 808 243 847 p.
278 792 367 833 100.
398 789 503 829 unde
534 788 720 828 vocalem
750 787 915 827 brevem
947 799 1042 828 esse
1074 789 1240 827 constat
1278 789 1321 825 ut
1359 784 1401 824 in
1438 780 1590 824 κόλλυ-

111 864 203 916 βος,
239 855 436 909 θόρυβος,
469 853 711 905 quibuscum
742 853 777 893 si
808 852 1190 904 comprehendimus
1221 851 1390 904 propria
1427 844 1591 902 Ἀλύβη,

114 922 326 979 Κορδύβη,
357 917 592 972 Κάνδυβος,
626 915 829 971 Χάλυβος,
873 915 1076 971 Θάρυβις,
1122 915 1357 970 Ταλθύβιος
1401 919 1441 956 et
1481 912 1592 966 quod

115 1006 165 1036 ex
192 989 369 1043 κυμβίον
399 986 610 1027 dilatatum
641 988 785 1036 putant
815 981 1031 1036 κισσύβιον
1063 997 1098 1025 v.
1128 983 1310 1025 Nilzsch.
1349 981 1400 1022 ad
1442 980 1592 1032 OdYSS.

113 1061 180 1103 IX.
210 1057 302 1099 346.
332 1053 582 1103 verbumque
615 1052 704 1091 sine
742 1049 906 1090 nomine
945 1053 1083 1091 natum
1122 1049 1353 1101 τιτυβίζειν,
1396 1057 1501 1098 quae
1539 1045 1594 1087 sit

115 1129 236 1177 hujus
269 1118 567 1162 terminationis
595 1127 788 1157 mensura
816 1115 1009 1168 legitima,
1038 1126 1122 1155 non
1153 1114 1382 1165 ambiguum
1420 1110 1596 1152 habebi—

118 1203 220 1234 mus.
278 1188 338 1228 De
375 1184 510 1225 vocali
550 1184 691 1223 ultima
721 1182 901 1222 breviter
940 1180 1139 1233 praecidit
1176 1180 1263 1220 EM.
1291 1177 1385 1231 489,
1414 1177 1478 1218 24.
1509 1172 1598 1216 Κά-

118 1270 257 1302 νωπος
275 1253 337 1293 δεῖ
362 1248 490 1302 λέγειν
510 1244 560 1289 οὐ
594 1245 809 1301 Κάνωβος,
841 1244 976 1300 ἐπειδὴ
1007 1242 1130 1286 οὐδὲν
1159 1245 1214 1293 εἰς
1240 1237 1289 1292 o}
1325 1245 1453 1296 λῆγον
1493 1237 1597 1294 ὑπὲρ

120 1322 197 1366 δύο
227 1313 431 1369 συλλαβὰς
457 1312 734 1367 παραλήγεται
763 1314 820 1368 τῷ
851 1307 898 1363 ὦ,
931 1323 1036 1364 quae
1066 1322 1149 1351 non
1181 1315 1244 1351 est
1286 1308 1598 1362 hypodidascali

121 1387 333 1442 cujusdam
376 1381 566 1422 ariol-auo
613 1379 685 1421 sed
726 1378 947 1419 Herodiani
978 1378 1109 1429 ipsius
1141 1378 1378 1429 praeceptio
1409 1389 1448 1415 π.
1482 1376 1596 1414 Μον.

121 1469 159 1510 p.
192 1454 257 1495 43.
308 1451 353 1491 In
393 1451 567 1488 accentu
605 1446 749 1486 horum
791 1445 997 1485 nominum
1041 1442 1290 1494 exemplaria
1329 1445 1474 1482 nostra
1500 1451 1597 1481 raro

120 1522 296 1575 peccant
325 1519 368 1555 ut
398 1509 531 1565 ἄλαβή
560 1512 656 1552 Hes.
686 1510 887 1563 Μοναβαί
924 1510 1064 1561 Steph.
1103 1507 1287 1561 Κολοβοί
1325 1507 1458 1548 Strab.
1498 1506 1599 1547 XVI.

122 1587 214 1628 771.
243 1582 335 1624 773.
364 1580 444 1620 nisi
473 1578 608 1630 gentis
638 1577 802 1617 Indicae
832 1586 981 1616 nomen
1012 1575 1215 1626 adjectivo
1246 1584 1397 1625 graeco
1434 1572 1601 1614 assimi-

119 1653 245 1692 latum
275 1651 351 1688 est.

739 1750 771 1790 C
784 1750 820 1790 A
833 1750 880 1790 P.
935 1748 982 1789 II.

200 1852 274 1895 De
307 1845 574 1891 nominibus
610 1845 659 1886 in
694 1857 878 1885 -u-
920 1845 964 1884 et
995 1856 1190 1901 --‹p—
1232 1839 1527 1883 meantibus.

238 1939 276 1982 §.
310 1932 345 1974 1.
405 1930 467 1971 Ad
499 1927 874 1980 demonstrandum,
905 1937 1104 1979 quaenam
1134 1925 1304 1966 vocales
1337 1930 1497 1965 tenuem
1527 1935 1605 1965 an-

126 2002 330 2053 tecedant,
363 1999 458 2050 quia
489 1996 738 2048 appellativa
757 2005 840 2033 non
863 1996 1100 2045 suppetunt,
1130 1991 1321 2032 utendum
1343 1995 1406 2031 est
1426 1992 1605 2043 propriis

114 2068 299 2114 ’Ἀναπος
331 2064 496 2106 Siciliae
528 2067 567 2102 et
596 2061 855 2102 Acarnaniae
887 2060 1058 2111 fluvius,
1089 2054 1298 2104 Μέθαπος
1326 2056 1447 2097 Paus.
1475 2056 1538 2098 IV.
1570 2056 1605 2098 1.

127 2132 357 2178 Μέσσαπος
388 2129 522 2171 Strab.
544 2126 608 2168 IX.
638 2126 730 2167 405.
753 2126 823 2167 Sil.
842 2125 925 2166 XII.
947 2124 1039 2165 393.
1060 2124 1073 2148 ¹
1105 2123 1294 2174 Cynapes
1315 2122 1459 2163 fluvius
1479 2123 1606 2163 Asiae

131 2200 245 2244 Ovid.
277 2198 394 2239 Pont.
424 2194 486 2234 IV.
520 2193 582 2245 10,
612 2192 676 2233 49,
708 2203 813 2243 quae
844 2190 1105 2243 penultimam
1131 2188 1294 2238 longam
1312 2187 1476 2241 habent,
1506 2188 1607 2228 bre-

128 2277 219 2308 vem
250 2275 348 2304 vero
384 2255 650 2310 Παντικάπης
695 2256 801 2308 apud
842 2257 1059 2306 Scymnum
1099 2265 1135 2294 v,
1176 2253 1266 2294 111.
1303 2253 1474 2304 Dionys.
1514 2252 1606 2294 314.

132 2336 171 2373 et
202 2328 418 2383 peregrina
448 2321 629 2364 σανάπαι
659 2322 698 2362 οἱ
726 2318 901 2374 μέθυσοι
940 2316 1053 2372 παρὰ
1087 2316 1214 2371 &pagi
1250 2318 1342 2359 Sch.
1383 2317 1519 2370 Apoll.
1558 2318 1605 2358 ll.

130 2396 222 2438 953.
254 2397 293 2435 et
323 2387 550 2444 σατράπηςῑ
597 2388 645 2428 de
683 2387 845 2427 nomine
881 2385 994 2425 urbis
1033 2380 1058 2437 ἡ
1089 2381 1387 2435 Μὲταπα’(ὴο6
1414 2384 1606 2435 accentu)

129 2460 274 2512 Polyb.
302 2458 347 2499 V.
378 2458 414 2498 7.
445 2460 484 2496 et
517 2454 578 2496 13.
610 2457 649 2494 et
678 2452 786 2492 fluvii
817 2447 1006 2498 Κόλαπις
1035 2451 1102 2503 qui
1134 2450 1306 2491 aDione
1331 2450 1448 2491 Cass.
1474 2449 1607 2491 XLIX.

224 2601 259 2644 1]
289 2600 412 2634 Cretae
438 2597 560 2631 lluvius
585 2593 758 2629 Μεσάῑιος
784 2594 817 2625 in
843 2592 977 2635 Scylac.
1005 2591 1133 2634 Peripl.
1161 2601 1194 2634 p.
1224 2590 1274 2625 18.
1302 2593 1447 2625 accentu
1478 2591 1607 2635 inept0,

138 2658 195 2700 qui
221 2654 412 2688 Μεσάπιον
437 2653 592 2687 indicare
618 2650 773 2691 videtum
801 2652 834 2683 el
859 2650 910 2681 sic
935 2647 1081 2681 sortasse
1108 2645 1330 2680 scribendum
1350 2646 1384 2679 in
1402 2645 1607 2680 Dicaearch.

138 2713 259 2748 Descr,
287 2711 362 2747 128.
393 2720 453 2753 pro
479 2705 716 2741 Μεσσάπολιν
746 2704 788 2739 cs.
815 2704 923 2747 Heyn.
951 2703 1034 2737 Exc.
1064 2702 1155 2736 VIII.
1183 2701 1225 2735 ad
1250 2700 1337 2736 Aen.
1363 2701 1436 2735 Vll.
1463 2711 1495 2744 p.
1534 2701 1607 2737 154.
