1731 3021
93 156 183 199 354
556 148 993 193 DISSERTATIO
1026 149 1126 190 VIII.

95 269 308 307 auctorum
339 262 527 306 excusari
558 265 748 314 possunt,
781 259 832 300 ob
857 259 959 299 alias
984 270 1134 300 causas
1157 261 1468 311 suspectantur:
1498 258 1577 311 βα-

94 327 272 385 θράδιον
301 329 401 369 Poll.
432 328 477 368 X.
509 328 572 368 47.
603 328 643 366 in
675 325 790 366 codd.
820 325 1168 377 praetermissum,
1199 321 1387 364 πιλάδιον
1418 325 1457 363 in
1480 323 1575 363 loco

100 398 278 438 obscuro
310 394 355 435 X.
389 393 478 434 158.
509 390 735 444 ψηττάὸιυν
766 392 805 431 in
827 389 1126 431 Anaxandridis
1150 391 1293 430 comici
1312 401 1436 430 versu
1454 390 1496 429 T.
1514 388 1578 428 111.

104 462 270 504 172.eui
291 456 517 512 wq'rtciotov
538 458 729 499 substitui
747 473 754 508 3
776 467 867 496 nam
888 455 1047 505 syllaba
1065 455 1178 495 brevi
1196 467 1298 507 opus
1322 459 1402 507 est,
1422 454 1580 505 quaein

102 526 357 568 deminutivis
398 524 636 577 producitur
676 524 727 563 ob
768 521 968 573 livpliesin
999 520 1155 560 vocalis
1186 523 1290 571 iota3
1330 519 1581 572 Aristopha-

102 605 222 634 neum
250 591 347 632 illud
372 586 552 643 κρεκάδι’
579 586 706 641 αὐλῆς
738 588 869 628 adhuc
899 586 1147 626 intellectum
1176 586 1325 625 nemini
1357 583 1430 624 sed
1460 583 1582 634 alpha

106 661 230 700 breve
262 668 357 698 esse
389 667 483 708 app
473 660 571 695 iret
621 656 665 695 In
694 655 795 694 Plat.
827 653 949 703 Legg.
979 651 1061 691 XII.
1092 650 1183 691 955.
1211 651 1254 691 B.
1285 646 1357 689 ἐάν
1384 663 1443 696 τις
1469 650 1583 700 κλεμ-

105 722 256 778 μάδιον
286 719 428 762 ὁτιοῦν
465 717 710 772 ὑποὸέχηται
742 716 1040 768 Glossoss·'11plli
1081 722 1266 755 neutrum
1298 714 1488 766 adjectivi
1518 725 1584 754 ae-

108 792 281 843 cipiunt,
323 788 387 827 cui
425 786 522 826 nihil
561 785 689 825 simile
730 784 863 834 reperi
896 786 1056 834 praeter
1086 780 1304 832 ληισμαὸια
1334 776 1585 832 αἰχμάλωτος

106 857 201 896 Hes.
219 854 254 878 ¹⁰
280 863 372 892 nam
402 848 641 902 ἀμοιβάδιος
670 853 708 888 et
740 853 878 888 ceteia
909 847 948 887 id
978 858 1107 896 genus
1132 858 1235 898 quae
1258 846 1307 886 ad
1328 846 1473 895 Phryn.
1491 843 1583 885 555.

109 920 246 972 attuli,
286 917 336 957 ad
366 915 558 955 adverbia
587 916 628 954 in
658 917 761 954 αὸον
792 913 982 953 exeuntia
1010 913 1262 962 reseruntur3
1292 916 1332 951 et
1362 911 1411 951 ab
1441 909 1586 950 iisdem

112 984 293 1025 fontibus
325 981 509 1021 derivata
538 984 631 1021 sunt
657 976 900 1031 κρυφαόεια,
932 975 1111 1029 διχάόεια
1131 982 1206 1018 ete.
1226 989 1260 1017 v,
1280 976 1427 1016 Parall.
1451 975 1588 1016 134.¹1

224 1075 261 1118 ς.
292 1070 328 1109 2.
388 1067 659 1119 Diphtliongis
691 1056 737 1106 ὦ
763 1069 802 1105 et
834 1055 890 1105 αὖ
919 1064 1062 1105 Graeci
1092 1065 1132 1103 in
1162 1063 1382 1115 paragogis
1412 1061 1476 1101 usi
1506 1071 1590 1099 non

115 1140 230 1186 sunt3
267 1133 461 1182 κίναιδος,
494 1135 610 1183 cujus
642 1133 809 1184 primam
830 1130 1029 1181 syllabam
1051 1133 1199 1181 poetae
1219 1128 1331 1168 latini
1353 1126 1590 1178 corripiunt,

115 1213 195 1253 qua
225 1201 383 1240 ratione
415 1202 649 1238 contextum
682 1198 755 1249 sit,
793 1197 1052 1247 ignoramus3
1084 1196 1151 1246 qui
1181 1192 1413 1234 motacillae
1442 1201 1591 1231 nomen

116 1265 319 1308 κιναιόίον
347 1263 598 1315 indiderunt,
636 1263 803 1302 verbum
834 1263 961 1301 κινεῖν
989 1261 1029 1299 in
1061 1260 1192 1300 animo
1223 1259 1417 1298 habuisse
1447 1257 1593 1297 viden-

120 1338 194 1372 tur.
254 1331 366 1378 Quae
398 1328 559 1379 epsilon
588 1329 629 1367 in
659 1327 881 1379 penultima
911 1326 1083 1377 liabent,
1115 1326 1270 1365 urbium
1302 1324 1469 1376 propria
1499 1326 1593 1363 sunt

120 1394 295 1449 Λέβεδος
323 1394 391 1435 καὶ
422 1390 611 1439 Κάπεδος
642 1389 765 1444 κύρια
793 1389 951 1431 πόλεων
983 1391 1161 1441 Tlleogn.
1190 1390 1254 1430 58.
1285 1399 1456 1441 quorum
1487 1387 1595 1428 alte-

120 1473 206 1502 rum
236 1463 404 1511 ignor03
441 1456 610 1504 Τένεδος
632 1470 654 1497 a
677 1458 814 1497 Tenne
845 1456 1105 1496 denominata
1124 1459 1166 1495 ut
1198 1454 1429 1495 fabulantur
1455 1452 1594 1504 Steph.

124 1527 259 1569 Schol.
298 1527 392 1577 Lye.
424 1524 514 1564 232.
555 1521 712 1574 Σέβεδα
749 1519 870 1574 λιμὴν
910 1522 1066 1567 Λυκίας
1099 1521 1238 1572 Steph.
1277 1516 1507 1569 κράσπεδον
1546 1528 1597 1558 ex

122 1590 247 1644 ἄκρος
277 1595 315 1631 et
344 1587 470 1629 πέδον
499 1589 732 1640 copulatum
766 1589 897 1627 serunt
937 1597 1140 1637 oppresso
1173 1585 1293 1636 alpha
1323 1585 1439 1636 quasi
1470 1579 1598 1636 ἀκρο-

123 1656 269 1706 πέζιου.
328 1656 502 1696 Nomina
541 1655 685 1693 tertiae
730 1652 1014 1692 declinationis
1053 1647 1260 1703 ληθεδώυ,
1308 1646 1484 1701 μελεδώυ
1522 1653 1598 1689 etc.

126 1723 241 1764 attuli
271 1721 320 1761 ad
350 1721 495 1760 Buttm.
525 1718 616 1758 407.
649 1718 795 1769 quibus
827 1721 1147 1757 consentaneum
1181 1713 1380 1768 Φαγεδών
1407 1727 1491 1755 non
1519 1726 1601 1755 no-
1652 1740 1668 1752 κ

124 1790 255 1828 vimus
294 1786 373 1826 nisi
404 1784 644 1837 productum
683 1779 931 1834 φαγέδαινα,
977 1777 1162 1821 οὐνὲδων
1197 1781 1372 1822 Galenus
1404 1781 1453 1821 de
1482 1780 1599 1820 Alim.

126 1853 278 1894 Facult.
308 1852 352 1891 II.
384 1850 456 1902 38,
488 1848 578 1889 019.
613 1848 655 1888 T.
686 1848 747 1888 VI.
776 1847 955 1887 italicum
996 1847 1112 1900 dicit,
1155 1847 1392 1898 Pliniusque
1430 1845 1599 1886 ridicule

129 1918 401 1970 compositum
435 1916 531 1955 facit
561 1913 670 1965 quod
701 1914 839 1964 plures
870 1924 953 1952 uno
987 1913 1051 1953 die
1083 1913 1147 1952 edi
1176 1924 1258 1953 non
1289 1912 1463 1964 possint.
1513 1910 1601 1951 Ne—

130 1997 207 2037 que
239 1978 425 2034 domenii)
455 1986 494 2020 et
526 1979 768 2029 adjectivum
797 1974 974 2030 ἀρπεὸης
1004 1977 1052 2017 ad
1085 1982 1238 2018 certum
1265 1977 1392 2028 redigi
1413 1980 1601 2028 possunt

130 2049 379 2102 Diplitliongi
416 2061 449 2086 ει
489 2050 526 2085 et
567 2058 611 2084 ευ
650 2044 860 2096 deficiunt,
906 2048 1079 2094 excepto
1111 2043 1256 2094 plurali
1284 2039 1334 2081 τὰ
1373 2040 1600 2094 θνησείδια.

129 2116 231 2156 Nam
263 2114 507 2153 deminutiva
544 2108 731 2162 ἐχείδιον
773 2108 963 2157 λεξείὸιου
1003 2114 1077 2148 etc.
1116 2120 1164 2148 ex
1195 2108 1478 2147 contractione
1513 2110 1603 2146 orta

131 2185 173 2219 ut
211 2176 412 2232 κρεάὸιον.
471 2175 637 2216 Vocalis
677 2179 743 2215 eta
781 2173 1008 2225 exemplum
1047 2173 1197 2212 nullum
1236 2174 1399 2224 praeter
1436 2171 1604 2223 propria

133 2368 253 2400 cuntur
278 2367 373 2396 scuta
398 2365 432 2396 et
456 2362 603 2395 tentoria
626 2362 701 2395 sive
725 2360 957 2402 tabernacula,
983 2369 1067 2402 quas
1094 2359 1233 2392 Romani
1251 2359 1352 2401 pelles
1374 2358 1507 2399 vocant,
1528 2368 1602 2389 con-

132 2430 289 2463 yerrones
313 2416 590 2451 contubernales.

225 2473 281 2514 10)
319 2470 510 2514 Πρηλυιιδιί]
546 2468 642 2505 έῗδθς
679 2468 798 2506 ἐλαίας
831 2469 947 2503 Schol.
986 2468 1059 2501 Nic.
1097 2468 1151 2501 Al.
1187 2469 1242 2503 87.
1281 2477 1348 2501 non
1383 2468 1535 2510 apertius
1569 2465 1604 2499 fit

135 2529 390 2571 comparatione
417 2528 589 2559 nominum
623 2525 747 2567 quibus
780 2525 897 2558 thunni
936 2523 1194 2565 significantur,
1229 2521 1418 2565 πρημάδες
1453 2524 1487 2554 et
1518 2532 1601 2563 πρη-

131 2583 260 2625 padio.

226 2636 281 2677 11]
309 2636 527 2669 Homericum
555 2633 812 2677 mersc).0cscid·1a
842 2636 965 2677 ιμρωιι
991 2636 1110 2666 natura
1137 2632 1346 2673 adjectivum
1373 2633 1426 2665 est
1455 2634 1490 2663 ut
1516 2627 1601 2661 ὑπα-

133 2692 256 2722 ωιίῆὶω
282 2692 509 2732 πρυτιωιϊῐῖων
534 2690 593 2725 sed
621 2689 661 2723 ab
691 2689 854 2725 adverbio
882 2689 1017 2721 ductum
1049 2692 1081 2722 et
1109 2687 1287 2722 intellectu
1314 2684 1525 2720 adverbiale.
