1747 3005
267 163 331 203 DE
365 162 487 203 Nom.
507 160 724 209 QUORUM
749 158 897 199 CHAR.
918 157 1017 197 EST
1037 155 1209 195 SIGMA.
1245 156 1285 195 C.
1308 156 1351 196 ll.
1372 162 1409 204 ἕ.
1437 159 1469 197 l.
1530 155 1611 196 1121

143 269 166 325 ἡ
195 268 339 323 ἐσχάτη
368 271 462 311 Hes.
503 267 687 322 τιμήσιος
724 275 761 309 et
793 263 990 319 ὑμνήσιος
1020 264 1176 304 Aelian.
1209 270 1275 304 aut
1316 265 1482 316 antiqua
1520 265 1612 315 qui-

140 337 227 376 dem
259 340 353 375 sunt
384 335 457 375 sed
486 336 650 387 poolica
679 330 864 386 κτήσιος,
904 327 1092 378 ἐπόψιος,
1134 326 1375 382 ἔπιδαίσιος,
1418 325 1611 380 ἀνάρσιος

138 397 267 452 (παρὰ
295 397 340 440 τὸ
372 398 457 451 ι’έρω
489 400 616 451 Suid.)
647 397 838 448 ὑπόψιος,
868 393 1085 444 πανόψιος,
1117 391 1350 447 συλήσιος.7
1395 395 1540 434 Verum
1570 396 1610 434 in

136 467 198 506 liis
229 467 330 518 ipsis
361 466 556 505 nonnulla
585 467 742 517 insunt,
781 475 885 515 quae
917 475 939 502 a
962 461 1082 501 futuri
1103 460 1363 500 similitudine
1387 464 1465 499 tam
1488 459 1608 510 louge

135 531 415 572 discesseiunt
446 536 488 570 ut
519 531 643 570 dubit·
646 531 690 569 iii
720 530 853 581 possit
875 539 922 568 ἰιι
944 527 1023 566 alio
1045 526 1186 565 referri
1207 525 1394 565 debeant.
1435 524 1606 564 Primum

135 597 265 637 dicam
305 596 354 636 de
390 596 523 635 vocali
562 607 665 647 quae
704 596 831 645 sitfma
869 591 1087 645 praecedit.
1145 590 1317 641 Epsilon
1348 590 1467 640 initui
1498 600 1605 628 non-

131 673 335 713 nunquam
364 661 404 701 in
433 675 466 700 ει
495 661 559 700 vel
591 676 614 713 η
644 661 827 711 vertitur,
855 653 968 708 παρὰ
995 652 1068 696 τὸν
1092 650 1251 707 ἀρκέσω
1266 651 1469 705 Ἀρκέσιος
1490 653 1602 706 (Seli

132 727 409 775 lt.11.o·.31)
448 723 519 766 καὶ
550 721 766 777 Ἀρκείσιος
805 723 1020 765 Herodian.
1060 721 1146 761 ΕΜ.
1187 721 1276 773 144,
1307 721 1343 761 2.
1383 719 1432 760 ab
1473 715 1601 758 ἀλὲσω

131 803 213 832 non
252 792 385 831 solum
418 786 588 831 Ἀλεσίαι
625 792 739 831 vieus
779 790 1029 840 Laconicus,
1067 791 1109 827 ut
1140 786 1366 826 Pausanias
1399 785 1600 837 opinatur,

131 856 204 897 sed
244 857 363 896 etiarn
398 852 571 909 ,ἀλήσιον
609 857 692 896 πᾶν
730 851 777 895 τὸ
808 850 1078 906 ἀληλεσμένον
1107 853 1201 892 Hes.
1234 852 1434 902 aliumque
1467 850 1599 889 loeum

121 918 316 962 Ἀλείσιου
345 923 430 961 sive
455 918 645 975 Ἀλήσιον
675 922 859 961 dubitant
890 923 1019 958 utrum
1051 918 1100 958 ab
1132 913 1260 957 ἀλέσω
1289 917 1512 957 derivatum
1535 915 1599 955 di—

127 993 219 1028 eant
252 999 301 1027 an
331 984 584 1039 παρώνυμον
613 988 671 1042 τῷ
700 983 764 1026 ἁλί
793 999 827 1026 ν.
861 984 1015 1024 ΒοιΙςοΙ.
1048 983 1097 1023 ad
1129 982 1268 1033 Stepli.
1299 994 1331 1022 s.
1357 982 1392 1022 li.
1418 995 1451 1022 v.
1479 976 1595 1034 ’Λκη-

126 1052 215 1100 σίας
250 1054 290 1092 in
319 1053 444 1093 lusor.
483 1053 659 1093 Noiutel.
691 1052 736 1092 N.
772 1051 858 1092 105.
899 1045 1106 1100 Καλήσιος
1135 1072 1187 1078 —--
1218 1043 1298 1086 ἀπὸ
1327 1048 1402 1086 τοῦ
1432 1044 1596 1086 καλέσαι

127 1119 220 1159 Seli.
250 1119 292 1159 ΙΙ.
322 1119 383 1159 VI.
417 1118 477 1160 18.
518 1119 582 1158 cui
621 1117 862 1158 simillimum
896 1119 958 1155 est
997 1113 1092 1153 illud
1123 1110 1331 1165 Αἰνήσιος.
1390 1113 1450 1153 Ex
1490 1124 1595 1153 con—

127 1184 251 1223 trario
289 1195 363 1235 pro
402 1184 526 1235 longa
564 1184 684 1224 futuri
723 1182 887 1221 nomina
926 1180 1089 1219 brevem
1135 1178 1344 1219 asciscunt
1380 1174 1595 1229 ’'Enssaeog,

130 1249 335 1289 oribasus
367 1249 479 1290 Ovid.
509 1250 603 1289 Met.
632 1249 695 1288 III.
726 1246 817 1286 210.
843 1240 1097 1296 Ὀρειβάσιος
1124 1243 1244 1284 Antll.
1285 1247 1324 1282 et
1357 1244 1432 1283 tria
1461 1243 1596 1294 Apol-

123 1314 215 1353 linis
246 1314 489 1365 cognomina
517 1310 713 1365 ἑκβάσιος,
744 1306 1268 1362 ἐμβάσιοςεῑκαταιβάσιος,
1301 1319 1404 1359 quae
1417 1308 1595 1348 Valcke-

122 1380 260 1419 narius
303 1379 461 1418 confert
506 1378 556 1418 ad
595 1378 774 1418 l’hoenn.
822 1374 936 1416 1416.
979 1375 1206 1426 similiaque
1251 1373 1365 1413 Jovis
1414 1374 1593 1424 epitheta

120 1440 290 1497 ἀφέσιος
323 1443 443 1484 Paus.
471 1443 499 1483 Ι.
530 1443 594 1483 4-1.
635 1447 674 1483 et
713 1438 913 1493 εὑρέσιος,
958 1439 1066 1491 quod
1107 1444 1145 1480 et
1183 1439 1258 1478 viri
1289 1439 1496 1490 proprium
1529 1443 1593 1479 est

119 1520 268 1550 nomen
295 1512 339 1548 ut.
364 1503 625 1555 Ἀναστάσιος
655 1506 857 1548 Christod.
882 1506 1030 1557 Eephr.
1052 1504 1143 1545 404.
1169 1499 1464 1544 et’Avocowffl‘a
1488 1504 1591 1545 Gre-

118 1585 205 1627 gor.
236 1574 365 1615 Carm.
394 1574 457 1613 IX.
491 1586 527 1625 p.
548 1573 611 1615 78.
632 1574 674 1614 Β.
703 1569 902 1624 Αἱρέσιος,
926 1566 1207 1621 Προαιρέσιος,
1238 1566 1449 1617 Συνέσιος.
1480 1570 1591 1610 Haec

117 1641 240 1692 igitur
269 1639 337 1691 qui
368 1650 392 1679 a
420 1639 564 1678 futuris
596 1637 777 1678 derivata
807 1639 1050 1687 statuerunt,
1083 1634 1133 1675 ad
1158 1635 1344 1685 systolen
1369 1636 1590 1685 confugere

120 1705 254 1746 coacti
293 1708 387 1744 sunt
423 1708 467 1743 ut
503 1704 544 1743 in
576 1704 797 1743 femininis:
844 1697 957 1753 παρὰ
985 1697 1082 1747 τοὺς
1110 1696 1328 1751 μέλλοντας
1356 1696 1510 1751 ἐγένετο
1539 1696 1589 1739 τὰ

117 1771 287 1811 τοιαῦτα
317 1764 500 1821 ὀνόματα
528 1765 615 1821 ἥσω
647 1766 792 1817 ἐξεσιά.
835 1764 956 1807 θύσω
985 1765 1131 1814 θυσία,
1174 1764 1374 1815 προδοσία
1413 1765 1504 1822 Soll.
1545 1765 1586 1805 Il.

118 1836 254 1876 XXIV.
286 1835 384 1891 235.ι
420 1833 501 1875 Sed
531 1834 607 1874 hae
638 1834 806 1885 ambage
839 1844 943 1885 opus
973 1842 1056 1871 non
1086 1835 1150 1871 est
1180 1830 1216 1870 si
1245 1828 1452 1882 sequimur
1481 1830 1587 1870 viam

117 1900 168 1941 ab
197 1901 283 1940 EM.
314 1899 407 1952 778,
435 1899 500 1941 86.
531 1904 797 1939 monstratam
835 1895 1060 1950 ὑπερβασία
1088 1891 1200 1948 παρὰ
1226 1892 1299 1935 τὸν
1327 1891 1498 1946 βέβαμαι
1526 1891 1588 1947 βέ-

116 1967 240 2018 βασαι
268 1964 573 2017 παρακείμενον.
642 1965 711 2005 Sic
739 1965 861 2016 igitur
893 1963 1057 2004 nomina
1089 1962 1130 2001 in
1161 1953 1221 2008 ἧς
1251 1965 1291 2001 et
1312 1952 1396 2010 Hs,
1428 1971 1532 2013 quae
1563 1973 1586 2002 a

116 2030 238 2071 futuri
269 2029 530 2070 similitudine
560 2030 769 2082 aberrant,
809 2041 832 2069 a
862 2027 1043 2069 secunda
1071 2026 1241 2078 perfecti
1270 2026 1425 2078 passivi
1455 2026 1586 2077 repeti

116 2096 177 2135 sas
208 2099 272 2135 est
301 2099 382 2147 aut,
412 2096 447 2135 si
477 2106 528 2135 ne
557 2095 659 2135 haee
689 2095 848 2147 quidem
879 2095 971 2146 smgi
1001 2096 1159 2145 potest,
1190 2103 1214 2131 a
1244 2091 1513 2132 substantivis
1543 2091 1584 2131 in

114 2152 419 2213 ffideclinatiss
450 2157 659 2212 Νεμέσιος,
685 2157 873 2212 γενέσιος,
903 2155 1130 2211 καθάρσιος
1148 2160 1224 2198 ete.
1262 2152 1441 2208 Στήσιος
1470 2166 1582 2208 vero,

115 2236 194 2277 quo
231 2225 394 2265 nomine
421 2225 663 2265 Plutarchus
700 2225 840 2266 Jovem
873 2225 1077 2266 Statorem
1105 2223 1410 2274 interpretatur,
1441 2225 1480 2261 et
1508 2217 1580 2261 λύ-

113 2300 199 2337 σιος
230 2290 364 2330 Liberi
394 2291 523 2341 patris
555 2295 889 2343 cognomentum,
930 2289 1220 2342 propriumque
1256 2286 1434 2339 Λυσίας,
1474 2296 1582 2337 quo-

112 2367 199 2397 rum
227 2355 386 2406 syllaba
415 2356 543 2408 prima
570 2356 694 2407 longa
725 2360 800 2409 est,
839 2367 862 2396 a
891 2356 1032 2396 futuris
1062 2354 1197 2406 potius
1229 2363 1346 2404 quam
1375 2363 1399 2391 a
1427 2351 1580 2392 vitioso

113 2421 239 2473 λῦσις,
269 2419 378 2472 quod
405 2421 445 2460 in
473 2421 596 2473 Regg.
624 2421 741 2462 Pros.
773 2421 819 2462 N.
851 2420 914 2467 26,
945 2419 1036 2461 426.
1078 2418 1334 2471 proponitur,
1366 2416 1439 2458 sed
1473 2418 1579 2456 Θεο-

201 2585 238 2627 7)
262 2583 399 2618 Maxim.
426 2594 457 2617 v.
485 2585 560 2620 584.
580 2583 718 2626 σελήνη,
747 2586 780 2619 εἶ
801 2585 872 2628 μὲν
895 2584 1008 2619 ἕλοιτο
1039 2583 1122 2626 (scr.
1147 2581 1280 2626 ὄλοιτο)
1300 2581 1468 2626 ἄργυρος,
1489 2579 1575 2613 ἀνά-

113 2649 168 2681 γει
192 2637 301 2670 πάλιν
335 2657 374 2663 -
400 2638 525 2679 κτῆσιν
549 2638 580 2672 6⁹
607 2637 797 2673 ἁλιώσεται
822 2639 930 2680 ἄλλην
957 2638 976 2679 ἥ
1005 2651 1054 2675 τις
1079 2638 1124 2670 ἄν
1147 2636 1186 2670 ἐκ
1209 2636 1385 2681 μεγάρων
1411 2635 1575 2678 συλήσιος

115 2691 289 2735 ignescens
317 2694 338 2727 i.
367 2701 397 2727 e.
428 2703 489 2738 per
514 2693 635 2727 furtum
661 2693 793 2731 abierit,
