1731 3021
107 168 201 212 496
552 168 987 219 DISSERTATIO
1027 168 1092 211 XI.

110 274 216 319 κατὰ
243 273 457 318 διάλεκτον
483 274 625 332 ἑτέραν
651 276 849 332 λεγόμενα
884 275 940 327 ὥς
968 275 1015 320 τὸ
1044 278 1230 330 Αἰνείας,
1268 274 1465 332 Αὐγείας,
1495 274 1594 332 Ἑρ-

111 344 225 397 μείας
254 339 345 384 ἀντὶ
362 344 438 385 τοῦ
460 341 622 396 Αἰνέας,
652 341 828 399 Αὐγέας,
851 341 1023 399 Ἑρμὲας
1050 345 1155 371 *⁷¹⁴*
1184 343 1253 387 καὶ
1286 345 1456 398 Παρίας.
1501 340 1594 386 Οὐ-

114 411 223 452 κοῦν
240 408 310 452 καὶ
331 407 379 451 τὸ
407 412 677 464 τραυματίας,
709 411 921 465 πωματίας
951 408 1019 452 διὰ
1046 408 1181 464 μόνου
1208 412 1285 452 τοῦ
1320 415 1360 465 ῖ,
1402 412 1466 453 cui
1496 412 1593 453 loco

114 476 211 530 quid
240 476 347 518 desit
376 482 549 530 apparet
580 490 630 519 ex
662 478 843 529 Theogn.
874 489 912 530 p.
941 477 1007 519 42.
1049 474 1101 518 τὰ
1129 474 1198 518 διὰ
1224 479 1301 518 τοῦ
1330 469 1397 526 ὥς
1423 474 1491 518 διὰ
1519 477 1596 518 τοῦ

112 543 135 584 ῖ
161 541 374 598 γράφεται,
402 544 670 596 πραγματίας,
698 543 845 594 τοξίας,
865 544 900 569 ¹7
919 540 1028 597 πλὴν
1045 544 1122 585 τοῦ
1143 543 1320 595 Αἰνείας,
1349 544 1519 597 παρείας
1542 567 1596 573 —

115 614 156 652 et
191 609 345 652 Anccd.
382 608 508 650 Bekk.
541 608 658 651 1185.
694 607 742 650 τὸ
774 610 936 665 Παρίας
967 610 1203 663 Παρίαντος
1241 607 1323 651 ἔστι
1352 607 1500 662 κύριον
1527 607 1598 651 καὶ

113 673 183 718 διὰ
209 678 286 718 τοῦ
315 675 337 717 ἴ
364 671 586 729 γράφεται·
633 672 680 716 τὸ
716 673 795 729 γὰρ
833 679 1036 730 σημαῖνον
1063 673 1138 717 τὸν
1175 673 1276 730 ὄφιν
1312 678 1479 730 παρείας
1512 689 1598 717 πα-

111 742 236 797 ρείου.
253 742 290 768 18
327 742 417 783 Hoc
444 748 576 784 autem
607 754 729 795 quum
759 743 1050 796 diphthongum
1082 754 1105 783 a
1135 743 1353 796 primitivo,
1384 746 1428 783 ut
1451 742 1598 783 Gram-

112 809 250 850 matioi
279 807 445 849 tradunt
481 821 518 850 v.
549 808 786 851 Schneider.
817 808 868 849 ad
896 808 984 850 Nic.
1017 809 1087 850 Th.
1116 808 1209 849 443.
1250 808 1491 849 translatam
1519 807 1599 849 ha-

111 875 208 917 beat
238 875 344 916 sicut
371 872 618 929 λακκοσχέας
645 874 854 925 vocalem,
903 878 1042 915 cetera
1072 878 1207 915 autem
1235 870 1339 914 κατὰ
1370 870 1595 924 διάλεκτον,

113 941 321 995 quomodo
349 941 418 982 ille
448 943 524 996 ait,
564 942 738 994 figurata
767 941 859 993 sint,
891 939 942 981 ad
973 939 1248 981 attestandam
1281 940 1486 981 catalexin
1514 929 1598 988 ‹ffi-

110 1007 211 1048 nihil
248 1008 486 1063 conferunt⁷
530 1011 648 1060 cujus
687 1017 806 1048 usum
842 1006 1068 1047 communis
1110 1006 1367 1048 consuetudo
1398 1005 1598 1059 repudiat.

111 1073 214 1116 Nam
245 1073 355 1127 quod
386 1074 524 1116 Schol.
543 1074 669 1115 Arist.
701 1073 802 1113 Avv.
833 1071 926 1113 303.
957 1073 1072 1113 affert
1102 1068 1125 1113 ὁ
1150 1070 1261 1121 ἐλεᾶς
1289 1070 1443 1126 μήποτε
1471 1069 1598 1121 ἑλείας

110 1137 231 1191 ἐστίν,
263 1141 298 1181 si
329 1141 420 1192 quis
451 1140 502 1181 ab
532 1137 622 1188 ἕλος
651 1139 878 1180 derivatum
915 1137 1023 1179 dicat
1060 1141 1104 1179 ut
1142 1150 1166 1179 a
1203 1135 1365 1191 θράσος
1397 1134 1596 1193 Θρασέας,

110 1217 260 1248 vereor
291 1210 334 1247 ut
363 1207 404 1246 in
431 1206 511 1247 hoc
539 1217 621 1247 uno
654 1205 890 1246 testimonio
923 1215 1065 1256 parum
1096 1205 1294 1258 praesidii
1325 1205 1390 1259 sit,
1420 1216 1472 1246 ne
1501 1204 1597 1258 quid

112 1271 244 1313 dicam
290 1271 339 1313 de
379 1272 613 1313 sublatione
654 1270 920 1323 aspirationis
960 1274 1000 1311 et
1040 1270 1089 1311 de
1129 1271 1293 1312 silentio
1338 1270 1598 1313 Grammatici

112 1349 233 1392 quem
263 1342 385 1379 antea
414 1342 563 1379 testem
593 1337 684 1378 feci.
716 1337 803 1377 Nec
831 1337 964 1377 minus
997 1335 1137 1377 dubito
1170 1347 1222 1377 an
1245 1336 1412 1378 Graecis
1436 1337 1598 1378 licuerit

111 1405 196 1447 iota
232 1404 275 1445 in
302 1395 350 1444 ἶ
393 1407 655 1457 convertere,
703 1402 814 1455 quod
858 1413 986 1454 saepe
1032 1402 1187 1443 faciunt
1233 1402 1388 1444 librarii
1433 1403 1598 1451 πιθείας

109 1470 284 1514 meteori
313 1480 463 1511 nomen
493 1469 724 1510 scribentes
754 1479 829 1520 pro
857 1468 1001 1516 πιθίας
1027 1479 1063 1508 v.
1096 1467 1331 1510 Schneider.
1359 1469 1598 1521 Lex-atom-

110 1539 269 1578 θενεῖαι
299 1534 434 1577 Strab.
463 1533 527 1575 VI.
557 1532 648 1575 279.
686 1539 726 1574 et
756 1533 849 1575 280.
888 1532 1074 1580 Εὐθείας
1107 1534 1209 1574 ΡΟΙΙ.
1239 1534 1287 1574 X.
1319 1533 1384 1575 97.
1418 1535 1597 1583 Φαυείας

112 1615 178 1656 ap.
206 1602 329 1643 Clem.
358 1600 474 1641 Alex.
506 1598 616 1651 quod
644 1599 822 1639 Ebertus
854 1599 1034 1639 correxit
1063 1599 1104 1638 in
1131 1599 1303 1640 Dissert.
1328 1600 1451 1641 Sicul.
1469 1611 1508 1653 p.
1528 1601 1594 1642 77.

111 1665 274 1722 ἇργείης
300 1662 444 1713 λευκός
472 1664 582 1706 Suid.
613 1676 688 1716 pro
718 1660 894 1717 ἀργήεις,
924 1668 966 1705 ut
986 1664 1220 1716 Stephanus
1251 1669 1407 1719 censet,
1435 1666 1500 1707 vel
1519 1677 1595 1719 pro

112 1732 266 1789 ἀργίης.
305 1732 388 1775 Sed
416 1742 536 1772 nemo
562 1731 699 1783 culpet
721 1741 870 1772 nomen
890 1730 1100 1771 heroicum
1124 1725 1312 1778 Ἀνθείας
1338 1730 1460 1773 Paus.
1480 1743 1597 1773 more

111 1802 280 1854 antiquo
312 1802 352 1840 et
382 1798 547 1851 poetico
579 1798 778 1850 scriptum
808 1808 883 1849 pro
910 1791 1083 1843 Ἀνθέας
1116 1801 1158 1837 ut
1186 1795 1351 1844 Αἰνείας
1378 1809 1416 1838 v.
1447 1797 1596 1839 Parall.

112 1867 203 1912 159.
235 1871 276 1908 et
303 1862 519 1919 βορειόθεν
546 1864 680 1905 Nonn.
711 1863 777 1904 vel
807 1862 910 1903 adeo
942 1873 1017 1915 pro
1044 1857 1225 1913 Ἀνθίας,
1257 1862 1596 1915 quemadmodum

113 1933 326 1987 Oppianus
356 1931 444 1973 Hal.
471 1931 500 1972 I.
530 1930 620 1972 183.
650 1930 806 1983 κυβεῖαι
837 1929 1006 1981 scripsit
1035 1939 1110 1982 pro
1149 1927 1288 1981 κυβίαι
1318 1939 1342 1969 a
1371 1932 1487 1970 recto
1516 1943 1597 1970 κυ-

111 2000 202 2055 βίας
238 1997 373 2040 addito
415 1996 698 2049 productionis
728 2007 854 2037 causa
885 1994 1036 2048 epsilo,
1077 1997 1193 2046 cujus
1224 1994 1284 2035 rei
1313 1994 1500 2047 exemplo
1532 1999 1597 2036 est

110 2076 262 2109 nomen
299 2064 532 2105 femininum
568 2065 719 2116 κερεῖαι
758 2062 919 2114 (omiss.
950 2062 992 2101 in
1024 2060 1112 2113 Th.)
1143 2060 1276 2101 Nonn.
1307 2059 1502 2112 Paraphr.
1528 2060 1595 2103 XI.

112 2133 204 2176 113.
237 2141 312 2185 pro
343 2129 490 2181 κειρίαι
528 2140 617 2170 cum
656 2128 885 2182 hyperbato
918 2130 1144 2179 temporum
1173 2130 1217 2166 ut
1247 2122 1490 2178 Κραπάσεια
1519 2137 1594 2179 pro

111 2196 336 2250 Καρπασία
376 2195 513 2248 Steph.
564 2195 739 2247 Saepius
780 2204 878 2234 vero
915 2193 1003 2232 iota
1039 2202 1144 2232 voce
1184 2190 1318 2232 solum
1356 2191 1598 2243 producitur

111 2264 200 2306 sine
230 2262 473 2303 adminiculo
506 2260 735 2313 scripturae
764 2264 807 2300 ut
831 2255 1027 2311 Ἀγαθίας
1056 2256 1162 2310 apud
1193 2261 1340 2309 poetas
1369 2257 1595 2309 Byzantios

111 2329 371 2384 penultimam
410 2327 573 2378 longam
603 2326 727 2366 habet
757 2338 791 2366 v.
820 2325 986 2365 Jacobs.
1020 2322 1071 2364 ad
1099 2323 1221 2364 Anth.
1250 2335 1288 2376 p.
1318 2323 1408 2365 141.
1469 2323 1595 2365 Simiss

108 2395 284 2448 literque
313 2398 527 2435 ventorum
557 2393 723 2434 nomina
740 2391 960 2443 Aparctias
992 2392 1032 2430 et
1063 2388 1282 2430 Thrascias
1312 2389 1595 2441 pronuncian-

206 2561 265 2603 17)
298 2561 424 2598 Τοξίου
457 2558 588 2604 βουνός
620 2559 703 2594 Hes.
737 2556 801 2594 sed
830 2556 927 2591 illum
968 2554 1172 2590 credibilius
1213 2556 1267 2590 est
1307 2554 1442 2591 notiore
1473 2553 1594 2594 λοξίας

111 2624 457 2714 usumisszssgxytona
481 2673 515 2706 et
542 2670 788 2714 perispomena
812 2665 993 2701 masculini
1024 2666 1163 2708 generis
1198 2664 1447 2709 diphthongum
1471 2656 1590 2700 Urc-

116 2735 243 2770 spuere
272 2725 374 2761 docet
399 2725 667 2762 Choeroboscus
695 2723 806 2758 Cram.
834 2723 878 2757 11.
904 2722 981 2758 270.
1009 2725 1043 2757 et
1069 2721 1148 2757 295.
