1731 3021
155 186 245 228 1142
637 187 1069 230 DISSERTATIO
1110 186 1155 229 Χ.

154 292 305 350 «pavois
330 292 358 349 ἡ
386 293 552 349 ἐρυσίβη
582 296 734 338 Anecd.
764 296 888 337 Bekk.
921 297 1135 348 trisyllaba
1172 293 1374 349 ἀμοιβάς”
1413 304 1453 339 et
1493 296 1626 350 ἀμορ-

154 358 240 415 βάς,
270 359 453 413 πουτιάς,
483 359 643 414 ροθιάς,
671 357 852 414 Ἀργειάς
870 363 1030 403 Maxim.
1064 362 1154 414 Tyr.
1182 362 1320 404 XXIX.
1349 364 1386 416 6,
1416 364 1482 405 82.
1517 364 1626 414 Καρ-

154 424 277 477 νειάς,
309 423 443 480 ὀρειάς
472 433 548 469 etc.
606 429 642 468 Α
672 429 904 479 conjunctis
944 427 1128 468 derivata
1168 428 1255 480 (VI)
1295 424 1468 481 ἀργάδες
1505 424 1626 481 ἀργαὶ

154 496 344 546 γυναῖκες
371 494 600 545 Hesych.¹‘'
633 490 896 546 περικυκλάς,
936 490 1204 546 χαμαιευνάς,
1238 491 1508 543 πολυσπιλάς,
1546 490 1626 533 ἐπι-

155 556 396 612 ὄιφριάς,11
437 570 609 613 quorum
648 560 726 599 tria
772 563 983 612 postrema
1031 559 1138 612 apud
1176 560 1395 600 Homerum
1440 559 1627 610 leguntur

155 626 408 678 simplicibus
438 637 521 666 non
551 637 691 677 usum3
722 626 892 677 primum
922 636 945 664 a
962 616 1211 678 χάμαιεύνης
1236 625 1327 666 duci
1345 628 1495 677 potest.
1550 623 1627 664 Al—

156 697 286 733 terum
314 703 444 744 genus
476 690 770 742 adjectivorum
797 702 821 731 a
846 690 1116 732 substantivis
1146 696 1284 732 manat
1314 691 1421 744 (Vll)
1453 701 1476 730 a
1498 689 1628 741 prima

154 753 310 807 ἀελλάς,
340 753 484 810 ἀκμάς,
504 758 538 781 ¹²
577 752 725 808 ἁλμάς,
754 753 918 808 λιμνάς,
947 753 1111 808 λυσσάς,
1140 754 1275 808 μαιιάς,
1305 753 1477 809 τεφράς,
1516 754 1627 807 quod

152 822 350 864 mendose
378 819 531 874 τέφρας
559 822 752 862 scribitur
781 843 833 849 —-
865 833 888 861 a
916 821 1154 861 masculinis
1184 819 1355 873 Λιχάδες
1392 823 1514 875 νῆσοι
1542 815 1625 861 ἀπὸ

152 889 229 929 τοῦ
259 889 365 940 Λίχα
395 886 530 927 Strab.
561 885 626 926 IX.
658 886 750 927 551.
780 886 859 926 nisi
897 886 1036 937 potius
1073 887 1244 938 intelligi
1285 886 1434 928 debent
1470 882 1626 939 λιχάδες

152 955 233 996 hoc
263 958 328 995 est
357 949 581 1004 ἆπότομαι,
622 956 665 992 ut
703 951 933 1002 Hesychius
963 951 1273 1006 interpretatur,
1304 953 1369 993 cui
1408 955 1625 1004 cognatum

153 1016 295 1067 λισσάς
325 1024 362 1060 et
390 1015 528 1065 λισσός
557 1013 765 1070 ἀπότομος
799 1028 822 1057 a
853 1016 913 1063 λίς
940 1018 1045 1064 λεῖος
1070 1017 1316 1070 derivatum3
1347 1029 1371 1058 a
1399 1014 1531 1070 θύτης
1547 1019 1624 1057 θυ-

153 1082 262 1136 evag,
290 1081 498 1138 μεθυστής
525 1080 745 1137 μεθυστοές,
775 1079 948 1135 νεύστης
974 1079 1155 1133 νευστὰς,
1187 1095 1291 1136 quae
1322 1084 1442 1124 etiam
1473 1083 1523 1124 ab
1549 1082 1626 1123 ad-

149 1152 315 1204 jectivis
346 1151 477 1202 repeti
508 1154 686 1202 possunt
715 1154 759 1190 ut
787 1145 943 1196 παστάς
971 1160 994 1189 a
1022 1145 1186 1196 παστός.
1243 1150 1279 1190 Α
1303 1149 1534 1190 nominibus
1554 1159 1626 1189 se·-

241 1338 279 1381 9)
303 1337 378 1372 Hoc
397 1338 539 1381 saepius
561 1336 652 1380 apud
670 1336 827 1370 Nonnum
845 1336 981 1378 legitur,
1000 1336 1111 1371 semel
1132 1345 1197 1371 nec
1216 1337 1292 1372 sine
1317 1336 1532 1372 dissessione
1553 1337 1625 1371 cri-

150 1396 298 1430 ticorum
322 1394 358 1426 in
381 1393 522 1427 Homeri
549 1391 767 1431 carminibus,
793 1391 1028 1426 indumentum
1055 1393 1271 1425 mutatorium
1290 1391 1501 1435 significans,
1534 1392 1626 1436 quod

151 1451 229 1493 ipse
262 1446 468 1491 ἔξημοιβύν,
501 1448 622 1481 novitii
658 1446 782 1482 Gnaeei
817 1445 976 1490 ἀλλαγεὶς
1010 1447 1084 1481 sive
1119 1445 1322 1483 ἐξαλλάξας
1357 1450 1481 1481 vocant
1514 1457 1546 1481 v,
1572 1447 1625 1481 Du

151 1505 317 1547 Cangius.
1509 1499 1513 1503 ’

244 1559 301 1600 10)
336 1558 375 1591 In
407 1555 510 1592 Anth.
545 1556 602 1590 IV.
630 1566 662 1589 n.
693 1557 767 1591 147.
796 1555 895 1599 χαλᾷ
929 1554 1046 1592 πόδας
1081 1554 1195 1596 ἧθιὲὃι
1228 1555 1347 1599 νάρκῃ
1372 1557 1538 1602 νωθράν,
1564 1558 1624 1592 ubi

150 1614 344 1649 Brunckius
375 1611 473 1645 πόδα
499 1610 654 1652 aquatic,
686 1611 876 1646 'Jacobsius
902 1610 1014 1647 ποδὸς
1040 1612 1182 1654 ὶίἸματα
1207 1632 1250 1636 —
1276 1613 1423 1655 νωθροῦ
1448 1616 1621 1657 proponit,

151 1669 317 1714 equidem
340 1666 427 1699 πόδ’
457 1666 613 1712 (Ξεργιὲδι
640 1667 766 1700 malim.

241 1723 299 1766 11)
335 1722 506 1765 Suspecta
542 1725 619 1755 sunt
651 1719 886 1765 Ἀντιχορδάς
920 1720 1120 1764 σύμφωνος
1151 1720 1284 1755 Anecd.
1319 1720 1429 1756 Bekk.
1467 1724 1545 1768 409,
1573 1725 1624 1762 10.

151 1784 186 1817 et
219 1775 484 1823 ἇρῥενωπάδας
508 1780 686 1820 γυναῖκας
720 1777 766 1810 ib.
792 1777 869 1812 466.
897 1787 957 1820 pro
985 1776 1219 1822 ἀντίχορδυς,
1257 1775 1482 1821 ἀρρενωπάς,
1510 1791 1624 1825 quan-

150 1845 252 1881 quam
278 1834 337 1868 illo
362 1842 446 1867 usus
472 1832 608 1867 videtur
632 1832 831 1867 Eustatliius
859 1833 956 1875 1490,
982 1833 1036 1868 23.
1065 1831 1286 1876 ἀνδρόγυνοι
1318 1834 1379 1865 καὶ
1408 1833 1622 1879 ἀῤῥενόπαι-

150 1891 211 1928 δες
239 1890 324 1932 (sic)
352 1887 557 1921 καλοῦνται.
605 1887 711 1922 Multa
746 1889 846 1922 omisi
878 1892 1020 1931 propter
1044 1888 1289 1922 obscuritatem
1314 1889 1471 1932 originis,
1497 1891 1623 1935 κεμάς,

148 1944 269 1990 λωγάς
305 1942 440 1987 πόρνη,
478 1942 626 1987 ¹uapysig
663 1943 819 1987 δεσμός,
856 1945 911 1978 cui
936 1944 1166 1979 Doederlinus
1191 1953 1320 1985 meryes
1345 1947 1495 1988 apponit,
1521 1946 1626 1990 λιχιὶς

150 2003 322 2045 ὄστρεον,
347 1998 494 2043 πρημάς
521 2003 587 2033 eie.
636 1999 738 2032 Aliud
765 2004 817 2034 est
841 1998 946 2043 λιχιὲς
981 1998 1019 2032 τὸ
1051 1999 1121 2032 ἀπὸ
1156 1998 1219 2030 τοῦ
1252 1999 1405 2042 λιχανοῦ
1440 2001 1529 2046 πρὸς
1561 2002 1624 2035 τὸν

149 2058 270 2101 μέγαν
304 2053 483 2087 δάκτυλον
514 2052 697 2096 διάστημα
720 2054 804 2088 Poll.
836 2053 967 2098 Ἀχράς
999 2058 1034 2090 et
1069 2052 1226 2098 ἅχερδος
1260 2053 1376 2097 φυτὸν
1409 2054 1624 2094 ἀκανθῶδες

149 2122 218 2148 non
242 2111 345 2152 longe
372 2109 498 2142 distant
524 2118 542 2142 a
567 2108 681 2152 ῥιὲχος
706 2113 741 2144 et
766 2109 894 2154 ῥαχιὶς.
938 2108 1063 2153 Ἰκμιὶς
1089 2109 1130 2142 ad
1156 2107 1245 2152 ἰχώρ
1275 2108 1448 2144 accedere
1474 2110 1622 2155 videtur,

148 2166 303 2212 λογάδες
334 2165 408 2200 sive
441 2163 597 2208 λοχάδες
630 2166 722 2198 oculi
749 2165 911 2200 Meletius
946 2164 988 2198 de
1014 2164 1138 2198 Struct.
1165 2163 1264 2197 Hom.
1290 2164 1324 2196 in
1352 2163 1461 2198 Cram.
1488 2166 1621 2201 Anecd.

149 2224 186 2258 T.
214 2223 277 2257 III.
313 2221 367 2256 69.
401 2219 625 2263 probabiliter
657 2219 763 2254 refert
797 2220 839 2253 ad
876 2218 1012 2252 λεύσσω
1039 2217 1190 2261 (λευκός,
1217 2218 1302 2261 lux).
1351 2219 1515 2263 Χεράόές
1546 2234 1620 2265 χει-

148 2277 305 2323 μιῑῤῥων
333 2276 518 2320 ἅθροίσεις
540 2274 710 2312 λιθώδεις
745 2275 890 2309 sortasse
916 2275 959 2308 ad
984 2273 1158 2317 χαράδρα
1192 2277 1324 2308 torrens
1358 2276 1526 2319 pertinet3
1559 2279 1622 2313 sed

149 2334 268 2370 Schol.
294 2331 409 2375 Apoll.
440 2331 466 2365 1.
497 2330 593 2365 1123.
621 2340 697 2364 cum
722 2329 864 2373 χερμάς
889 2330 1081 2373 componit,
1117 2328 1209 2371 quod
1241 2328 1393 2371 lapidem
1429 2333 1621 2368 manualem

149 2390 426 2432 interpretantur,
453 2386 648 2428 eodemque
673 2385 854 2420 intellectu
879 2384 1074 2427 Hesychius
1107 2383 1278 2432 χειράδες
1310 2385 1348 2416 αἱ
1382 2385 1477 2428 μετὰ
1509 2387 1623 2420 λίθων

148 2444 263 2488 βολαί.
310 2440 469 2486 Χιράδες
493 2442 530 2473 αἱ
556 2440 594 2473 ἐν
623 2444 697 2477 τοῖς
718 2442 802 2473 ποσὶ
826 2439 986 2484 puysie&
1010 2440 1163 2473 nonnulli
1200 2449 1275 2473 cum
1313 2439 1488 2483 χοιράδες
1521 2453 1623 2485 rupes

150 2499 341 2535 conferunt.
389 2495 508 2532 Χολάς
539 2495 609 2528 ἀπὸ
644 2496 703 2536 τῆς
732 2496 841 2539 χολῆς
877 2494 967 2528 ὅθεν
1000 2496 1061 2527 καὶ
1092 2494 1196 2538 χόλιξ
1227 2495 1344 2529 Schol.
1380 2496 1420 2530 Il.
1454 2497 1509 2532 IV.
1542 2498 1619 2534 526.

148 2553 291 2590 Σπολάς
316 2551 514 2596 (διφθέρα)
540 2552 661 2595 specie
687 2550 731 2585 ad
755 2550 861 2591 στολή
885 2550 1034 2593 accedit,
1059 2550 1313 2593 significatione
1339 2553 1448 2595 magis
1474 2552 1517 2587 ad
1552 2554 1619 2596 pel-

147 2610 209 2650 lis,
233 2609 386 2652 spolium.

240 2663 296 2706 12]
326 2660 481 2706 Ἀκμάδι
513 2660 627 2706 βουλῇ
660 2663 694 2696 in
720 2661 819 2697 Orac.
846 2671 901 2705 ap.
926 2661 1037 2697 Procl.
1066 2662 1100 2694 in
1124 2661 1208 2696 Plat.
1247 2660 1402 2696 Parnien.
1439 2671 1473 2704 p.
1501 2661 1555 2698 25.
1581 2661 1616 2696 T.

148 2718 186 2752 V.
215 2718 331 2752 omiss.
360 2718 393 2750 in
418 2716 521 2753 Thes.
