1731 3021
106 140 200 183 3112
571 137 1004 182 DISSERTATIO
1052 136 1132 179 vn.

110 252 148 290 in
187 264 275 297 ικος
314 251 546 291 exeuntium
585 254 788 303 proventu
826 260 876 289 ne
906 259 1027 289 unum
1059 246 1221 299 quidem
1248 247 1368 299 hujus
1401 248 1442 287 in
1471 248 1587 299 aspi—

110 320 240 356 ratam
281 317 537 357 trssinsitionis
579 315 805 367 exemplum
843 314 1056 366 reperitur.
1121 312 1223 353 Nam
1252 312 1293 353 in
1321 313 1391 353 illo
1421 313 1589 353 Luciani

112 381 205 420 Ioco
251 381 291 420 in
331 381 458 433 Ocyp.
496 395 530 424 v.
570 382 634 423 78.
676 381 708 420 ὠ
748 376 885 432 σωτὴρ
931 376 1001 419 καὶ
1039 374 1232 431 σωτήριχε
1272 378 1589 430 paronomasiae

114 458 242 486 causa
272 448 480 499 proprium
512 448 691 499 positum
723 451 787 486 est
816 457 890 497 pro
923 444 1103 496 epitheto
1134 448 1179 483 ut
1207 438 1393 496 ἀμυνίας.
1447 443 1590 495 Neque

112 522 300 562 magnum
329 512 436 564 apud
467 525 529 554 me
559 512 720 565 pondus
752 511 875 551 habet
908 509 1099 551 Salmasii
1129 509 1334 549 sententia
1362 507 1591 549 burdonum

112 588 434 630 marinorumque
464 589 612 619 nomen
646 578 814 617 latinum
854 576 1047 616 burricus
1079 585 1129 614 cx
1159 573 1363 625 adjectivo
1393 570 1593 626 πύρῤιχος

114 653 354 694 expressum
386 655 503 694 esse3
532 654 625 683 nain
654 642 763 682 illius
795 641 983 681 vocabuli
1015 651 1114 681 usus
1144 640 1307 680 minime
1335 640 1526 692 antiquus
1552 643 1593 680 et

116 719 205 747 cuin
236 709 403 760 antiquo
436 709 639 760 adjectivo
671 707 958 747 convenientia
988 717 1127 759 parum
1159 704 1326 745 evidens
1357 705 1462 746 051.2
1512 703 1594 746 Sed

117 772 159 812 αἱ
196 770 239 813 ἐν
276 774 325 826 τῇ
362 769 537 828 Ἠπείρῳ
575 769 823 824 καλούμεναι
866 769 1074 824 Πυῤῥίχαι
1111 770 1213 823 βοῦς
1250 770 1376 810 Arist.
1413 769 1460 810 H.
1489 769 1594 811 Ann.

117 837 215 877 VIII.
246 838 282 877 7.
324 849 362 888 p.
392 837 485 890 595,
516 838 580 878 77.
619 838 707 878 sine
743 837 866 877 dubio
906 836 956 877 ab
996 836 1140 877 eodem
1168 835 1324 887 Pyrrho
1353 834 1596 876 (1000101110-

118 907 185 942 tae
225 907 340 955 sunt,
384 914 407 942 a
447 914 526 955 quo
566 902 610 943 L.
650 902 715 942 ΙΙΙ.
746 902 811 943 21.
850 913 889 954 p.
921 901 1012 942 522.
1051 898 1239 954 πρόβατα
1274 897 1325 940 τὰ
1360 897 1596 953 καλούμενα

123 964 316 1018 Πυῤῥικά
354 979 504 1009 nomen
541 968 694 1008 habere
732 967 840 1008 (11011.
895 966 1037 1018 anue
1078 966 1263 1017 enallage
1304 977 1388 1006 non
1424 977 1519 1006 rara
1554 967 1602 1007 inv

117 1034 316 1085 propriis:
368 1034 555 1075 HIericus
595 1033 702 1085 apud
731 1032 902 1073 Plinium
941 1035 981 1071 01
1011 1030 1155 1071 eodem
1184 1030 1306 1071 modo
1338 1030 1446 1083 apud
1476 1032 1597 1072 Stra-

115 1098 265 1139 bonem
304 1100 451 1151 legitur
499 1110 573 1151 pro
612 1094 805 1151 Ἱεριχοῦς
844 1109 881 1138 v.
922 1096 1148 1138 Tzschuck.
1189 1095 1239 1136 ad
1279 1097 1322 1137 L.
1363 1096 1463 1138 XVI.
1501 1096 1594 1139 556.

120 1162 274 1205 Galliae
304 1166 557 1216 provinciam
590 1161 611 1205 ὁ
640 1160 875 1217 Ἀρμόριχος
903 1162 1135 1203 Zosim.VI.
1159 1161 1196 1203 5.
1224 1161 1358 1202 Latini
1387 1161 1600 1213 pluraliter

121 1230 383 1271 Aremoricus
416 1232 645 1284 appellant3
687 1231 900 1271 Sotericus
932 1240 994 1280 ap.
1027 1228 1155 1269 Cicer.
1186 1238 1223 1279 p.
1252 1227 1366 1268 Balb.
1400 1239 1432 1269 c.
1462 1228 1527 1270 25.
1558 1232 1598 1270 et

120 1295 162 1334 in
195 1296 291 1337 Cod.
321 1297 466 1337 Justin.
498 1308 530 1337 0.
550 1296 588 1337 8.
621 1296 662 1337 C.
693 1296 731 1348 5,
761 1296 798 1337 5.
829 1294 903 1336 sed
933 1293 1059 1334 multo
1090 1293 1230 1333 notius
1261 1298 1325 1334 est
1345 1291 1596 1347 Σωτήριχος,

124 1359 398 1412 Opliiacorum
436 1362 615 1413 scriptor
656 1357 852 1413 Πέτριχος
890 1358 1027 1401 Scliol.
1062 1358 1149 1399 Nic.
1182 1358 1251 1399 Th.
1280 1358 1372 1400 557.
1411 1360 1452 1399 in
1481 1360 1601 1400 Plinii

119 1424 235 1466 libris
265 1427 386 1468 inodo
427 1428 488 1468 510
517 1426 638 1467 niodo
670 1426 854 1466 Petricus
886 1424 1139 1475 nominatur3
1188 1421 1371 1473 Ζωτικός
1399 1426 1599 1478 Porphyr.

123 1489 167 1530 V.
198 1490 301 1532 PIot.
335 1493 414 1533 VII.
449 1492 537 1534 164.
579 1492 757 1532 omissus
797 1491 837 1530 in
877 1490 997 1530 Thes.
1038 1489 1106 1528 ubi
1145 1486 1324 1542 Ζώτιχος
1361 1502 1411 1531 ex
1448 1492 1598 1532 Inscrr.

123 1555 310 1609 affertur3
349 1554 591 1609 Ἐλλέβιχος,
624 1559 739 1607 cujus
769 1555 988 1607 Libanius,
1021 1553 1242 1605 Gregorius
1277 1555 1375 1597 Naz.
1401 1561 1441 1597 01
1467 1557 1600 1608 Chry-

126 1626 340 1663 sostonius
368 1624 648 1675 meminerunt,
679 1623 720 1661 in
749 1621 899 1662 Zosim.
929 1620 974 1661 V.
1004 1619 1068 1660 47.
1093 1615 1318 1672 Ἐλλέβιχος
1346 1625 1530 1675 vocatur,
1560 1623 1602 1662 in

125 1686 215 1726 cod.
258 1688 462 1729 Theodos.
505 1698 537 1728 c.
571 1688 604 1729 1.
645 1686 694 1727 de
735 1686 983 1727 calumniatt.
1016 1683 1053 1738 9,
1083 1684 1148 1725 39.
1191 1685 1426 1727 Hellebicus
1463 1687 1530 1728 vel
1558 1690 1603 1727 01

122 1750 163 1791 iu
194 1752 283 1794 cod.
313 1754 456 1795 Ritteri
499 1754 695 1805 scriptum
735 1756 798 1792 est
827 1750 1048 1792 Ellebicus
1105 1750 1184 1791 Pro
1210 1746 1462 1803 Ὀλυμπικός
1491 1751 1602 1794 Suid.

126 1829 157 1859 5.
185 1813 420 1872 Ἀντίμαχος
447 1818 685 1869 Bernhardy
710 1813 956 1869 Ὀλύμπιχος
983 1816 1143 1869 probat,
1174 1828 1248 1868 pro
1272 1814 1462 1871 Δωρικός
1481 1817 1599 1858 Diod.

125 1883 225 1925 XIV.
248 1886 283 1925 7.
313 1887 545 1926 Dindorfius
575 1882 774 1937 Αώριχος.
797 1879 1016 1936 Ἑρμαϊκός
1041 1882 1081 1922 in
1101 1883 1226 1924 Inscr.
1255 1884 1398 1924 Boeot.
1423 1894 1461 1925 n.
1486 1882 1603 1926 1593.

126 1948 358 1992 Boeckhius
398 1953 438 1992 in
471 1948 688 2003 Ἑρμάϊχος
726 1951 848 1991 vertit
886 1953 926 1989 01
966 1960 1040 2000 pro
1084 1945 1281 1997 Πέλλικος
1320 1950 1442 1990 Τ1100.
1476 1951 1503 1990 Ι.
1536 1950 1601 1992 29.

127 2016 243 2065 cujiis
275 2023 471 2058 accentus
501 2019 592 2069 ipse
625 2029 648 2057 a
679 2017 803 2057 solito
830 2013 997 2067 recedit,
1028 2025 1050 2054 e
1074 2014 1209 2054 multis
1231 2014 1346 2055 codd.
1370 2016 1604 2056 restitutum

128 2084 192 2121 051
223 2077 428 2135 Πέλλιχος,
461 2083 571 2134 quod
601 2083 696 2122 alibi
731 2077 902 2132 Πέλιχος
931 2079 1134 2122 5011111101.
1183 2079 1295 2130 Quae
1317 2080 1367 2120 ab
1390 2080 1605 2132 adjectivis

130 2150 221 2185 orta
258 2153 373 2202 sunt,
413 2153 574 2188 tenuem
611 2148 848 2199 plerumque
887 2146 1062 2186 retinent
1093 2141 1327 2197 Γραφικός,
1373 2143 1605 2200 Βασιλικός,

136 2210 310 2264 Τυχικός
337 2216 428 2255 Aet.
456 2214 609 2265 Apost..
636 2212 718 2253 XX.
748 2213 785 2254 4.
814 2209 1003 2258 Σωτικός
1030 2210 1151 2262 Corp.
1182 2211 1311 2254 Inscr.
1335 2202 1377 2252 Τ.
1397 2211 1425 2252 Ι.
1453 2222 1490 2252 0.
1514 2211 1604 2255 189.

128 2278 302 2319 Zoticus
349 2281 541 2331 frequens
584 2278 625 2317 in
656 2278 780 2318 Inscr.
811 2278 971 2329 latinis,
1013 2273 1257 2324 Φιλιππικάς
1286 2280 1363 2317 etc.
1395 2289 1432 2317 v.
1463 2278 1605 2320 Lehrs.

130 2343 254 2383 Arist.
296 2343 387 2385 292.
426 2344 571 2384 Parall.
609 2342 674 2383 49.
718 2343 809 2383 aliis
850 2343 1032 2395 aspirata
1067 2340 1225 2382 reddita
1267 2346 1351 2382 est:
1404 2340 1605 2396 Πτόλιχος

130 2407 249 2448 Palus.
282 2409 344 2449 Vl.
378 2409 439 2461 10,
471 2408 507 2451 9.
545 2405 719 2460 Πόλιχος
747 2407 937 2460 Apollod.
968 2406 1149 2459 111.8,1.
1183 2405 1459 2462 Σωφρόνιχος
1477 2410 1603 2451 Inscr.

216 2615 253 2655 21
288 2614 378 2651 Unus
404 2627 447 2653 ex
474 2617 617 2653 cohorte
645 2617 809 2652 Demetrii
835 2616 984 2650 Poliorc.
1013 2625 1138 2651 nomen
1163 2616 1283 2651 habuit
1310 2615 1496 2660 Βούριχος,
1525 2626 1601 2651 ma-

134 2668 339 2704 cedonicum
366 2672 523 2715 sortasse,
553 2673 615 2709 sed
641 2674 717 2717 quis
743 2671 939 2716 spondeat?
973 2671 1071 2706 Alius
1104 2673 1180 2716 quis
1198 2670 1353 2716 Βύριχος
1375 2676 1518 2707 vocatus
1537 2676 1602 2708 est.
