1699 3021
284 179 351 219 nE
383 180 563 222 NOMIN.
594 180 648 222 ΙΝ
675 171 728 222 ὦ
756 179 1100 222 EXEUNTIBUS.
1140 181 1181 222 c.
1203 181 1229 222 1.
1269 185 1308 230 ς.
1327 181 1364 222 2.
1496 179 1558 222 so

89 287 281 340 liquidam
310 299 360 328 ex
389 289 537 330 vicinia
567 291 744 331 traxisse
763 289 960 330 videntur„
1017 290 1159 341 Neque
1179 289 1280 330 haec
1301 290 1433 330 solum
1456 300 1561 330 con-

90 365 194 394 sona
225 354 443 394 asciscitur
471 355 544 396 sed
574 356 778 407 quaelibet
808 355 912 395 aliae
941 354 1062 395 modo
1096 367 1145 395 ex
1166 354 1350 395 occultis
1379 355 1559 394 sontibus

88 419 258 459 influunt
286 419 408 459 modo
441 432 490 460 ex
521 421 735 472 contiguis.
792 420 844 461 Ut
875 432 898 460 a
929 420 987 460 σῶ
1013 420 1142 472 (σείω)
1166 416 1338 472 σαβάξαι
1366 421 1562 459 σαλεῦσαι

89 486 183 526 Hes.
215 486 275 525 sic
306 497 329 525 a
362 484 421 534 ῥῶ
452 484 554 537 ῥαίω
586 487 728 539 pavio‚
768 486 873 526 uude
904 483 1073 539 ῥαιστήρ
1102 486 1286 537 malleus,
1317 484 1560 536 productum

89 555 153 591 est.
183 547 378 602 ῥαβάσσω
421 556 459 591 et,
498 547 744 604 ἀῤῥαβάσσω
784 551 1059 603 significandis
1100 551 1333 591 saltantium
1374 549 1561 601 tripudiis

89 616 156 667 qui
195 612 320 655 πέδον
349 613 514 669 ῥήσσειν
543 617 751 668 dicuntur3
800 622 840 657 et
879 618 929 658 ab
960 616 1102 657 eodem
1133 616 1333 668 principio
1366 614 1439 656 sed
1469 626 1562 655 mu-

90 685 174 720 tato
216 682 392 732 paullum
424 682 633 722 intellectu
663 679 885 733 ῥαθάσσω,
929 682 1149 722 accedente
1189 680 1339 721 dentali
1379 691 1482 732 quae
1521 681 1562 720 in

88 744 356 799 ῥαθαπυγίζω
388 752 570 799 apparet.
628 748 690 788 Ab
721 748 966 798 homonymo
999 753 1145 800 autem,
1176 746 1285 799 quod
1316 747 1357 786 in
1387 743 1561 796 ῥάσσατε

89 818 300 864 superest,
342 824 425 852 non
465 813 597 853 solum
627 812 754 864 ῥαίνω
784 814 856 854 sed
888 814 1008 853 etiam
1039 812 1227 866 ραθαίνω
1266 816 1305 852 et
1334 810 1560 863 ῥαθαμίζω.

91 877 203 925 Quae
234 878 425 917 universa
456 877 708 918 adminiculo
731 879 906 919 nominis
939 878 1134 919 destituta
1158 882 1264 931 sunt,
1296 877 1382 917 sive
1403 876 1444 917 id
1463 887 1564 917 casu

89 944 253 983 evanuit
291 943 378 983 sive
414 953 617 993 nunquam
655 944 932 984 substructum
972 949 1047 985 est.
1104 944 1286 995 Namque
1317 953 1474 995 sermo,
1519 946 1564 982 ut

88 1008 225 1059 paullo
253 1012 346 1048 ante
376 1006 572 1059 dicebam,
603 1018 710 1047 nunc
739 1009 848 1048 velut
879 1020 929 1049 ex
960 1010 1215 1061 praescripto
1248 1008 1418 1048 alterum
1446 1007 1563 1048 alteri

90 1074 244 1125 affingit
275 1078 314 1113 et
345 1073 537 1113 adstruit:
569 1069 680 1125 φλέω
711 1074 867 1126 φλῆνος
896 1072 1136 1126 φλανύσσω,
1167 1070 1334 1114 πλάσσω
1358 1070 1561 1126 (πλήσσω)

90 1136 220 1192 πλάτη
252 1150 401 1192 remus,
435 1149 553 1190 quem
577 1138 812 1179 Herodotus
843 1141 1048 1192 πλῆκτρον
1068 1140 1176 1192 dicit,
1205 1135 1420 1180 πλατάσσω
1453 1137 1563 1179 Suid.

91 1216 123 1245 s.
158 1201 455 1256 Πλαταγώνιον
482 1227 536 1232 --
564 1204 670 1243 παίω
701 1206 821 1256 pario
844 1205 1017 1257 depuvio
1044 1203 1172 1253 πάτος
1196 1204 1330 1257 (quasi
1352 1205 1564 1257 pavimen-

91 1274 190 1323 tum)
219 1267 428 1319 πατάσσω,
460 1266 571 1309 alteim
601 1266 750 1317 κλάδος
778 1268 1042 1325 κλαδοὶσσωῂ)
1071 1268 1222 1324 θραύω
1246 1272 1432 1322 &monog
1452 1273 1564 1322 θρυ-

89 1336 182 1385 λίζω
213 1348 287 1377 seu
317 1336 551 1387 θρυλίσσως
590 1347 698 1375 nunc
726 1336 857 1376 media
887 1338 1045 1391 premit,
1086 1342 1129 1377 ut
1160 1338 1209 1377 ab
1241 1337 1383 1377 eodem
1413 1333 1563 1388 θραύω

91 1406 229 1442 natum
265 1407 329 1442 est
362 1398 604 1452 θρανύσσω,
646 1405 685 1441 et
716 1413 891 1443 accessu
931 1403 1108 1454 liquidae
1140 1403 1189 1443 ab
1220 1398 1355 1452 ὀπάζω
1386 1397 1563 1452 ὀπαλίζω

86 1462 355 1517 Ἐνωπάλιζεν
384 1463 575 1507 ἐνέτεινεν
604 1464 787 1508 ἐνεδίδου
816 1469 991 1519 Hesycli.
1024 1468 1134 1520 quod
1155 1470 1303 1520 injuria
1328 1472 1565 1520 attentatur,

92 1533 142 1573 ab
182 1529 305 1583 ὀπίζω
337 1528 560 1585 (ὀπίζομαι)
591 1529 810 1585 ἐνοπηλίζω
841 1531 1021 1587 ἐμβλέπω
1060 1535 1154 1575 Hes.
1187 1534 1237 1574 ab
1277 1531 1363 1585 ἄγω
1393 1529 1566 1585 ἡγέομαι

91 1595 288 1652 ἡγηλάζω,
346 1599 493 1639 Verum
525 1599 573 1639 de
601 1599 796 1640 insitione
827 1600 1075 1650 syllabarum
1101 1600 1150 1640 de
1179 1601 1338 1651 integro
1361 1609 1564 1651 exponam

91 1664 159 1705 ubi
189 1664 240 1705 ad
271 1668 492 1705 extremum
523 1676 774 1718 pervenero3
812 1676 919 1705 nunc
951 1664 999 1706 de
1031 1666 1265 1706 accretione
1296 1664 1432 1704 dicere
1463 1674 1566 1716 pro-

93 1730 272 1780 positum
303 1733 378 1769 est.

203 1831 241 1874 ὃ.
273 1827 309 1868 2.
366 1827 540 1867 Primum
569 1827 691 1878 igitur
720 1827 845 1868 verba
877 1827 1199 1868 terminationem
1222 1818 1328 1866 W)
1347 1826 1564 1879 accipiunt,

93 1892 143 1933 ab
174 1889 253 1945 ἄγη
283 1893 347 1933 vel
378 1890 529 1944 ἄγαμαι
559 1888 742 1944 ἀγάλλει),
789 1894 838 1933 ab
869 1890 966 1945 ἄχος
996 1893 1059 1933 vel
1089 1890 1236 1944 ἄχομαι
1266 1888 1474 1945 ἀσχάλλω,
1513 1893 1564 1933 ab

92 1958 251 2010 εἴδομαι
277 1958 341 1997 vel
371 1953 477 2005 εἶὸος
502 1955 734 2011 εἰὸάλλομαι
755 1965 793 1999 el
819 1957 1068 2010 ἰνὸάλλομαι,
1099 1970 1121 1997 a
1142 1958 1339 2010 stirpibus
1359 1970 1458 2010 pure
1480 1963 1566 1998 ler-

92 2024 255 2063 minatis
286 2020 409 2063 ἰάλλω
440 2025 526 2064 sive
549 2021 684 2074 ἱάλλω,
715 2021 869 2064 meimet)
895 2026 918 2065 i.
943 2036 978 2076 (1.
998 2024 1160 2074 πιαίνω,
1190 2024 1438 2076 interposita
1458 2034 1568 2064 non-

93 2099 298 2140 nunquam
328 2100 514 2129 consona
549 2101 652 2141 quae
685 2102 734 2130 ex
765 2091 959 2131 derivatis
998 2091 1139 2129 recinit
1170 2086 1266 2136 ψάω
1296 2113 1351 2118 -
1378 2085 1568 2141 ψαδαρός

93 2151 286 2205 ψαθυρός
315 2155 483 2203 ψωθίον
512 2180 563 2183 ——
592 2153 815 2207 ψαθάλλω,
857 2155 965 2208 quod
993 2156 1136 2196 Pollux
1165 2156 1211 2196 II.
1242 2155 1330 2196 174.
1364 2166 1452 2194 cun]
1481 2159 1567 2202 ψα-

92 2216 242 2270 ictam-0,
275 2220 427 2260 Moeris
459 2232 547 2261 cum
579 2223 704 2262 attico
737 2223 917 2275 ψηλαφῶ
949 2222 1179 2274 coinponit3
1217 2216 1331 2261 κνάω
1353 2216 1568 2272 -κνήθω

93 2286 210 2334 κνίζω
241 2284 359 2338 nvidi]
388 2310 442 2315 —-
470 2283 697 2338 κναδοὲλλω,
731 2293 773 2329 ut
804 2301 827 2329 a
852 2284 967 2327 σπάω
999 2284 1168 2327 σπαὸών
1197 2282 1343 2334 σπάδιξ
1372 2281 1568 2338 σφαδάζω

93 2351 117 2392 i.
148 2362 185 2404 q.
217 2346 403 2403 ἀσπαίρει)
435 2356 475 2392 et
504 2349 657 2406 σφύζω.
675 2354 710 2379 1⁰
766 2355 802 2395 Λ
830 2351 968 2402 ψύθος
996 2351 1018 2394 ὁ
1048 2351 1187 2407 ψόφος
1218 2352 1397 2404 Tlleogn.
1428 2352 1473 2393 ΙΙ.
1504 2350 1569 2394 54.

184 2537 221 2579 9)
256 2537 330 2571 Hoc
363 2541 477 2573 tamen
509 2549 576 2582 quo
610 2539 747 2583 longius
785 2539 946 2574 discessit
980 2548 998 2572 a
1033 2538 1286 2577 significatione
1324 2537 1490 2580 nominis,
1526 2546 1570 2573 eo

96 2593 315 2634 suspectius;
351 2602 465 2636 neque
498 2590 590 2636 αἷμα
623 2593 924 2638 κλαόασσόμιενοι»
948 2594 1180 2637 Empedocles
1220 2593 1404 2637 scripsisse
1436 2592 1572 2629 videtur

96 2645 161 2680 sed
186 2645 504 2690 κλυδασσόμενον,
531 2659 598 2692 quo
624 2649 800 2692 Diogenes
830 2649 867 2684 V.
893 2650 946 2686 66.
976 2651 1090 2683 utitur.

189 2711 246 2754 10)
269 2712 518 2760 Ἐσπάρασσεν
550 2713 568 2755 ἢ
607 2715 740 2759 καρδία
763 2727 836 2758 μου
861 2716 988 2751 Jereni.
1015 2715 1070 2750 lv.
1099 2714 1150 2751 19.
1179 2724 1238 2758 pro
1266 2713 1414 2759 ἔσπαιρε
1439 2724 1471 2748 v.
1498 2713 1572 2749 Co-
