1731 3021
130 148 225 193 304
588 148 1033 192 DISSERTATIO
1073 149 1156 192 VII.

130 255 384 314 παραγωγὴν
410 255 608 313 μαράσσω
637 255 705 299 καὶ
735 259 978 315 πλεονασμῷ
1005 255 1223 314 σμάραγος.
1253 260 1343 302 Hoc
1370 261 1506 314 ipsum
1529 261 1609 303 hn-

134 328 198 369 die
235 337 319 367 non
347 325 495 378 legitur
524 325 604 365 nisi
630 325 672 365 in
703 324 869 366 Camino
910 324 1119 366 homerico
1150 325 1218 366 ubi
1249 333 1529 369 convocantur
1559 327 1610 369 ad

134 392 397 436 evertendum
437 392 645 432 fornacem
692 390 914 431 daemones
955 390 1092 431 ficticii
1133 388 1346 445 Σύντριψ,
1390 391 1611 447 Σαβάκτης

134 465 174 502 et
204 456 429 513 Σμάραγος
467 469 491 498 a
530 458 693 509 fragore
725 456 1023 509 denominatus
1066 457 1130 496 oui
1160 457 1291 499 simile
1321 460 1611 511 appellativum

134 523 323 581 σμαραγή
354 524 575 577 strepitus,
607 523 823 576 tumultus,
852 523 1101 574 verbumque
1130 520 1327 575 μαράσσει
1354 527 1486 578 ψοφεῖ
1509 525 1612 565 Ero-

134 596 230 637 tian.
262 597 301 634 et
332 593 513 633 fortasse
541 586 732 642 μαράγνα
762 589 849 629 sive
888 585 1068 640 μάραινα
1098 591 1277 644 scutica,
1317 591 1381 630 cui
1409 590 1612 630 Homerus

135 661 347 714 epitheton
377 656 516 697 tribuit
547 667 570 695 a
594 655 733 695 sonitu
757 654 919 694 ductum
938 651 1082 706 μάστιξ
1102 652 1259 708 λιγυρή.
1288 654 1467 695 Lucendi
1489 654 1613 706 signi-

133 727 268 770 ficatio
307 725 349 765 in
386 723 449 763 his
487 721 599 762 nulla
638 723 809 771 apparet
845 731 977 772 neque
1016 726 1170 762 certum
1209 724 1297 773 ejus
1330 724 1611 773 argumentum

134 792 306 848 praebet
335 785 587 842 σμάραγδος,
620 784 730 837 quod
758 786 1015 836 peregrinum
1046 798 1141 827 esse
1171 791 1311 840 potest
1341 791 1385 828 ut
1415 787 1611 839 pleraque

133 866 382 911 gemmarum
409 853 586 894 nomina.
627 850 714 891 Nec
744 854 879 890 tamen
908 851 1065 892 alienus
1096 864 1184 893 sum
1218 853 1268 893 ab
1300 853 1375 893 hac
1405 851 1612 893 sententia

134 935 261 978 saepe
291 926 506 972 utrumque
541 928 672 970 genus
712 927 846 956 rerum
877 919 916 956 et
946 927 1050 968 quae
1082 919 1226 959 oculos
1258 919 1406 959 feriunt
1437 921 1476 958 et
1506 927 1611 968 quae

134 1001 255 1032 aures
286 987 567 1040 perstringunt
595 986 638 1023 ut
669 982 814 1022 effectu
844 993 918 1034 par
946 983 1004 1022 ita
1023 983 1208 1024 similiter
1236 984 1484 1036 appellatum
1515 993 1612 1023 esse

133 1057 349 1109 ipsumque
387 1046 573 1104 σμαραγή
610 1059 694 1089 non
733 1047 835 1088 adeo
876 1059 1088 1100 segregem
1126 1060 1149 1088 a
1180 1050 1467 1090 communitate
1496 1047 1612 1089 verbi

133 1122 265 1175 μαίρω
308 1128 531 1170 eorumque
572 1126 676 1167 quae
717 1112 1011 1154 Grammaticus
1053 1115 1183 1155 Cram.
1214 1115 1241 1155 Ι.
1272 1114 1365 1156 386.
1406 1114 1500 1155 hinc
1528 1125 1612 1154 ma-

133 1199 259 1229 nasse
298 1186 440 1237 docet‚
487 1177 712 1235 ἀμαρύσσω
752 1183 792 1219 et
828 1177 1120 1232 μαρμαρύσσω.
1186 1180 1250 1221 Ad
1288 1176 1475 1234 σμαραγή
1513 1179 1612 1220 nihil

133 1254 305 1308 propius
337 1249 496 1293 accedit
526 1258 646 1300 quam
676 1242 831 1298 σαλαγὴ
869 1242 947 1298 βοή
978 1246 1074 1286 HeS.
1106 1246 1215 1298 quod
1246 1248 1399 1299 pariter
1429 1258 1452 1287 a
1482 1246 1609 1288 verbo

133 1325 271 1362 motus
310 1315 578 1369 significativo
622 1312 715 1352 σείω
754 1311 978 1351 derivatum
1017 1315 1080 1351 est
1117 1323 1199 1352 non
1230 1313 1402 1365 abrupte
1433 1313 1506 1354 sed
1537 1323 1609 1365 per

132 1385 284 1439 gradus
325 1380 412 1423 σάω
448 1376 660 1428 σαλάσσω,
703 1373 872 1428 σάλαγξ,
914 1374 1091 1429 σαλαγή,
1132 1375 1324 1431 Σάλαγος
1358 1380 1431 1419 viri
1461 1388 1610 1419 nomen

132 1452 255 1493 Palis.
292 1450 374 1490 Vll.
403 1448 440 1489 4.
471 1446 578 1486 unde
609 1445 811 1495 σαλαγεῖν,
848 1438 1101 1493 ‘cocpdoomst1
1130 1440 1155 1496 ἡ
1193 1441 1272 1497 γὰρ
1307 1442 1477 1498 φροντὶς
1507 1441 1610 1484 σάλος

133 1518 230 1558 Hes.
286 1516 384 1556 Cum
413 1509 596 1564 πλατάγη
637 1515 677 1551 et
715 1508 908 1550 derivatis
939 1511 1034 1560 apte
1064 1515 1364 1564 componuntur
1393 1508 1548 1563 λάταγη
1586 1521 1610 1550 a

133 1580 367 1623 resonando
409 1580 537 1631 dicta,
578 1578 767 1628 λαταγεῖν
807 1575 962 1625 ψοφεῖν
998 1573 1163 1617 τύπτειν
1199 1578 1295 1618 Hes,
1334 1573 1610 1616 λατύσσεσθαι

133 1644 396 1699 πτερύγεσσιν
433 1646 509 1686 alis
548 1642 744 1696 plaudere
787 1638 959 1690 Oppian.
1000 1643 1109 1694 quod
1143 1654 1168 1683 a
1205 1640 1329 1691 λάταξ
1366 1653 1447 1681 una
1475 1641 1611 1681 vocali

134 1713 259 1754 distat
290 1724 371 1765 qua
399 1708 556 1764 σαλύγη
585 1707 778 1763 (σαλυγή)
807 1707 833 1765 ἡ
864 1710 1034 1766 συνεχὴς
1063 1712 1220 1762 κίνησις
1254 1709 1350 1749 Hes.
1384 1719 1408 1748 a
1436 1703 1608 1760 σαλαγή,

134 1775 397 1828 ἀνασταλύζω
429 1782 468 1818 et
486 1773 705 1826 νεοστάλυξ
727 1789 750 1817 a
772 1777 999 1827 σταλάσσω,
1031 1790 1055 1818 a
1078 1775 1331 1828 πλατυγίζειυ
1359 1785 1471 1828 vero,
1499 1772 1610 1825 quod

135 1845 271 1886 Schol.
300 1845 425 1884 Arist.
460 1844 561 1895 qu.
591 1843 683 1884 840.
714 1849 826 1886 recte
857 1846 907 1887 ad
930 1842 1060 1898 πλάτη
1088 1849 1127 1884 et
1156 1838 1442 1893 πλαταγώνιον
1470 1840 1609 1892 refert,

133 1910 295 1951 defectu
326 1921 536 1950 consonae
566 1913 609 1949 ut
638 1907 792 1958 πλατύς
820 1912 959 1952 latus2
989 1908 1160 1963 πλάγιος
1188 1905 1342 1960 λέχριος
1373 1906 1607 1957 ob-liquus

133 1988 170 2017 v.
198 1976 343 2016 Parall.
377 1974 465 2016 105.
514 1975 586 2015 His
619 1977 722 2016 enim
755 1978 941 2018 omnibus
973 1977 1223 2029 significatur
1251 1984 1380 2015 sonus
1410 1972 1477 2024 qui
1499 1981 1607 2011 com-

134 2041 266 2093 plosis
297 2040 543 2093 corporibus
574 2041 668 2082 latis
700 2044 914 2095 planisque
934 2044 1062 2084 audiri
1081 2042 1201 2083 solet.
1252 2040 1340 2080 Duo
1361 2050 1384 2079 a
1406 2037 1542 2078 verbis
1565 2037 1606 2076 in

131 2098 213 2157 ἷζᾟ)
245 2107 440 2148 derivatis
471 2106 673 2148 declinata
715 2113 810 2149 sunt
838 2105 920 2149 ἀπὸ
949 2110 1025 2150 τοῦ
1055 2104 1239 2156 ἀλαλάζω
1271 2100 1606 2157 ἀλαλαγήΗοῐο-

222 2294 257 2336 1)
279 2294 343 2328 Pro
367 2297 484 2337 βινεῖν
510 2295 687 2338 usurpavit
711 2294 882 2331 Lucianus
908 2297 942 2330 in
967 2295 1107 2330 oraculo
1136 2294 1264 2328 ficticio
1290 2292 1390 2327 Alex.
1412 2291 1444 2332 ξ.
1465 2291 1519 2326 50.
1539 2288 1606 2330 σὴν

133 2349 270 2393 ἄλοχον
291 2347 379 2393 ὑπὲρ
405 2349 542 2393 λεχέων
566 2350 729 2394 σαλαγεῖ,
756 2355 792 2385 ut
817 2352 1025 2395 διακροτεΐν
1049 2351 1173 2384 dicitur
1198 2352 1232 2384 et
1255 2349 1389 2389 ληκεῖν.
1427 2346 1515 2381 Illud
1537 2346 1602 2380 Ja-

133 2404 303 2439 cobitzius
338 2406 477 2448 scripsit
509 2415 570 2448 pro
604 2405 767 2450 σιιλάγει,
795 2407 887 2451 quod
915 2407 1095 2449 analogiae
1130 2403 1318 2448 repugnat3
1352 2412 1429 2436 nam
1460 2401 1602 2436 verbum

132 2458 321 2501 barytonon
350 2461 383 2493 in
409 2473 487 2504 αγω
513 2462 641 2495 nullum
666 2466 804 2506 praeter
827 2463 1033 2506 primitivum
1058 2462 1147 2505 ἄγω.
1198 2460 1270 2495 Nec
1296 2461 1371 2494 sine
1397 2458 1522 2493 mendo
1550 2461 1602 2491 est

129 2513 294 2558 Ἀράγειν
318 2515 543 2560 σπαράσσειν
568 2517 650 2551 Hes.
700 2518 796 2558 Quae
824 2518 1018 2551 Passowius
1040 2518 1174 2560 recepit
1196 2514 1329 2559 ὐρῦγω
1366 2519 1399 2550 et
1417 2512 1601 2558 Ὀρυγάνω

133 2571 290 2612 apposito
316 2573 419 2606 etiam
447 2573 633 2615 prosodiae
659 2574 769 2615 signo,
798 2573 1005 2608 Schneideri
1033 2576 1226 2607 commenta
1251 2574 1340 2606 sunt.

220 2635 257 2677 2)
282 2637 400 2671 Vocali
427 2639 596 2681 producta
622 2643 657 2673 ut
680 2640 800 2680 πλητίς
824 2642 846 2673 i.
869 2649 901 2683 q.
922 2640 1093 2672 ηλιιτεῖον
1113 2638 1239 2680 tabula,
1266 2637 1357 2681 quod
1379 2636 1480 2680 alpha
1495 2635 1601 2671 breve

132 2691 257 2725 retinet
278 2696 314 2725 ut
338 2692 451 2735 πλάτη
479 2699 511 2729 et
536 2695 624 2729 latus
653 2693 670 2735 ἡ
696 2692 818 2738 λαγών
841 2695 889 2728 les
915 2695 1032 2735 flavios-
