1731 3021
161 177 245 220 1114
637 173 1068 215 DISSERTATIO
1120 174 1183 215 IX.

159 285 206 329 ὀί
239 284 330 334 ἑνὸς
358 277 384 326 σ
413 280 700 338 ἐκφερομένης,
721 280 912 335 ’Ἁρνισος
941 280 964 323 ὁ
993 281 1190 336 ποταμός,
1223 281 1436 337 Κήφισος,
1459 283 1633 335 Ἐλισος,

159 351 360 402 Λάνισος,
400 348 609 404 Νήρισος,
628 347 795 404 ’Ἁρισος
823 346 1018 402 ποταμός,
1057 346 1256 402 Πάμισος,
1287 347 1483 403 Λάρισος,
1506 346 1638 404 Ῥίμι-

159 430 231 467 σος
264 414 447 471 ποταμὸς
477 417 686 467 Σικελίας,
728 415 950 468 Κρίμισος,
991 412 1238 468 Μόρμισσος
1266 414 1467 469 ποταμός,
1506 414 1633 467 ἄϊσος,

156 483 336 539 ὕβρισος.
402 479 460 524 Τὸ
498 479 541 523 δὲ
567 477 730 534 Ἀμισός
763 477 838 521 τὸν
866 478 992 521 τόνον
1021 476 1201 533 ἀμεῖψαι)
1227 477 1303 534 τὴν
1330 480 1498 536 γραφὴν
1526 480 1636 536 ἐφύ-

157 551 259 601 λαξε.
319 549 437 599 Quod
466 549 546 589 nisi
576 547 814 601 addidisset,
858 559 941 588 non
972 547 1199 588 dubitarem
1236 547 1278 587 in
1307 549 1508 600 principio
1539 553 1637 600 post

157 613 367 671 βαρύτουα
386 615 645 666 interponere
673 611 742 653 καὶ
773 609 960 663 ὀξύτονα.
1005 613 1107 653 Nam
1138 609 1331 666 Κηφισός
1360 619 1438 654 tam
1467 613 1638 666 pervul-

156 689 293 736 gatum
331 686 393 721 est
422 690 572 720 nomen
604 683 766 731 tamque
804 679 924 719 fixum
952 680 994 718 in
1032 679 1172 719 ultima
1201 684 1414 720 accentum
1442 678 1566 719 habet
1594 682 1638 718 ut

154 751 260 790 inter
300 749 639 799 proparoxytona
676 746 820 785 referri
858 745 968 784 nullo
1007 743 1128 784 modo
1160 746 1350 796 potuerit.
1405 745 1458 785 Et
1475 741 1638 791 Ἕλισος

156 824 320 866 quoque
351 811 449 851 nihil
478 809 587 850 aliud
617 809 775 850 videtur
806 821 926 861 quam
956 806 1123 856 Εἰλισός
1152 809 1228 859 vel,
1260 814 1304 849 ut
1333 809 1454 860 vulgo
1486 809 1637 850 scribi—

156 885 231 931 tur,
266 873 446 923 Ἰλισσός.
504 875 622 916 Nunc
659 876 714 915 ita
745 876 934 916 existimo
969 874 1279 915 Grammaticum
1318 876 1511 916 universo
1543 875 1637 927 qui-

155 944 244 986 dem
284 943 424 994 generi
463 944 677 982 accentum
709 941 903 981 tribuisse
933 951 1098 992 gravem
1131 940 1205 981 sed
1236 940 1285 981 de
1313 941 1527 981 fluviorum
1555 951 1635 981 vo—

155 1009 311 1051 cabulis
355 1007 623 1061 praecepisse
660 1007 956 1059 particulatim,
1005 1008 1066 1047 sic
1107 1007 1191 1047 fere
1231 1012 1274 1047 ut
1315 1006 1635 1048 Choeroboscus

155 1075 355 1129 praecipit
385 1073 478 1126 220,
509 1072 573 1113 24.
618 1077 657 1113 et
698 1071 790 1125 228,
820 1073 884 1114 25.
920 1069 971 1112 τὰ
1007 1072 1062 1120 εἰς
1091 1064 1147 1120 ο-ις
1175 1063 1295 1125 (to—09]
1333 1069 1397 1113 ἐπὶ
1439 1071 1636 1124 ποταμῶν

153 1139 393 1191 ὀξύυονται,
437 1135 607 1186 Ἀνισός
646 1133 878 1191 (Ἀμνισός)
918 1135 1131 1192 Κηφισός,
1165 1134 1346 1190 Ἐλισός,
1385 1149 1463 1179 nec
1500 1141 1636 1178 tamen

153 1208 343 1259 neglecta
385 1205 609 1246 antinomia
639 1214 970 1256 paronymorum.
1026 1205 1187 1246 Etenim
1216 1202 1399 1257 Λάρισος
1428 1214 1636 1257 proparo-

153 1278 340 1323 xytonon
371 1274 435 1311 est
465 1271 560 1322 quia
590 1281 614 1310 a
643 1266 807 1320 Λάρισα
838 1269 1062 1310 derivatum
1083 1275 1126 1311 ut
1149 1271 1351 1312 Arcadius
1379 1269 1541 1322 quidem
1569 1269 1635 1309 af-

153 1338 296 1390 firmat,
327 1340 366 1377 et
392 1335 604 1388 Κρίμισος,
637 1335 732 1386 quia
757 1335 980 1375 secundum
1004 1335 1366 1378 Grammaticorum
1389 1334 1634 1376 sententiam

154 1403 204 1445 ad
235 1402 467 1443 femininum
498 1401 679 1453 Κρίμισα
708 1400 883 1440 refertur
922 1405 964 1440 ut
995 1398 1257 1454 [Μάρπησσος
1296 1401 1347 1442 ad
1377 1397 1634 1453 Μάρπησσα,

159 1467 376 1515 Θάλασσος
406 1467 564 1519 (omiss.
594 1467 635 1506 in
667 1465 756 1517 Th.)
788 1465 937 1507 Zosiin.
969 1467 1015 1506 Π.
1047 1467 1111 1508 48.
1143 1467 1193 1508 ad
1211 1464 1403 1507 θάλασσα
1433 1470 1509 1506 eto.
1552 1464 1634 1506 Sed

153 1535 259 1576 idem
294 1534 462 1586 saepius
493 1528 696 1583 Κριμισός
733 1532 938 1584 scribitur,
960 1532 993 1556 12
1023 1533 1119 1583 quia
1147 1533 1256 1573 fluvii
1284 1542 1434 1573 nomen
1464 1535 1550 1581 est,
1590 1535 1635 1570 ut.

154 1595 346 1653 Κηφισός
377 1602 417 1638 et
441 1593 657 1650 Ἀμνισός,
689 1597 798 1648 quod
820 1597 1117 1637 Choerobosco
1138 1597 1435 1638 restituendum
1465 1600 1529 1637 est
1555 1606 1631 1649 pro

155 1663 355 1713 Λάυισος,
397 1668 437 1703 et
468 1659 663 1716 Μηρισός
694 1663 848 1703 Gallim.
877 1663 938 1703 Fr.
966 1662 1058 1704 481.
1090 1674 1165 1714 pro
1197 1674 1277 1715 quo
1309 1672 1524 1714 perperam
1553 1660 1633 1701 edi-

155 1738 236 1773 tum
269 1735 331 1772 est
363 1725 550 1782 Νήρισος
579 1733 623 1769 ut
638 1725 804 1781 ’Ἀρισος
825 1739 899 1779 pro
921 1724 1117 1781 Μάρισος
1138 1729 1272 1770 Strab.
1294 1729 1375 1769 VII.
1398 1727 1491 1770 304.
1523 1726 1634 1779 quod

152 1802 196 1839 ut
226 1796 393 1848 regulae
423 1795 642 1836 conveniat
673 1799 741 1834 aut
772 1806 845 1847 pro
867 1805 1095 1846 paronymo
1121 1793 1402 1846 accipiendum
1422 1796 1492 1834 aut
1510 1797 1632 1834 acuto

152 1862 369 1904 finiendum
400 1866 486 1913 est3
526 1872 756 1914 quanquam
791 1857 978 1913 Πάμισος
1014 1871 1177 1913 quoque
1215 1861 1256 1900 in
1294 1860 1481 1900 omnibus
1512 1858 1630 1900 codd.

152 1927 302 1969 Herod.
344 1931 382 1967 et
416 1926 536 1968 Paus.
569 1926 776 1978 oxytonos
809 1927 1013 1968 scribitur.
1082 1926 1200 1975 Quod
1239 1926 1424 1978 sequitur
1455 1922 1633 1978 Ῥίμισος

153 1994 344 2034 librarius
382 1993 473 2045 ipse
509 1994 688 2034 correxit
726 2003 865 2033 verum
906 2003 1055 2033 nomen
1084 1993 1287 2045 Κρίμισος
1318 1995 1416 2043 post
1444 1990 1633 2038 Σικελίας

152 2060 353 2100 inserens.
411 2059 470 2099 De
500 2055 722 2111 Μόρμισος
751 2058 914 2109 dubito,
954 2070 1029 2110 pro
1059 2056 1175 2105 ἄϊσος
1204 2057 1442 2109 scripserim
1471 2052 1633 2103 Νάῖσος

154 2124 292 2177 oppidi
330 2135 480 2166 nomen
517 2124 666 2166 Zosim.
705 2124 770 2165 III.
805 2124 866 2166 11.
907 2123 1016 2176 quod
1054 2124 1149 2164 alibi
1190 2119 1353 2169 Ναϊσός
1391 2125 1432 2163 et
1470 2118 1632 2168 Ναισός

153 2190 346 2231 scribitur
374 2201 411 2230 v.
443 2190 619 2231 Wessel.
657 2190 707 2230 ad
736 2190 821 2230 Itin.
852 2189 944 2231 566.
984 2189 1173 2241 idemque
1209 2187 1369 2228 videtur
1405 2191 1549 2234 ναῐσος
1577 2186 1628 2227 ab

151 2255 328 2296 Arcadio
361 2268 398 2308 p.
433 2255 495 2296 75.
535 2257 641 2296 inter
679 2255 884 2307 bisyllaba
918 2255 1086 2295 relatum
1117 2258 1157 2294 et
1185 2251 1232 2293 τὸ
1264 2253 1425 2299 Ναῖσος
1461 2249 1526 2292 ἐπὶ
1552 2251 1630 2291 τοῦ

151 2322 341 2373 ποταμοῦ
373 2322 552 2372 Theogn.
587 2321 649 2361 72.
680 2321 749 2361 ubi
776 2317 908 2360 τόπου
936 2319 1195 2361 scribendum
1224 2319 1305 2359 nisi
1334 2317 1482 2359 excidit
1509 2313 1557 2357 τὸ
1585 2312 1629 2356 δὲ

154 2384 316 2434 Νέσσος
332 2383 397 2426 ἐπὶ
415 2411 468 2415 —-
489 2391 557 2427 aut
580 2386 688 2427 aliud
718 2386 825 2438 quid.
854 2386 1069 2426 Postremo
1092 2396 1165 2438 pro
1195 2381 1377 2436 ὕβρισος,
1407 2387 1452 2423 ut
1481 2382 1628 2423 saltem

152 2464 273 2493 unum
301 2452 504 2493 lucremur
531 2451 847 2504 appellativum,
875 2449 1019 2504 ὕρισος
1048 2452 1135 2492 sive
1166 2447 1360 2503 σύρισσος
1387 2460 1423 2488 v.
1456 2448 1628 2489 Dissert.

245 2618 301 2660 12]
338 2617 579 2652 Baehmannus
606 2617 648 2651 ad
677 2616 758 2660 Lyc.
785 2618 861 2653 961.
898 2616 1074 2661 Kgnfcmo‘c
1106 2616 1262 2651 scribens
1296 2613 1437 2649 Arcadii
1474 2611 1628 2655 regulam

152 2682 190 2707 se
216 2674 316 2715 sequi
341 2672 529 2715 profitetur.
579 2673 644 2706 Hic
667 2682 749 2707 vero
775 2681 960 2715 paronyma
989 2673 1129 2714 exeipit,
1159 2671 1284 2714 quibus
1302 2669 1386 2704 illud
1411 2667 1627 2703 adnumerari

153 2731 276 2770 potest.
