1731 3021
95 157 187 202 2114
567 154 999 198 DISSERTATIO
1045 155 1109 197 lv.

99 279 189 310 mae
221 265 522 320 declinationis,
547 261 792 319 Ἐγεσταῖος,
820 261 1034 321 Ἐνναῖος,
1057 263 1309 320 Ἐρβιταῖος,
1341 268 1583 321 Ζαγκλαῖος,

93 331 314 388 Ἱμεραῖος,
352 333 612 382 Καταναῖος,
657 333 940 384 Κασμεναῖος,
987 334 1259 385 Πολιχναΐος,
1286 330 1474 387 “Υβλαῖος
1503 338 1580 375 etc.

96 400 312 454 Ἐρυκῖνος
342 402 476 439 autem
515 397 625 450 quod
657 398 890 450 Stephanus
931 409 964 439 s.
992 393 1240 451 Ἀβακαῖνον
1270 411 1360 442 cum
1387 396 1583 454 Ἀβακαι-

101 471 228 517 νῖνος,
262 467 482 512 Λεοντῖνος
511 468 551 505 et
581 464 782 505 similibus
814 464 1037 518 componit,
1079 464 1129 504 ab
1149 462 1277 517 Ἔρυξ
1316 467 1448 519 repeti
1477 477 1583 507 oon-

104 534 214 574 venit
244 536 287 572 ut
307 528 458 584 ’Ἀδρυξ
485 525 724 582 Ἀὅρυκῖνος
752 526 808 577 ὠς
833 525 1047 583 Ἐρυκῖνος
1075 525 1158 570 ἀπὸ
1187 531 1260 584 τῆς
1277 527 1456 583 ’Ἐρυκος
1482 544 1584 583 rem--

99 600 188 653 κῆς,
209 595 369 645 Ἴνυκος
398 593 545 649 (Ἴνυξ)
562 592 781 644 Ἰνυκΐνος·
811 596 914 644 ἴδιος
942 593 1020 649 γὰρ
1051 592 1073 636 ὅ
1103 594 1232 644 τύπος
1261 598 1458 638 Σικελῶν.
1498 595 1580 637 Sed

104 665 210 706 idem
235 659 452 716 Ἐρυκῖνος
482 663 532 703 ad
558 658 708 716 Ἐρύκη
737 663 880 703 referri
900 674 1029 715 posse
1051 663 1273 704 ostendunt
1294 664 1373 704 alia
1398 661 1585 714 exempla

100 727 297 783 Ὀμφάκη
323 726 599 782 Ὀμφακαῐος“
642 726 720 768 ἔδει
749 725 793 768 δὲ
819 724 1076 780 Ὀμφακῖνος
1103 730 1161 785 τῷ
1190 727 1306 784 τύπῳ
1335 730 1408 782 τῆς
1435 725 1581 781 χώρας,

105 802 149 838 ut
168 795 362 837 ’Ἐντελλα
388 791 660 844 Έντελλῖνος,
680 791 855 833 ‘batanea
875 790 1105 842 ‘Attacotvog
1134 795 1244 846 quod
1282 795 1387 835 male
1425 794 1584 835 acuitur

102 863 220 904 Diod.
253 861 354 902 XIV.
388 861 449 902 16.
484 857 621 913 Πέτρα
661 860 859 910 Πετρῖνος
897 859 1036 901 XXIII.
1075 860 1160 902 Ecl.
1193 861 1255 902 14.
1294 872 1400 914 quae
1439 860 1583 902 termi-

102 930 215 970 natio
248 927 415 980 proprie
437 925 649 976 assignata
680 929 743 965 est
773 925 1005 966 nominibus
1032 925 1240 967 secundae
1267 930 1307 966 et
1335 926 1480 968 tertiae
1505 925 1583 966 de-

53 990 56 991 ’
104 994 340 1036 clinationis
372 989 613 1043 Ἐλωρῖνος,
658 984 929 1042 Ἄσσωρῖνος,
961 987 1254 1045 Ἑρβησσῖνος,
1294 993 1581 1043 Ματαυρῖνος,

99 1057 321 1114 Ἰχατῑῖιγος,
362 1059 657 1110 Μοργαντῖνος
685 1080 739 1084 -
775 1057 1051 1107 Ταραντῖνος,
1084 1056 1270 1108 Βιδῖνος,
1303 1059 1584 1105 Σολουντῖνος

104 1127 179 1169 Sed
209 1131 248 1167 et
278 1121 532 1171 Σολούντιος
559 1126 603 1163 ut
628 1119 930 1173 Σελινούντιος,
965 1120 1189 1173 Βυζάντιος
1207 1127 1247 1164 et
1269 1122 1583 1174 ngavvivog‚14

98 1188 315 1246 Ἀμόργιος
352 1195 391 1231 et
416 1186 655 1243 Ἀμοργῖνος
683 1201 719 1229 v.
749 1188 952 1229 Welcker.
994 1188 1045 1229 ad
1076 1189 1228 1230 Simon.
1265 1200 1304 1241 p.
1333 1189 1370 1230 5.
1402 1199 1528 1241 saepe
1558 1199 1584 1229 a

69 1256 304 1300 'similibus
346 1257 560 1297 dissimilia
598 1252 809 1306 Μόργυνα
844 1256 1143 1306 Μοργυναῖος,
1182 1252 1385 1308 Μεσσήνη
1411 1251 1580 1307 Μεσσή-

102 1339 203 1374 νιος,
238 1320 432 1376 Πάχυνος
466 1319 677 1375 Παχύνιος
706 1324 781 1361 etc.
813 1322 853 1359 et
885 1319 936 1360 ad
967 1325 1104 1373 typum
1135 1320 1307 1360 siculum
1336 1331 1420 1360 non
1449 1319 1581 1362 sicula

97 1384 337 1442 Ἀμοργῖνος
356 1385 411 1437 ὡς
430 1385 656 1443 Ἐρυκῖνος,
683 1381 893 1438 Ἇργάντη,
923 1382 969 1425 τὸ
998 1382 1169 1426 ἐθνικὸν
1197 1383 1274 1426 ἔδει
1299 1382 1576 1439 Ἀργανταῖος,

102 1451 185 1496 ἀλλ’
217 1451 239 1495 ὁ
267 1452 396 1503 τύπος
424 1456 501 1495 τῶν
525 1450 668 1495 Ἰνδῶν
705 1449 732 1506 ἢ
758 1448 1019 1504 Ἄργαντῖνος
1059 1449 1084 1505 ἢ
1108 1448 1385 1506 Ἀργαντίτης,
1429 1452 1578 1505 quibus

102 1522 250 1575 similia
282 1516 523 1575 Ἆγαθῖνος,
564 1521 806 1564 Καλαθῖνος
845 1521 921 1558 etc.
960 1529 1085 1569 supra
1121 1519 1355 1560 memoravi.
1424 1517 1576 1560 Omitto

101 1587 205 1628 alias
228 1587 430 1627 vocalium
450 1585 757 1627 vicissitudines
768 1579 968 1636 Ἀλπηνός
991 1587 1030 1623 et
1046 1580 1251 1631 Ἀλπωνός
1265 1584 1457 1625 Aeschin.
1472 1583 1578 1624 Fals,

100 1665 139 1705 p.
172 1652 236 1694 45.
270 1657 310 1693 et
339 1652 403 1694 46.
432 1653 499 1693 ubi
529 1652 621 1692 libri
651 1645 1039 1702 aliquot’mnoevog
1068 1649 1280 1702 praebent,
1310 1645 1508 1702 Δελφύνη
1537 1652 1578 1689 et

100 1718 307 1771 Δελφίνη,
357 1722 397 1759 et
440 1718 698 1758 manifestum
735 1715 922 1756 mendum
969 1710 1068 1761 θεὸς
1107 1711 1346 1768 Δινδυμένη
1390 1714 1492 1755 Plut.
1531 1713 1576 1755 V.

101 1785 294 1825 Themist.
326 1784 446 1825 XXX.
479 1794 554 1836 pro
594 1793 675 1835 quo
714 1780 803 1822 cod.
832 1781 922 1823 Par.
953 1779 1184 1833 Λινδυμίνη
1222 1780 1262 1821 id
1304 1785 1368 1822 est
1407 1804 1461 1810 -
1495 1776 1577 1833 ήνη

97 1850 281 1903 praebet.
320 1850 454 1903 Alpha
476 1849 646 1890 Romani
674 1847 913 1900 plerumque
942 1848 984 1888 in
1012 1847 1031 1887 ῐ
1057 1850 1220 1887 vertunt
1242 1846 1386 1887 Catina
1408 1847 1576 1898 saepius

97 1916 281 1957 dicentes
321 1927 441 1968 quam
481 1915 637 1956 Catana
677 1917 715 1953 et
756 1924 919 1965 semper
956 1913 1120 1966 patina,
1164 1912 1373 1965 machina,
1411 1912 1576 1965 trutina,

95 1982 281 2035 buccina,
316 1981 528 2033 fascinum,
557 1979 775 2030 balineum,
795 1978 830 2004 1⁵
858 1983 898 2020 et
927 1979 968 2019 in
998 1979 1090 2020 aliis
1124 1977 1478 2020 terminationibus
1506 1978 1574 2017 λε-

95 2160 230 2193 ΙΙαῖσος
256 2156 315 2197 τὴς
338 2158 503 2192 Δαννίας·
532 2154 569 2187 τὸ
599 2154 749 2187 {sl-mxcv
775 2156 924 2190 Παίσιος
950 2152 968 2194 ἢ
1003 2152 1089 2198 ὅπερ
1126 2154 1279 2197 &ustrou
1302 2156 1478 2191 Παισῖνος
1510 2152 1572 2186 διὰ

94 2212 157 2245 τοῦ
181 2213 201 2243 ἵ
226 2213 286 2245 καὶ
309 2222 593 2257 περισπωιιενως
618 2209 667 2253 τῷ
690 2210 715 2242 ἐ
714 2212 766 2241 sta
795 2209 852 2249 (ἧς
874 2208 998 2253 χώριςι
1022 2208 1143 2252 Steph.

185 2267 242 2310 14)
269 2268 480 2309 Byzantinus
509 2267 656 2309 primum
688 2265 861 2308 repeiitur
893 2274 947 2308 ap.
976 2263 1156 2298 Claudian.
1191 2264 1227 2297 in
1253 2263 1395 2308 Eutrop.
1421 2264 1466 2298 ΙΙ.
1494 2263 1570 2300 136.

95 2325 136 2358 cl.
167 2323 209 2358 ad
235 2323 358 2356 Buttm.
392 2320 642 2356 G1a1n1n.429.
673 2319 761 2353 A.dn

181 2378 240 2421 15)
266 2378 425 2420 Scaliger
450 2376 491 2411 ad
511 2376 605 2410 Varr.
626 2374 664 2409 L.
676 2374 712 2408 L.
728 2374 766 2408 V.
787 2373 843 2408 fin.
869 2383 902 2416 p.
919 2374 994 2410 158.
1021 2373 1075 2407 llis
1099 2374 1252 2417 apponit
1259 2372 1395 2418 (ivmimy
1415 2375 1570 2418 runcina,

90 2435 182 2478 quod
206 2438 320 2470 tamen
345 2435 374 2468 si
402 2432 624 2476 penultimam
648 2431 784 2472 longam
812 2428 927 2472 habet,
958 2431 994 2462 ut
1017 2428 1271 2472 Lexicographi
1291 2431 1397 2464 nostri
1418 2430 1567 2474 tradunt,

91 2499 156 2523 non
183 2499 225 2524 ex
252 2498 378 2532 graeco
406 2496 610 2522 conversum
634 2486 698 2521 sed
725 2494 743 2519 a
768 2485 873 2518 latino
898 2494 1043 2517 runcare
1069 2480 1259 2519 derivatum
1287 2487 1341 2519 est
1367 2488 1404 2519 ut
1428 2486 1566 2528 angina,

91 2544 218 2585 somna,
245 2548 279 2579 et
305 2554 324 2578 a
353 2542 469 2576 σάττω
491 2542 623 2585 sagina.
672 2540 714 2574 Et
733 2539 775 2574 de
793 2539 940 2573 buccina
962 2538 1108 2573 dubitari
1128 2541 1243 2582 potest
1260 2542 1371 2574 utrum
1389 2542 1434 2575 sit
1456 2541 1569 2584 ipsum

89 2598 225 2642 βυκάινη
255 2608 297 2632 an
323 2609 342 2633 a
366 2599 488 2633 bucca.
537 2597 720 2630 Βαλιινεῖα
746 2595 838 2629 dieta
863 2595 1008 2629 arbitror
1033 2596 1114 2638 quia
1137 2594 1359 2637 βαλανοειδῆ
1389 2597 1465 2631 sive
1501 2598 1565 2628 θο.

89 2653 223 2694 λοειδῆ.
265 2653 343 2686 Τῶν
365 2653 568 2696 βαλανείων
593 2653 627 2684 οἱ
658 2650 763 2684 θόλοι
799 2669 839 2675 —-
864 2650 990 2686 Athen.
1023 2649 1079 2684 ΧΙ.
1114 2650 1190 2686 501.
1224 2650 1265 2684 D.
1302 2650 1428 2685 Suidas
1459 2653 1564 2683 Σκίν-

84 2710 206 2751 δαψος
232 2707 371 2753 ἀφάνα,
399 2707 491 2752 quod
518 2716 594 2741 oum
621 2706 735 2741 latinis
761 2705 873 2748 Apina
899 2706 973 2740 sive
1000 2707 1137 2748 apinae,
1165 2706 1302 2742 al'aniae
1332 2706 1561 2749 componitur.
