1731 3021
125 138 189 182 40
627 134 1059 178 DISSERTATIO
1109 134 1136 175 Ι.

139 259 190 289 ex
225 247 452 289 Philistidis
491 246 594 287 libro
626 246 928 299 evyyaevtuffiv44
958 245 1130 298 promit:
1183 239 1406 289 πάλλαντες
1448 240 1488 281 οἱ
1521 236 1619 288 νέοι,

137 311 338 362 παλλάδες
366 313 408 354 αἱ
436 313 620 366 μείρακες
648 325 684 354 V.
715 312 890 354 Casani).
923 311 972 351 ad
996 310 1131 352 Slrab.
1150 308 1268 349 XVII.
1286 307 1378 349 816.
1436 307 1621 348 Alterum

140 391 236 421 esse
267 385 365 432 puto
396 376 600 433 πρόφρων
627 376 900 432 πρόφρασσα,
944 377 1040 417 licet
1070 386 1192 415 secus
1225 375 1376 414 sentiat
1404 374 1622 414 Buttman—

139 457 217 486 nus
254 447 296 486 in
328 446 498 487 Gramm.
532 446 573 486 T.
603 445 631 486 I.
657 445 748 486 254.
789 444 829 484 id
867 456 891 484 a
919 439 1123 495 πρόφρων
1154 440 1352 481 deflexum
1381 444 1496 479 ratus
1525 441 1571 478 ut
1599 448 1625 478 a

140 512 357 564 participio
387 510 465 552 ἔων
484 512 666 552 doricum
688 508 826 559 ἔασσα,
858 509 1173 559 consentiatque
1191 506 1386 547 Matthiae
1409 509 1448 552 ς.
1474 503 1564 556 125,
1585 502 1623 544 5.

143 577 224 619 Sed
254 579 333 618 hoc
363 576 489 619 ἐάσσα
516 578 558 617 in
581 577 737 629 paucis,
769 575 915 626 quibus
942 574 1166 626 legebatur,
1197 573 1302 613 locis
1332 570 1519 611 codicum
1547 580 1625 609 au-

143 644 336 685 ctoritate
366 646 406 685 in
435 642 536 684 ἐᾶσα
564 647 761 683 mutatum
793 646 879 694 est,
911 640 1021 692 quod
1052 651 1125 691 pro
1159 636 1266 678 ἐῶσα
1297 637 1442 678 dicitur
1472 635 1624 676 dorice.

142 709 393 751 Philoxenus
433 710 655 761 desperata
694 707 885 757 analogia
923 706 1225 746 substantivum
1264 699 1479 743 ἰδιότυπον
1509 711 1627 741 com-

143 781 305 816 mentus
338 781 401 816 est
431 772 618 827 φράσσα,
658 773 764 813 unde
794 770 893 811 illud
924 771 1198 821 compositum
1229 769 1384 809 diceret
1415 766 1552 808 Schol.
1581 765 1627 807 Il.

143 840 190 881 X.
211 840 303 883 290.
355 841 464 893 Mihi,
492 841 527 881 si
558 840 692 880 thema
721 837 771 878 ad
800 847 984 876 normam
1010 840 1050 876 et
1079 835 1260 886 regulam
1280 834 1500 886 quaeritur,
1530 828 1629 886 πρό-

145 920 255 958 φρας
293 906 524 957 ponendum
570 903 730 944 videtur
770 914 793 942 a
829 898 951 954 φράω
993 898 1171 954 (φράζω)
1212 899 1375 940 ductum
1416 898 1629 950 simileque

147 972 328 1024 propriis
349 968 510 1024 ’Ἑκφας
540 970 677 1012 Schol.
707 969 801 1010 Eur.
834 968 1014 1008 Phoenn.
1041 966 1102 1007 13.
1137 966 1335 1019 Περίφας,
1359 962 1631 1018 (Υπέρφαςβῧ

145 1036 218 1076 His
259 1037 365 1077 enim
404 1037 643 1077 masculinis
678 1035 873 1086 adaptata
913 1036 1008 1073 sunt
1047 1032 1240 1072 feminina
1277 1043 1381 1084 quae
1413 1042 1503 1071 cum
1531 1026 1630 1082 πρό-

146 1112 314 1155 φρασσα
344 1104 521 1143 conferri
550 1106 727 1154 possunt
755 1096 1015 1153 Τηλέφασσα,
1028 1098 1068 1123 4⁰
1099 1110 1179 1150 quo
1201 1098 1365 1138 nomine
1394 1098 1467 1137 suit
1490 1096 1631 1137 Euro-

147 1180 225 1220 pae
253 1174 383 1209 mater
404 1169 541 1210 Schol.
572 1168 673 1208 Plat.
698 1165 789 1208 419.
822 1166 871 1206 ah
904 1165 995 1204 aliis
1033 1160 1217 1217 Τελεφάη
1249 1168 1289 1204 et
1326 1159 1491 1216 Τηλέφη
1522 1161 1632 1202 dicta

146 1246 182 1275 v.
213 1235 386 1276 Meinek.
417 1235 467 1276 ad
497 1235 653 1275 Mosch.
684 1233 728 1273 ll.
756 1231 821 1272 40.
854 1235 893 1271 et
928 1227 1255 1283 Περσέφασσω7
1294 1241 1318 1269 a
1346 1228 1474 1269 verbo
1506 1227 1631 1280 poly-

149 1306 335 1341 semanto
368 1297 485 1354 φάω,
525 1299 632 1341 unde
664 1295 872 1349 Ἀντιφῶν
910 1301 949 1336 et
981 1300 1176 1348 corrupta
1205 1295 1345 1336 ultima
1362 1291 1561 1346 ’Ἄντιφος
1588 1298 1634 1335 ut

154 1362 359 1420 Τήλεφος,
391 1367 599 1419 multaque
631 1366 711 1406 alia
744 1363 940 1415 Θεοφῶν,
983 1363 1232 1415 Καλλιφῶν,
1265 1361 1476 1414 Λαοφῶν,
1508 1358 1632 1405 Ξενο-

149 1433 245 1485 φῶν
282 1444 332 1473 ex
371 1429 605 1486 Ξενοφάων
643 1434 900 1472 contractum
929 1428 1015 1469 EM.
1046 1427 1138 1481 684,
1168 1428 1231 1469 54.
1262 1431 1306 1467 ut
1342 1427 1634 1479 appellativum

150 1493 373 1551 ἀμφιφῶν,
406 1499 455 1540 de
487 1502 603 1551 qu‘us
637 1497 793 1548 origine
822 1495 935 1535 nulla
965 1505 1060 1534 esse
1091 1498 1231 1546 potest
1262 1493 1474 1533 dubitatio.
1531 1492 1635 1533 Hinc

152 1563 331 1615 pendent
379 1566 571 1605 feminina
616 1565 659 1605 in
697 1553 793 1603 ὦῖἆ
823 1565 866 1601 ut
901 1555 1187 1614 Ἀριστοφῶσα
1224 1560 1296 1613 τῆς
1329 1554 1637 1612 Ἀριστοφώσης

240 1732 300 1774 44)
334 1742 366 1775 p.
403 1732 479 1773 316,
509 1731 560 1766 14.
602 1728 618 1762 ὁ
653 1728 691 1762 ἓν
724 1729 775 1774 Τῷ
808 1730 890 1775 περὶ
915 1727 1141 1773 συγγξνικιῦν
1167 1725 1360 1770 ὀνομάτων
1384 1726 1440 1761 vel
1464 1725 1557 1761 idem
1584 1729 1639 1761 est
1697 1760 1700 1764 ,

153 1786 208 1821 vel
233 1786 506 1830 Arislophanes,
547 1787 645 1827 cujus
681 1787 946 1820 commentarius
982 1784 1043 1818 suit
1075 1783 1157 1826 περὶ
1185 1782 1374 1827 συγγενῶν
1399 1782 1497 1816 Phot.
1523 1791 1551 1816 s.
1580 1781 1636 1814 Οἶ-

153 1844 256 1874 mem»
281 1842 323 1876 cl.
350 1842 597 1877 Schneidewin
627 1840 783 1884 ConJ'ecl.
816 1842 889 1877 106.
947 1840 1045 1874 Hunc
1074 1838 1275 1872 Eustathius
1299 1839 1452 1873 nominat
1478 1838 1554 1881 648,
1581 1838 1635 1873 53.

155 1896 194 1929 ἕν
218 1902 292 1934 τοῖς
320 1901 568 1942 σνγγενικοΐς,
603 1896 802 1939 Anonymus
841 1895 950 1929 Cram.
982 1896 1043 1928 lII.
1074 1894 1147 1929 194.
1186 1892 1225 1926 ἐν
1250 1893 1301 1937 τῷ
1328 1894 1544 1938 συγγενικῷ,
1582 1894 1638 1928 cui

155 1954 278 1987 similis
304 1952 526 1996 Ζηνοφάνης
557 1950 596 1983 ἐν
618 1951 667 1994 τῷ
697 1950 901 1995 συγγενικῷ
927 1950 1051 1985 Athen.
1078 1949 1117 1983 X.
1144 1950 1220 1984 424.
1247 1948 1284 1983 C.
1329 1949 1400 1985 Sed
1427 1950 1639 1993 genealogi-

157 2018 235 2041 cum
272 2008 378 2042 fuisse
405 2008 542 2042 videtur
567 2007 738 2041 Andronis
765 2016 852 2050 opus
880 2005 1102 2049 συγγενειῶν
1126 2005 1243 2039 Schol.
1269 2005 1384 2049 Apoll.
1411 2005 1438 2039 Ι.
1465 2006 1520 2040 45.
1547 2005 1639 2039 Har-

156 2073 252 2108 pocr.
281 2074 307 2098 s.
338 2066 593 2108 Φορβαντεῖον
625 2066 661 2097 ut
685 2062 843 2097 Suetonii
871 2059 1090 2107 συγγενικὸν
1115 2058 1313 2104 Καισάρων
1343 2060 1440 2095 Suid,
1469 2070 1496 2094 s,
1523 2059 1638 2106 Τράγ-

158 2118 292 2155 mum.

246 2184 307 2229 45)
340 2186 401 2219 His
427 2189 573 2229 cognata
598 2188 676 2219 sunt
700 2181 907 2228 Περιφήτης
933 2186 965 2217 ot
985 2181 1210 2226 Ἀντιφάτης.

248 2253 309 2296 46)
345 2254 383 2287 In
400 2252 531 2286 Moschi
556 2252 634 2285 loco
659 2249 856 2285 Meinehius
888 2248 989 2282 codd.
1012 2249 1216 2282 auctoritate
1237 2246 1483 2291 Τηλεφιὶασσα
1505 2248 1643 2291 scripsit

160 2318 221 2352 pro
247 2307 497 2352 Τηλεᾳάεσσα.
557 2307 667 2349 HuJus
703 2306 830 2339 formae
867 2304 997 2348 duplici
1025 2305 1138 2339 simile
1176 2306 1228 2338 est
1256 2302 1432 2346 Πασιφάη
1466 2306 1500 2338 et
1531 2304 1640 2335 Πασι-

164 2363 310 2407 (Ῑάεσσα
345 2363 504 2408 ejusdem
539 2362 627 2398 deae
663 2370 789 2395 nomeu
825 2360 951 2404 duplex
987 2369 1018 2393 v,
1052 2360 1236 2395 Hermann.
1273 2357 1400 2402 Opusc.
1434 2358 1470 2392 T.
1498 2358 1536 2392 V.
1566 2358 1642 2396 180.

162 2419 408 2462 Essoqummc
444 2419 542 2451 Hom.
570 2417 610 2451 H.
647 2419 681 2450 in
705 2416 776 2450 Sol.
803 2416 834 2450 4.
871 2425 959 2459 quae
985 2416 1175 2449 masculina
1213 2424 1255 2449 ex
1287 2423 1350 2447 sua
1383 2415 1543 2457 analogia
1576 2423 1644 2448 non

164 2473 311 2515 habent3
349 2474 539 2508 secundum
566 2474 646 2506 artis
676 2471 829 2514 regulam
859 2471 1058 2504 masculinis
1082 2472 1115 2503 in
1141 2464 1217 2507 αεὶζ
1247 2469 1300 2512 (ut
1325 2468 1455 2506 ἱλάεις,
1485 2467 1642 2513 κεράεις)

165 2529 382 2572 subjicienda
408 2533 501 2570 sunt3
537 2528 577 2562 ab
601 2525 798 2573 Εὗρυᾳάης
824 2524 996 2568 (Λικιάης
1019 2526 1120 2560 Faus.
1148 2526 1192 2560 II.
1217 2524 1291 2568 21.)
1318 2523 1406 2559 soret
1427 2522 1644 2570 Εὐρυφάεια

165 2588 202 2618 ut
226 2583 453 2627 Καλλιφάεια
482 2585 581 2618 Paus.
607 2584 664 2617 ΥΙ.
691 2583 745 2618 22.

254 2639 313 2682 47)
345 2640 523 2681 Vulgatius
553 2648 678 2673 nomen
702 2634 917 2682 Περσεφόνη
953 2636 1109 2677 legitime
1142 2636 1350 2671 declinatum
1386 2636 1440 2669 est
1469 2643 1489 2668 a
1514 2634 1642 2679 Περσέ-

167 2706 291 2740 (Ῑονος,
317 2697 353 2728 ul.
377 2696 570 2738 Τισίφονος
597 2694 709 2734 Quilil.
739 2692 829 2726 XIII.
857 2691 935 2727 215.
965 2691 1201 2736 Γοργοᾳόιως
1228 2689 1334 2731 -όνη
1360 2693 1427 2725 ele.
