1731 3021
138 175 234 217 380
590 172 1021 216 DISSERTATIO
1071 174 1170 215 VIII.

137 283 161 324 l.
193 295 226 325 O.
258 283 308 324 ab
339 280 519 336 ἄτραπος
543 279 762 336 ἀτραπιτός
792 284 879 324 sive
908 278 1139 334 ἀταρπιτός,
1172 295 1194 324 a
1224 294 1305 335 quo
1336 283 1467 324 differt
1498 294 1616 324 oom-

138 350 319 400 positum
350 345 555 401 ἁμαξιτός,
586 355 820 402 prostremo
851 346 972 401 βόλος
1001 347 1161 402 βόλιτος
1191 350 1279 389 sive
1300 346 1476 402 βόλιτον,
1508 349 1617 401 quod

138 415 305 466 proprie
337 418 648 467 ejectainentum
680 416 892 468 significat,
925 415 1131 467 quomodo
1174 416 1293 456 etiam
1326 415 1469 456 Graeci
1508 415 1618 455 inse-

137 481 260 520 rioris
292 481 440 522 aetatis
473 487 733 523 excrementa
762 480 908 533 ῥίψιμα
938 486 1088 522 vocant
1120 494 1155 522 v,
1186 482 1247 521 Du
1269 477 1618 532 Cang.13029(3n09

140 558 213 587 seu
243 544 439 599 βάρβιτον
468 549 572 588 unde
604 548 827 589 derivatum
849 548 901 588 sit
922 560 1002 588 non
1024 551 1212 597 constat3
1243 551 1405 587 veteres
1424 558 1474 586 ex
1492 542 1618 596 βαρύ-

136 627 251 664 μιτος
281 617 537 654 contractum
568 614 722 654 volunt.
782 614 892 653 Haeo
926 615 1061 654 omnia
1101 615 1186 654 iota
1219 614 1343 653 breve
1384 612 1536 652 habent
1574 615 1617 651 ut

138 682 179 719 et
210 678 404 731 Orpliitus
439 679 636 720 familiare
664 681 859 720 Romanis
890 691 1038 719 nomen
1079 680 1148 721 Sil.
1178 679 1265 720 Ital.
1298 679 1339 718 V.
1376 677 1464 719 166.
1535 676 1617 718 Sed

136 743 319 785 Meritus
351 745 548 784 Thraciae
594 745 738 784 fluvius
770 746 868 785 Plin.
902 746 961 786 IV.
993 746 1054 787 18.
1085 743 1238 793 Εὕιτος
1279 743 1395 785 Diod.
1425 740 1618 795 Ὄρσιτος

135 810 177 849 in
218 809 356 849 tabula
385 810 590 860 Borgiana
629 815 668 849 et
707 810 786 849 alia
824 811 1041 861 peregrina
1082 822 1187 862 quae
1232 811 1419 852 Sturzius
1451 809 1617 860 collegit

138 875 187 915 de
218 875 319 916 Dial.
351 876 412 916 Al.
446 875 535 916 137.
566 875 606 914 in
651 875 978 915 aestimationem
1018 887 1101 916 non
1144 877 1321 917 veniunt.
1392 871 1618 926 Πεδάριτος

134 941 229 981 licet
260 940 376 981 codd.
412 945 612 993 tueantur,
644 941 938 981 Valckenarius
967 946 1078 982 recte
1118 947 1245 982 mutat
1281 943 1321 982 in
1357 938 1618 994 Παιδάρητος

138 1006 247 1059 quod
294 1008 484 1058 analogia
521 1007 639 1058 jubet
678 1019 714 1048 v.
760 1007 849 1047 Intt.
898 1006 947 1046 ad
990 1007 1111 1047 Thuc.
1152 1009 1250 1048 VIII.
1290 1008 1354 1048 32.
1420 1008 1616 1049 Neutrum

136 1069 327 1126 κύβιτου,
368 1073 477 1125 quod
519 1073 700 1114 doricum
732 1078 771 1114 et
807 1073 978 1114 siculum
1010 1073 1237 1125 perbibent,
1268 1074 1353 1113 iota
1382 1073 1507 1113 breve
1539 1073 1617 1113 ha-

137 1140 235 1181 bere
266 1141 514 1191 perspicitur
544 1151 594 1180 ex
623 1140 749 1179 latino
783 1139 944 1179 cubitus
975 1139 1063 1178 sive
1095 1139 1286 1192 cubitum,
1317 1149 1449 1190 neque
1481 1139 1618 1179 obstat

138 1205 246 1257 quod
277 1206 448 1246 Photius
487 1205 584 1246 dicit
626 1202 844 1258 Κύβηττον
870 1201 1009 1251 Ἴωνες
1047 1199 1093 1243 τὸ
1137 1201 1267 1255 ἄκρον
1303 1205 1379 1244 τοῦ
1418 1200 1617 1256 ἀγκῶνος.

137 1271 297 1312 Nomen
327 1272 427 1325 hoc,
468 1271 577 1324 quod
608 1276 645 1312 et
677 1269 870 1324 κύβωλον
900 1269 1066 1318 dicitur,
1098 1270 1338 1310 Eustathius
1373 1270 1498 1323 1307,
1529 1271 1565 1311 (5.
1594 1282 1618 1310 a

139 1334 267 1390 κύβος
304 1339 474 1389 repetit,
513 1337 635 1389 idque
678 1339 869 1379 convenit
906 1337 947 1376 in
985 1335 1147 1386 gibbam
1188 1336 1275 1375 sive
1305 1332 1511 1375 κόνδυλον
1539 1337 1617 1377 τοῦ

137 1404 356 1456 βραχίονος
385 1404 484 1444 Poll.
514 1405 697 1455 Longum
726 1415 824 1444 vero
857 1399 1053 1442 ἀκόνιτον
1076 1413 1098 1440 a
1119 1401 1212 1440 loco
1230 1396 1396 1441 Ἀκόυαι
1415 1407 1457 1442 ut
1478 1403 1616 1443 Theo-

138 1470 332 1522 phrastus
363 1474 508 1509 auctor
539 1475 602 1510 est
644 1469 945 1509 denominatum
988 1468 1052 1507 vel
1091 1468 1192 1518 qma
1231 1471 1468 1508 nascuntur
1507 1468 1617 1509 'dura

139 1537 306 1576 vivacia
338 1539 463 1575 caute
493 1536 698 1575 mortales
731 1536 904 1575 (consata
936 1535 1090 1573 vocant
1122 1531 1235 1573 Ovid.
1266 1532 1375 1583 quod
1416 1533 1617 1585 probabi-

138 1602 216 1641 lius
248 1601 406 1641 videtur
438 1602 641 1641 Salmasio
674 1601 800 1640 Plinn.
824 1600 916 1641 (519.
940 1604 979 1639 et
1001 1593 1449 1651 ἴοιηίηἰηιὶἈμφιτρίτη,
1468 1596 1615 1652 ’Ampo-

139 1667 238 1719 δίτη.
270 1667 399 1707 Breve
420 1677 516 1705 vero
531 1677 678 1705 nomen
703 1666 881 1717 topicum
897 1662 1116 1716 Ἀρτεμίτα,
1139 1665 1174 1705 si
1195 1664 1235 1704 in
1254 1676 1376 1704 versu
1387 1665 1530 1705 Rhiani
1551 1677 1614 1718 ap.

141 1733 280 1785 Stepli.
303 1744 400 1772 vera
421 1736 483 1772 est
505 1733 710 1783 scriptura
732 1732 917 1772 codicum
933 1726 1138 1784 Ἀρτεμίτῃ
1159 1728 1378 1783 ἐπέβαλλον
1394 1742 1467 1783 pro
1487 1726 1616 1783 Ἀρτε-

138 1800 219 1853 μίῃ.
251 1799 463 1839 Positione
486 1798 650 1848 longum
675 1796 864 1838 Πώλιττα
894 1797 1013 1838 Antb.
1052 1798 1131 1838 VII.
1154 1797 1247 1838 335.
1278 1802 1318 1838 et
1338 1796 1417 1837 duo
1438 1797 1615 1838 barbara

139 1866 309 1906 Veneris
341 1865 506 1904 nomina
544 1861 734 1905 καλέουσι
769 1860 976 1917 Ἀσσύριοι
1014 1859 1090 1916 τὴν
1123 1859 1370 1916 Ἀφροδίτην
1412 1861 1614 1914 Μύλιττα,

134 1928 317 1984 ’Λράβιοι
345 1928 388 1970 ὀὲ
413 1925 570 1970 ’Alina
600 1931 747 1972 Herod.
779 1932 805 1972 I.
838 1931 927 1972 131.
959 1930 1068 1982 quod
1097 1930 1138 1969 in
1167 1929 1284 1970 codd.
1316 1929 1420 1970 Flor.
1458 1933 1497 1970 et.
1527 1929 1616 1970 Par,

127 1996 291 2039 ’Ἁλιττα
329 1997 453 2037 scribi
494 1997 911 2048 Schweighaueserus
953 1997 1142 2049 adnotat,
1192 1995 1447 2036 Gaisfordius
1486 2000 1615 2046 tacet3

138 2065 248 2105 illam
287 2063 484 2104 Nicolaus
528 2063 630 2102 Hist.
662 2063 689 2103 I.
719 2063 812 2104 429.
846 2064 902 2115 (p.
935 2063 998 2104 20.
1031 2061 1173 2113 Orell.)
1202 2059 1344 2102 Μόλιν
1372 2065 1508 2113 vocat,
1540 2072 1614 2112 pro

142 2142 223 2182 quo
257 2130 412 2170 Coraes
455 2129 645 2169 Μυλίττα
673 2128 797 2169 edidit
838 2128 911 2168 sed
952 2128 1060 2168 aliud
1091 2128 1264 2168 suadere
1294 2126 1453 2166 videtur
1482 2128 1618 2166 Arca—

141 2196 231 2236 dius
262 2195 326 2235 36.
357 2191 407 2234 τὰ
437 2194 492 2241 εἰς
515 2185 559 2242 ῖς
587 2190 751 2246 θηλυκὰ
781 2193 814 2233 εἰ
843 2194 898 2241 εἰς
928 2185 968 2233 fv
998 2191 1134 2245 ἔχουσι
1157 2190 1232 2245 τὴν
1252 2189 1492 2245 αἰτιατική-ν,
1511 2206 1618 2243 περι-

140 2261 325 2300 σπῶνται
356 2260 511 2309 Βενὸῑς,
543 2262 702 2308 Μυλῖς,
749 2261 868 2306 Totis·
893 2259 967 2310 (?)
1005 2255 1254 2311 Ἀτεργατῖς,
1296 2262 1412 2310 cujus
1455 2260 1618 2299 tonosis

140 2326 356 2376 vestigium
401 2326 551 2365 nullum
593 2329 796 2376 superest.
839 2348 892 2352 —
931 2325 1145 2365 Nominum
1186 2326 1226 2365 in
1267 2315 1351 2378 ιῖ-ης
1386 2324 1618 2365 exeuntium

140 2396 303 2432 veteres
336 2390 414 2430 duo
447 2402 470 2430 a
500 2391 637 2430 verbis
669 2394 859 2441 repetunt
889 2387 1001 2441 παρὰ
1028 2386 1075 2430 τὸ
1106 2388 1166 2430 ἄω
1205 2388 1320 2443 ἀΐτης
1351 2394 1390 2430 et
1422 2402 1445 2430 a
1473 2389 1618 2442 φείδο-

139 2473 210 2509 μαι
240 2456 440 2509 φειὸίτης,
486 2456 557 2496 sed
595 2460 781 2495 neutrum
812 2456 932 2495 nobis
966 2457 1218 2508 approbant3
1259 2461 1372 2497 recte
1402 2467 1500 2497 vero
1530 2457 1617 2496 λευ-

140 2523 251 2575 κίτης
289 2518 370 2562 ἀπὸ
412 2523 488 2561 τοῦ
529 2518 672 2568 λευκός
712 2516 767 2568 ὡς
803 2517 923 2572 μέσος
960 2523 1119 2574 μεσίτης
1161 2523 1298 2564 SOhOl.
1339 2522 1510 2562 Theocr.
1554 2521 1616 2563 VI.

144 2590 232 2630 147.
265 2594 307 2628 ut
335 2588 585 2640 μακαρίτης,
615 2582 890 2639 ἅκρολοφίτης
920 2592 996 2628 eto.
1041 2588 1126 2629 Nec
1157 2588 1206 2628 ab
1238 2587 1452 2640 adjectivis
1484 2588 1617 2628 solum

143 2654 238 2694 talia
268 2659 492 2694 nascuntur
523 2653 596 2694 sed
627 2657 667 2693 et
698 2665 721 2693 a
759 2654 1001 2705 pronomine
1041 2649 1206 2707 αὖτίτης
1234 2654 1314 2694 hoo
1346 2659 1409 2695 est
1441 2659 1509 2694 aut
1539 2665 1616 2693 eo-

142 2720 229 2761 dem
260 2720 353 2760 loco
385 2726 505 2761 natus
537 2720 625 2760 sive
654 2715 904 2772 αὐθιγενής,
944 2723 1012 2760 aut
1052 2719 1195 2760 eodem
1233 2723 1417 2772 tempore
1455 2734 1490 2761 v.
1524 2721 1614 2761 Iutt.
