1731 3021
109 147 196 189 150
588 146 1021 190 DISSERTATIO
1065 147 1110 188 ll.

113 267 372 311 conversum,
402 257 512 309 quod
542 257 675 311 ipsum
705 257 865 310 quidem
897 268 920 298 a
947 258 1271 310 Lexicograpliis
1291 259 1448 300 nostris
1474 271 1600 312 prae-

115 322 277 364 teritum
308 327 372 364 est
401 335 535 377 neque
569 324 664 365 alibi
693 323 841 374 legitur
870 335 990 376 quam
1022 322 1129 376 apud
1159 324 1396 365 Marcellum
1421 324 1602 378 Empiri-

117 399 207 430 cum
246 392 287 430 et
323 390 481 432 mediae
509 390 742 432 Latinitatis
773 394 968 431 auctores
1007 389 1192 430 variante
1223 390 1430 442 scriptura
1468 391 1602 432 axella

119 455 264 496 ascilla
291 468 327 498 v.
356 457 421 499 Du
444 457 568 508 Cang.
605 455 679 497 sed
710 456 885 496 forsitan
916 455 1054 496 multis
1086 458 1181 496 ante
1211 455 1364 496 seculis
1393 455 1435 496 in
1463 455 1604 498 taber-

118 521 182 562 nis
214 526 254 562 et
283 523 510 575 gurgustiis
531 521 781 563 celebratum
814 526 901 573 est3
932 526 1151 574 manetque
1179 522 1220 561 in
1244 525 1390 563 nostro
1413 533 1605 564 sermone

119 591 159 627 et
198 589 342 629 nescio
384 599 436 629 an
472 587 670 628 vindicari
711 587 848 640 possit
888 598 1054 639 graeco,
1131 587 1291 628 Etenim
1329 589 1605 644 aerumnulae‚

119 653 268 705 quibus
303 655 492 696 sarcinae
522 654 720 704 religatae
750 658 979 707 portantur,
1011 664 1160 705 graece
1182 653 1370 694 dicuntur
1391 650 1549 695 ἄσιλλαι
1567 657 1604 681 24

121 720 231 772 quod
262 732 337 773 pro
369 717 508 769 ἄξιλλα
537 721 797 760 successisse
827 720 1056 771 conJ'icias3
1104 719 1184 759 hoc
1221 724 1355 759 autem
1391 720 1442 760 ab
1481 717 1607 774 ἄκχος

125 785 350 827 derivatum
388 785 428 826 id
468 789 532 826 est
574 777 685 836 ὦμος
712 785 809 826 Hes.
852 784 961 837 quod
999 785 1166 836 proprie
1204 789 1414 825 vectorem
1448 786 1607 838 signifi-

126 862 248 893 casse
286 851 474 902 videtur3
523 849 629 891 unde
677 851 951 903 compositum
983 846 1206 903 ἆκχαλίβαρ
1244 847 1473 904 κράββατος
1507 852 1603 895 Hes.

126 917 205 957 hoc
246 921 310 958 est
347 918 644 968 νεκροφορεῖον
681 916 831 957 lectica
869 916 1073 967 funebris3
1113 921 1153 957 et
1192 927 1265 969 per
1296 918 1607 959 translationem

125 982 336 1024 humerum
369 987 449 1022 tum
482 983 750 1035 superiorem,
784 982 848 1022 cui
880 993 1006 1022 onera
1035 983 1294 1036 imponimus,
1324 987 1406 1024 tum
1432 984 1608 1025 inferio-

125 1059 223 1103 rem,
255 1050 319 1090 cui
349 1058 455 1101 quae
486 1047 653 1089 ferenda
685 1052 779 1089 sunt
809 1047 1103 1100 subponimus3
1136 1060 1254 1100 quam
1274 1052 1487 1100 utramque
1507 1061 1608 1101 par-

125 1119 207 1155 tem
239 1114 411 1155 Romani
453 1114 559 1155 alam
595 1119 769 1168 vocant,
812 1113 956 1155 Graeci
986 1115 1227 1166 praeposita
1257 1114 1376 1154 litera
1404 1111 1538 1168 μάλην
1567 1120 1608 1156 et

122 1176 357 1232 μασχάλην,
407 1191 499 1220 nam
541 1184 581 1221 et
615 1178 828 1233 μασχάλην
865 1179 995 1231 αἴρειν
1033 1180 1171 1220 dicunt
1212 1179 1356 1220 eodem
1395 1180 1607 1222 intellectu

125 1257 205 1299 quo
226 1246 283 1286 illi
304 1258 457 1286 manus
479 1247 670 1288 tollere?5
699 1251 738 1287 et
768 1242 852 1287 ὑπὸ
882 1243 1011 1299 μάλης
1030 1242 1223 1299 φέρειν.2“
1262 1246 1365 1286 Hinc
1386 1257 1607 1298 argumen-

126 1316 192 1353 tor
230 1313 401 1364 stirpem
442 1312 586 1353 horum
622 1313 919 1353 vocabulorum
969 1324 990 1352 e
1029 1311 1187 1352 duabus
1234 1316 1427 1353 constare
1464 1313 1608 1368 literis,

126 1377 261 1418 vocali
299 1378 482 1418 mutabili
522 1382 562 1419 et
601 1388 789 1418 consona
826 1378 926 1431 fixa,
977 1378 1315 1429 significationem
1347 1382 1481 1419 autom
1513 1390 1609 1421 esse

127 1455 217 1484 eam
248 1455 367 1496 quam
399 1455 525 1495 supra
554 1443 729 1483 indicavi
761 1443 916 1484 serendi
947 1448 987 1484 et
1016 1444 1202 1497 vehendi,
1235 1455 1406 1496 eamque
1437 1445 1608 1496 primum

127 1521 329 1563 apparere
358 1510 400 1550 in
430 1507 527 1562 ἄχος
557 1513 596 1550 et
623 1506 752 1561 ἄχθος
782 1520 899 1562 onus,
931 1514 1013 1550 tum
1044 1510 1084 1549 in
1115 1505 1256 1562 ὀχλεύς
1286 1514 1326 1550 et
1354 1507 1504 1562 μοχλός
1532 1522 1609 1552 ve-

128 1577 220 1630 ctis,
250 1580 463 1629 postremo
495 1577 536 1616 in
565 1575 688 1615 axilla
719 1579 758 1615 et
785 1573 992 1628 μασχάλῃ,
1031 1587 1203 1628 quorum
1234 1580 1448 1628 utrumque
1478 1577 1610 1629 sigma

127 1643 306 1695 recepit,
353 1641 524 1681 alterum
555 1645 649 1681 ante
678 1641 885 1694 vocalem,
924 1642 1094 1682 alterum
1127 1646 1224 1694 post
1255 1653 1354 1683 eam.
1412 1641 1499 1682 Nec
1523 1645 1609 1694 jam

129 1707 238 1748 dictu
269 1719 374 1759 opus
407 1705 455 1746 de
487 1707 551 1746 ala
582 1710 622 1746 et
650 1703 757 1759 μάλη
786 1707 880 1759 quid
912 1708 1097 1748 sentiam.
1156 1706 1395 1759 Quanquam
1427 1718 1510 1748 non
1535 1719 1610 1749 ea-

130 1773 219 1814 dem
250 1773 562 1813 asseveratione
594 1771 644 1813 de
682 1777 857 1824 utroque
898 1773 1058 1825 loquor.
1115 1772 1217 1813 Nam
1256 1772 1394 1824 graeci
1431 1775 1609 1815 nominis

129 1839 360 1892 explicandi
400 1839 504 1879 ratio
545 1838 667 1878 unica
704 1839 888 1889 suppetit
917 1838 1007 1891 illa,
1048 1848 1128 1889 qua
1156 1849 1257 1878 usus
1289 1849 1400 1890 sum3
1439 1838 1609 1880 latinum

129 1916 153 1945 a
191 1905 318 1945 verbo
360 1901 420 1944 ἄω
452 1928 505 1932 —
535 1899 666 1955 ἀητέω
708 1904 801 1942 volo
842 1905 972 1955 repeti
1012 1908 1152 1955 potest
1191 1904 1252 1944 sic
1289 1908 1332 1944 ut
1371 1905 1458 1945 avis
1493 1901 1611 1954 ἀετός

130 1971 228 2011 ales
287 1970 373 2011 Nec
405 1969 809 2021 praetermittendum
839 1968 949 2020 quod
976 1968 1068 2008 liuic
1091 1969 1213 2020 alpha
1232 1971 1397 2021 longum
1418 1975 1482 2011 est
1504 1983 1609 2012 con-

131 2036 273 2078 tractis
306 2036 480 2076 forsitan
510 2035 639 2076 literis
661 2047 765 2087 quae
784 2035 824 2074 in
844 2034 1012 2087 proprio
1034 2034 1215 2075 Ahala27
1234 2034 1462 2088 disjunctae
1489 2049 1609 2079 oom—

217 2223 277 2266 24)
312 2222 464 2266 llesych.
491 2224 632 2267 Φεραία
662 2221 817 2259 ἀσίλλας,
844 2224 881 2255 ut
905 2222 1054 2255 correxit
1082 2221 1376 2258 llemsterliusius.

217 2290 277 2332 25)
309 2289 383 2323 HOC
416 2289 661 2324 exsultantium
698 2292 769 2329 θεῖς
802 2289 913 2321 malas
936 2289 1053 2321 tollere
1075 2293 1106 2321 et
1130 2289 1217 2321 rictu
1241 2290 1290 2321 uti
1314 2289 1424 2324 Lucil.
1451 2290 1553 2325 Nonii
1580 2301 1607 2326 s.

126 2347 265 2387 Rictus,
290 2354 404 2378 morsu
429 2345 676 2388 appetentium.

219 2412 278 2454 26)
314 2410 386 2447 Τὰς
408 2409 529 2454 μάλα,-
557 2410 676 2444 Galen.
714 2410 747 2442 in
772 2408 933 2452 Epidem.
963 2409 1019 2443 VI.
1049 2408 1086 2442 C.
1115 2409 1169 2444 IV.
1200 2411 1274 2446 151.
1304 2410 1340 2444 T.
1366 2410 1469 2445 XVII.
1498 2411 1534 2445 P.
1564 2412 1607 2447 11.

130 2467 193 2503 sed
219 2467 325 2501 Rufus
361 2466 404 2500 de
443 2466 531 2500 Part.
559 2465 657 2498 Hom.
691 2475 724 2508 p.
760 2465 814 2499 22.
845 2463 942 2507 μάλη
970 2463 1038 2507 οὐχ
1066 2464 1270 2505 ἑλληιίκόν·
1298 2465 1337 2498 Τὸ
1362 2465 1399 2498 δὲ
1429 2468 1556 2510 (Ῑίρειν
1579 2479 1610 2499 τι

132 2522 333 2567 κρύπτοντα
359 2520 398 2553 ἓν
424 2521 466 2565 Τῇ
489 2519 662 2564 μασχάλῃ
688 2518 755 2552 ὑπὸ
780 2518 897 2563 μάλης
922 2519 1020 2563 ἔχειν
1043 2520 1197 2563 λέγεται.
1247 2521 1306 2554 Sic
1333 2524 1368 2555 et
1390 2521 1507 2556 SChOl.
1534 2522 1608 2557 Ba-

130 2588 200 2612 var.
227 2577 269 2612 ad
296 2575 475 2612 Demosth.
502 2586 535 2619 p.
563 2577 636 2611 107.
661 2575 776 2609 Schol.
802 2575 990 2610 Plat.·347.
1018 2584 1049 2609 v.
1078 2575 1118 2609 ad
1138 2575 1259 2618 Phryn.
1291 2576 1366 2612 196.

219 2642 278 2685 27)
312 2642 433 2677 Simile
466 2645 518 2677 est
551 2641 743 2677 Numeniae
779 2641 892 2684 gentis
927 2650 1121 2684 cognomen
1152 2641 1259 2675 Vaala
1293 2642 1367 2678 sive
1398 2643 1483 2679 Vala
1517 2643 1609 2688 quod

127 2697 317 2733 Eclilielius
343 2696 457 2731 Doctr.
484 2697 522 2730 V.
548 2697 625 2734 263.
654 2708 673 2732 a
698 2696 788 2732 vallo
819 2699 1015 2740 expugnato
1043 2696 1188 2731 inditum
1215 2700 1323 2740 putat.
