1731 3021
135 166 224 210 128
616 159 1042 204 DISSERTATIO
1091 159 1138 204 11.

135 276 235 330 κλῆς
264 277 341 316 eto.
374 272 510 314 tamen
534 266 806 324 Ἀγάθυλλος,
839 270 1037 321 Δίυλλος,
1068 266 1288 323 Δάμυλλος
1314 270 1480 314 Lucian.
1512 274 1616 316 Dial.

138 345 237 386 Mer.
266 340 332 383 XI.
366 339 526 393 (omiss.
556 338 598 378 in
632 337 774 388 Thes.)
803 333 1279 387 ”Ἰππυλλος,Με’νυλλος
1317 338 1436 379 Diod.
1471 338 1616 381 XVIII.

138 410 202 453 18.
235 404 440 452 Χένυλλος
468 403 595 444 Inscr.
628 403 766 444 Noint.
799 414 834 442 v.
855 402 919 443 61.
963 404 1176 451 Πίθυλλος
1204 404 1297 444 Ath.
1329 404 1358 445 Ι.
1388 404 1425 446 6.
1460 405 1502 446 C.
1534 415 1619 446 non

135 476 269 517 minus
301 475 396 524 apte
427 468 477 510 ad
496 464 700 520 Ἀγάθων,
730 465 900 520 Δάμων,
932 469 1049 509 Δίων
1068 473 1146 510 etc.
1172 470 1433 511 conveniunt.
1481 471 1618 523 Atque

136 541 240 583 adeo
282 540 377 579 sunt
415 546 520 588 quae
556 535 623 574 vix
663 535 742 574 alio
776 536 963 575 revocari
1003 536 1167 587 possint
1198 547 1316 588 quam
1349 547 1429 588 quo
1460 536 1619 588 Dioge·-

135 609 283 648 nianus
303 602 496 655 intendit,
527 597 788 652 Δράκυλλος,
823 597 1032 651 Φάϋλλος,
1065 606 1104 642 et
1135 613 1241 654 quae
1270 606 1455 642 neutram
1485 601 1619 642 ratio-

135 684 228 715 nem
259 670 473 711 admittant
502 671 545 706 ut
564 664 769 719 ἽΙγυλλος
797 668 838 706 in
868 667 994 708 Inscr.
1023 668 1203 708 Iassens.
1236 678 1273 708 n.
1304 666 1424 708 2623.
1456 672 1496 708 et
1525 663 1620 707 Σά-

135 740 282 792 βυλλος
301 733 452 776 Herod.
474 732 555 772 VII.
581 732 670 773 154.
711 733 950 773 Masculinis
976 733 1056 773 illis
1078 733 1271 784 adjuncta
1291 737 1386 773 sunt
1405 733 1618 774 mulierum

135 805 302 846 nomina
318 794 755 848 Αἴθυλλοε,”Αυτυλλα,
780 793 1017 849 Ἀρίστυλλα
1036 798 1138 839 Plut.
1157 798 1298 839 Praec.
1323 796 1437 850 Conj.
1461 809 1499 850 p.
1521 797 1615 840 427.

137 872 179 912 Τ.
210 868 310 909 VIII.
332 863 519 917 ἽΙρυλλα
540 864 660 914 Corp.
683 863 810 903 Inscr.
834 874 872 903 n.
895 863 1015 904 2019.
1050 862 1208 916 (omiss
1227 864 1268 904 in
1289 863 1381 917 Th.)
1416 863 1619 904 Φείδυλλα

134 949 172 978 n.
206 934 296 978 155.
339 930 570 983 Κρίτυλλα,
609 926 851 982 Κτήσυλλα,
889 925 1152 969 Μονάσυλλα
1179 933 1254 970 etc.
1287 940 1391 981 quae
1420 940 1617 970 nonnun-

134 1013 255 1056 quam
285 1001 547 1052 paroxytona
577 999 671 1036 sunt
701 995 799 1034 vitio
839 994 1099 1036 librariorum
1134 1007 1171 1036 v.
1206 995 1382 1036 Siebelis
1412 994 1463 1036 ad
1492 995 1614 1036 Paus.

134 1069 181 1110 X.
216 1067 279 1119 12,
303 1064 337 1106 1.
376 1061 678 1115 Appellativum
707 1060 828 1111 hujus
857 1061 1020 1112 generis
1059 1065 1122 1102 est
1152 1061 1361 1114 φθίνυλλα
1391 1060 1499 1112 apud
1529 1061 1616 1102 Co·-

134 1135 282 1176 micum
311 1140 395 1171 non
425 1137 592 1181 parvam
623 1126 758 1166 tabem
788 1127 1022 1178 significans
1058 1126 1132 1168 sed
1164 1126 1385 1167 tabidulam
1400 1128 1435 1152 1⁰
1466 1131 1507 1167 et
1532 1141 1615 1180 μα·-

133 1198 286 1254 τρύλλα
323 1193 348 1250 ἡ
388 1189 622 1248 μαστροπός
660 1192 775 1233 Eust.
806 1192 899 1246 380,
929 1192 967 1234 3.
1007 1192 1086 1232 nisi
1125 1191 1308 1232 doricum
1337 1196 1402 1233 est
1429 1190 1616 1247 ματρύλη

134 1266 270 1319 ypsilo
302 1263 417 1304 brevi
446 1265 490 1301 ut
518 1260 762 1313 ματρυλεῖον
801 1259 888 1298 sive
926 1259 1197 1310 μαστρυλεῐον
1233 1259 1275 1297 in
1304 1258 1493 1300 versibus
1523 1259 1616 1300 Me—

134 1332 301 1382 nandri3
353 1329 417 1369 sin
454 1323 662 1379 μάτρυλλα
692 1325 888 1376 scrIptum
921 1324 994 1364 suit
1023 1324 1103 1364 boc
1134 1327 1199 1364 est
1226 1323 1470 1377 matercula,
1509 1335 1615 1376 quae

134 1410 219 1440 non
247 1398 522 1445 incongruens
553 1391 671 1431 lenae
702 1390 950 1443 appellatio,
983 1389 1024 1430 id
1055 1400 1155 1430 sane
1187 1388 1445 1430 deminutivis
1480 1389 1615 1430 adnu-

134 1462 370 1505 merandum
393 1459 480 1500 erit.
538 1456 657 1498 Nulla
686 1466 784 1495 vero
818 1455 1018 1507 ejusmodi
1048 1454 1233 1506 suspicio
1266 1458 1331 1494 est
1360 1454 1409 1496 de
1435 1456 1616 1496 nomini—

134 1531 212 1571 bus
259 1526 404 1567 tertiae
449 1521 734 1564 declinationis
772 1522 859 1562 sive
896 1522 1076 1574 propriis
1111 1516 1370 1572 Ἀμαρυλλίς,
1413 1522 1616 1570 Πιθυλλίς

137 1596 259 1645 Corp.
289 1591 416 1632 Inscr.
441 1600 479 1630 n.
507 1588 598 1630 996.
626 1582 840 1634 Ἀνθυλλίς
870 1598 907 1628 n.
937 1587 1056 1628 2202.
1087 1586 1339 1638 Στρατυλλίς
1360 1587 1616 1640 Aristoph.1⁷

137 1662 225 1702 sive
256 1656 516 1709 appellativis
537 1649 734 1700 ἀνθυλλίς
764 1653 891 1693 herba
922 1652 1060 1694 Galen.
1101 1652 1150 1693 de
1182 1651 1342 1694 Succid.
1364 1651 1455 1694 739.
1487 1653 1529 1695 T.
1549 1653 1615 1696 IX.

135 1725 248 1768 Paul.
278 1722 358 1764 Vll.
388 1722 426 1775 3,
446 1721 538 1762 231.
568 1715 821 1766 ἀκανθυλλίς
848 1719 872 1760 i.
897 1730 933 1771 q.
967 1714 1155 1768 ἀκανθίς,
1187 1716 1297 1770 quod
1316 1718 1490 1759 Aeliano
1515 1718 1615 1761 red-

137 1792 261 1832 ditum
299 1791 363 1829 est
401 1798 476 1839 pro
519 1781 767 1835 ἀκανθυλίς,
808 1784 1032 1837 γενετυλλίς
1075 1783 1266 1836 genitalis
1306 1783 1383 1825 dea
1421 1788 1461 1825 et
1498 1785 1614 1840 hora,

136 1853 376 1910 ἀτρακτυλίς
395 1848 476 1892 ἀπὸ
499 1852 574 1892 τοῦ
595 1846 820 1904 ἀτράκτους
844 1852 1054 1890 ποιεῖσθαι
1079 1847 1120 1899 ἐξ
1150 1844 1290 1889 αὐτῶν
1314 1848 1407 1891 Soh.
1438 1851 1610 1892 Theocr.

135 1924 198 1966 IV.
227 1921 292 1964 52.
323 1918 432 1972 quod
462 1918 503 1958 in
533 1922 683 1970 poetae
720 1927 845 1957 versu
871 1916 1024 1956 rectius
1053 1910 1317 1967 ἀτρακτυλλίς
1347 1916 1540 1957 scribitur
1568 1920 1614 1958 ut

135 1984 464 2040 τετραπτερυλλίς
493 1995 517 2024 a
544 1979 820 2035 τετράπτερος,
847 1981 1092 2035 γηθυλλίς18
1121 1978 1339 2035 ameum),
1367 1980 1558 2030 δασυλλίς
1585 1978 1612 2037 ἡ

136 2052 286 2107 ἄρκτος
313 2048 339 2105 ἡ
361 2051 513 2092 δασεῖα.
560 2050 620 2090 De
651 2047 909 2089 deminutivis
938 2045 1199 2102 βρεφύλλιον,
1232 2043 1441 2099 ζωύλλιον,
1475 2049 1613 2103 Πρια-

135 2117 308 2174 μύλλιον
336 2121 413 2159 etc.
442 2116 600 2157 dicetur
631 2126 708 2157 suo
739 2113 849 2154 loco.

227 2312 284 2354 16)
322 2309 452 2344 Coraes
483 2308 525 2342 ad
550 2308 657 2342 Isocr.
684 2316 718 2350 p.
745 2306 821 2342 277.
849 2305 1001 2339 italicum
1021 2304 1189 2338 tisicuzzn
1213 2307 1402 2349 comparat.

225 2390 281 2432 17]
314 2385 543 2431 Στρατύλλαξ
569 2384 660 2428 quod
686 2383 871 2418 Fischerus
893 2382 933 2416 ad
958 2382 1045 2417 Vell.
1074 2383 1117 2416 II.
1143 2383 1197 2418 25.
1224 2380 1425 2426 στρατήλαξ
1448 2381 1609 2418 scriben-

133 2446 211 2480 dum
237 2447 332 2489 putat
357 2447 390 2478 et
415 2442 507 2477 servi
535 2440 682 2476 Plautini
707 2448 831 2474 nomen
856 2439 1031 2472 Stratilnx
1050 2438 1268 2482 praetermisi
1287 2437 1330 2472 ob
1351 2437 1609 2480 ambiguitatem

134 2502 336 2544 scripturae.

228 2577 285 2620 18)
321 2576 453 2611 Eadem
478 2573 659 2609 ἕῑιίθυλλις
686 2573 778 2607 dicta
802 2574 855 2608 est
880 2571 1027 2606 sortasse
1052 2580 1072 2605 a
1098 2569 1232 2604 θύλλον
1254 2571 1276 2604 i.
1303 2579 1336 2613 q.
1362 2569 1500 2614 φύλλον
1524 2571 1607 2607 Hes.
