1731 3021
87 168 178 211 266
558 165 996 210 DISSERTATIO
1038 165 1083 207 V.

85 275 113 331 ἢ
143 273 226 318 ἀπὸ
255 277 332 318 τοῦ
360 273 445 330 ἅμα
476 271 683 330 ἀρηρὲναι.
748 272 865 323 Τινὲς
894 271 937 315 δὲ
965 275 1191 327 παρῆχθαι,
1222 270 1278 322 ὡς
1307 269 1422 322 οἶνος
1450 274 1569 328 οἰνη-

87 340 177 396 ρός,
209 343 380 390 οἵσυπος
409 340 643 396 οἰσυπηρός.
709 342 761 383 Et
793 338 953 394 ἐρίηρος
983 351 1124 381 omnes
1154 340 1204 380 ab
1235 337 1322 391 ἄρω
1353 341 1569 393 composi-

89 414 172 451 tum
203 409 366 450 tradunt
387 406 421 430 ²⁷
452 409 640 462 idemque
671 408 719 449 de
736 405 917 461 Ἅμηρος
948 403 1103 459 ὅμηρος
1129 407 1216 448 ΕΜ.
1247 404 1437 459 Πόταρος
1464 404 1570 460 γνώ-

89 490 206 528 ριμος
235 476 331 516 Hes.
361 476 560 516 statuisse
588 475 788 526 videntur,
819 473 891 514 sed
925 484 1048 513 secus
1080 471 1130 513 de
1151 467 1324 528 Ἀμαρίᾳ
1352 468 1458 526 ὁμοῦ
1487 488 1571 514 πα-

91 538 346 594 ροιγώγως.28
394 542 446 582 Et
476 542 568 593 plus
601 542 720 581 etiam
753 539 1031 580 contentionis
1072 542 1135 579 est
1177 539 1287 578 cirea
1318 550 1367 579 ea
1396 551 1500 591 quae
1529 541 1571 580 iu

89 599 192 661 iffi
218 611 378 648 exeunt.
407 607 616 647 Johaunes
649 605 698 646 de
730 606 828 646 Ton.
862 617 900 658 p.
933 605 995 658 13,
1024 601 1151 646 21.τὸ
1175 601 1349 658 ξιφήρης
1373 603 1440 645 καὶ
1468 620 1571 659 φρε-

90 671 219 727 νήρης
247 671 317 713 καὶ
345 670 394 713 τὰ
424 669 491 712 διὰ
519 673 594 712 τοῦ
624 663 726 725 ff
753 669 888 712 πάντα
908 667 1016 711 ἁπλᾶ
1039 669 1133 711 ἐστι.
1163 673 1224 712 Ao
1248 668 1454 724 φρενήρης
1478 672 1573 723 qui-

93 739 183 780 dem
215 751 239 779 a
267 736 469 791 φρόνιμος
508 743 589 778 tam
622 749 752 790 prope
784 738 902 777 abest
931 742 974 777 ut
1006 737 1219 778 commode
1257 738 1297 777 in
1329 737 1572 789 simplicium

92 815 261 845 numero
294 804 439 855 reponi
469 804 624 855 possit3
679 803 752 844 sed
782 799 958 855 ξιφήρης
987 807 1026 843 et
1058 808 1196 843 cetera
1226 814 1331 855 quae
1362 803 1499 855 aliqua
1528 813 1571 843 re

91 871 318 910 instructos
356 868 576 910 indutosve
615 869 865 922 significant,
905 868 1104 910 similiora
1138 868 1328 909 videntur
1367 869 1571 922 copulatis

92 932 298 988 κωπήρης,
329 932 542 988 λογχήρης,
572 931 758 988 τοξήρης,
786 932 994 988 τευχήρης,
1024 932 1226 989 πισσήρης
1249 937 1344 987 pice
1364 935 1571 976 obductus

91 1002 239 1042 Athen.
270 1001 355 1042 XII.
388 1001 480 1043 524.
510 1002 553 1042 Β.
592 1001 796 1042 diversum
835 1013 859 1041 a
895 998 1117 1054 πισσηρός,
1161 1001 1270 1054 quod
1295 1000 1570 1042 Schneiderus

92 1079 167 1120 pro
199 1067 268 1107 illo
302 1068 439 1119 affert3
467 1064 584 1121 κώμη
613 1064 824 1120 πυργήρης
851 1068 893 1107 in
925 1066 1092 1107 oraculo
1123 1066 1244 1107 Paus.
1266 1066 1312 1107 X.
1335 1066 1396 1108 18.
1411 1063 1448 1088 ²⁹
1477 1078 1572 1119 pro-

94 1133 160 1174 eul
200 1133 322 1173 dubio
366 1133 509 1174 eodem
547 1133 669 1174 modo
702 1133 852 1174 dietum
883 1137 947 1173 est
976 1137 1019 1172 ut
1046 1132 1296 1173 homericum
1324 1128 1441 1180 πόλις
1469 1130 1572 1186 πύρ-

92 1214 178 1252 γοις
207 1197 407 1252 ἀραρυῖα,
446 1212 579 1252 neque
619 1200 699 1240 alio
730 1200 860 1251 magis
890 1202 1063 1250 vergunt
1092 1194 1310 1250 πετρήρης,
1349 1196 1570 1253 τυμβήρης,

91 1263 293 1320 τειχήρης,
337 1266 446 1318 quod
476 1267 511 1306 si
542 1266 715 1318 simplex
746 1269 881 1318 esset⁷
920 1263 1115 1305 muralem
1154 1265 1292 1316 potius
1323 1265 1572 1316 significaret

93 1344 213 1385 quam
244 1331 458 1372 moenibus
491 1333 688 1383 cinctum3
730 1336 941 1383 postremo
972 1327 1186 1382 κλινήρης,
1216 1327 1405 1383 λεχήρης,
1435 1329 1571 1384 ποδή-

92 1414 183 1452 ρης,
221 1397 331 1450 quod
362 1408 385 1437 a
416 1398 649 1449 composito
679 1393 907 1449 ποὸηνεκής
935 1396 1140 1436 minimum
1171 1395 1307 1436 distat.
1369 1396 1450 1437 Sed
1479 1409 1571 1438 ma-

92 1466 155 1517 gis
185 1466 226 1504 iu
257 1463 498 1516 simplicium
529 1463 716 1503 viciniam
748 1461 1004 1514 propendent
1040 1458 1235 1508 κέλευθος
1263 1459 1456 1515 πεδιήρης
1482 1463 1571 1504 Ae-

94 1530 221 1581 Schyl.
253 1527 504 1582 λειμωνήρης
542 1526 695 1582 βοτάνη
735 1524 761 1581 ἡ
799 1529 991 1580 λειμωνία
1022 1527 1133 1569 Suid.
1164 1526 1374 1581 χθονήρης
1401 1526 1572 1581 χθόνιος

92 1596 189 1636 Hes.
222 1593 366 1646 ἔρπετα
396 1591 548 1647 ὁλκήρη
578 1594 747 1634 Nicand.
782 1599 821 1634 et
851 1593 959 1645 apud
988 1593 1158 1634 eundem
1180 1591 1374 1647 λιχμήρης
1394 1606 1572 1647 serpen-

94 1663 146 1701 tis
188 1661 399 1712 epitheton
441 1673 465 1700 a
495 1660 621 1700 verbo
663 1659 899 1700 derivatum.
955 1660 1017 1699 Ao
1055 1670 1154 1710 prae
1185 1661 1335 1700 ceteris
1376 1671 1425 1700 ea
1465 1672 1570 1712 quae

95 1727 144 1767 ab
169 1726 383 1778 adjectivis
416 1730 646 1778 propagata
666 1725 769 1766 ‘sunt
796 1720 1000 1778 ὀλιγήρης,
1029 1722 1183 1778 ι’σήρης,
1214 1721 1426 1778 λευκήρης,
1457 1727 1570 1766 πλει-

94 1791 265 1846 στήρης,
305 1789 502 1846 μεσήρης,
547 1787 764 1843 ὄολιχήρης
803 1795 843 1831 et
880 1790 1125 1842 bisyllabum
1163 1787 1320 1844 πλήρης
1355 1802 1406 1831 ex
1444 1789 1570 1844 πλεή-

93 1873 167 1912 ρης
219 1859 430 1899 coueisum
470 1858 555 1898 EM.
587 1856 680 1909 676,
710 1855 827 1897 523⁰
856 1857 923 1908 qui
964 1862 1005 1897 et
1040 1857 1242 1897 aeolicum
1276 1854 1469 1909 πληάρεις
1504 1859 1570 1898 as-

96 1927 172 1966 sert
203 1925 295 1977 675,
329 1923 394 1965 29.
426 1923 653 1975 Explorato
684 1923 808 1975 igitur
836 1922 1034 1963 nonnulla
1063 1933 1259 1964 summam
1289 1922 1440 1964 habere
1480 1934 1569 1965 oum

183 2112 242 2154 27)
269 2111 496 2145 Reuwensius
523 2109 668 2145 Collect.
696 2121 727 2154 p.
758 2111 832 2146 138.
859 2120 1041 2154 perperam
1067 2108 1134 2143 hoc
1158 2118 1342 2153 paragogls
1369 2111 1571 2145 adnumerat

95 2168 285 2210 argumenti
312 2167 389 2200 loeo
418 2166 566 2200 all'erens
595 2166 804 2201 deminutiva
829 2165 1028 2212 ῑιιιιὸιὶριοιι
1053 2170 1118 2200 ete.
1146 2174 1290 2208 quorum
1317 2166 1419 2210 alpha
1450 2166 1568 2210 breve,

96 2227 130 2258 et
154 2222 324 2256 vocabula
350 2220 512 2265 opificum
539 2221 728 2265 2'91'1129'1s‘›
749 2220 993 2265 βιισιιιγιέρης,
1017 2231 1106 2265 quae
1125 2223 1253 2256 novitia
1272 2222 1487 2257 consuetudo
1506 2233 1568 2258 re-

96 2280 187 2322 cepit
217 2279 330 2311 latinis
360 2278 557 2319 scrutarius,
584 2277 764 2318 furnarius,
794 2276 997 2320 chartarius,
1024 2281 1061 2310 ut
1080 2279 1152 2320 jam
1178 2277 1259 2320 dixi,
1286 2278 1486 2311 assimilata.

183 2334 242 2376 28)
263 2332 429 2376 Ἀμιιρὴιι,
461 2331 553 2374 quod
579 2342 640 2375 pro
666 2331 805 2376 ιἰμιιρίιι
831 2333 976 2376 scripsi,
1002 2335 1055 2366 est
1081 2333 1214 2367 dativus
1241 2333 1449 2368 adverbialis
1475 2333 1569 2368 idem

96 2388 293 2431 significans
321 2387 413 2431 quod
439 2385 583 2430 ἁμαρτῆ
609 2389 682 2422 sive
707 2387 859 2431 ἁμαρτῆ.
906 2388 1001 2422 Haec
1028 2390 1219 2432 composita
1241 2392 1319 2422 sunt
1342 2393 1379 2422 ut
1403 2388 1569 2433 ἐῑιιιρτής,

95 2444 178 2478 illud
208 2443 366 2485 simplex,
393 2443 420 2474 si
447 2442 620 2485 Hesychio
648 2443 832 2483 oredimus,
862 2443 902 2476 ab
926 2441 1015 2485 ἅμα.

184 2499 243 2540 29)
270 2497 464 2540 Hesychius
497 2497 696 2541 ΙΙΓργήρως
730 2498 946 2543 (πυργήρης)
977 2499 1159 2542 μετέωρος
1193 2497 1239 2535 ὡς
1269 2497 1406 2542 πύργος
1437 2498 1498 2530 καὶ
1531 2497 1570 2530 ἐν

98 2557 274 2597 ([ρουροῖς
310 2554 486 2596 πυργείιιν
510 2553 644 2594 κώπην.
693 2555 919 2591 Scribenduul
953 2558 1035 2599 pulo
1064 2572 1109 2579 —-
1133 2555 1194 2586 καὶ
1228 2554 1447 2598 ἔμφρουρος.
1475 2556 1567 2598 Πυρ·

95 2608 209 2653 γήρεα
237 2606 374 2650 κώμην,
402 2617 444 2643 ex
469 2610 608 2642 oraculo
634 2610 706 2643 illo.

185 2663 243 2705 30)
269 2663 307 2696 V.
334 2663 442 2698 Lehrs
467 2664 610 2704 Quaest.
632 2665 720 2709 Epp.
753 2676 784 2709 p.
814 2666 888 2702 156.
915 2667 1054 2709 quicum
1079 2664 1161 2700 mihi
1181 2663 1350 2709 quaedam
1378 2663 1570 2698 communia

99 2721 185 2759 sunt,
212 2716 272 2752 sed
299 2719 419 2752 evitari
445 2728 512 2753 non
540 2722 662 2763 potuit.
