1747 3005
806 149 1143 156 ———-...-—-

120 163 189 205 DE
221 161 455 203 VICISSIT.
488 158 770 202 TERMINAT.
803 174 864 211 ας,
890 173 938 210 ις,
962 173 1039 207 tas,
1065 161 1159 210 αζω,
1183 162 1291 210 ιαζω.
1323 165 1361 210 §
1386 162 1447 204 11
1483 163 1574 207 465

91 273 244 326 γίνεται
272 266 514 320 Εὐξαντίς.
502 268 537 293 52
584 269 758 311 Nomina
788 268 940 321 primae
973 267 1259 310 declinationis
1290 271 1480 314 feminina
1508 285 1574 315 ea-

91 339 262 390 demque
291 348 374 378 non
413 348 515 390 pura
547 336 585 376 in
616 350 651 382 ις
681 340 892 376 tianseunt
921 330 1106 388 Εὐρώπη
1136 331 1351 387 Εὐρωπίς,
1384 333 1572 394 Ἐρυσίχη

85 400 303 456 Ερυσιχίς,
343 399 482 455 εἰοήνη
512 401 704 454 Ει”,ρηνις
743 396 941 453 Ἠλέκτρα
966 395 1171 454 Ηλεκτρίς
1200 398 1343 455 (πύλη)
1375 404 1448 444 sed
1478 406 1571 457 ple-

88 481 257 522 rumque
298 469 488 509 feminina
526 467 576 507 ab
617 466 828 518 adjectivis
866 471 1100 507 mutuantur
1130 468 1323 518 Κωπαῖζς,
1361 464 1569 522 Ἀθηναΐς,

84 531 270 588 Ἀφεταΐς
309 530 441 585 (ὁδός)
473 529 638 582 Hpa'l'g,
689 532 858 580 comate
898 529 1139 586 (Φωκαεύς)
1171 544 1247 573 nec
1275 545 1369 575 raro
1401 551 1427 575 α
1457 541 1497 578 et
1527 553 1569 579 αι

88 602 128 642 in
167 605 194 655 ῆ
233 604 395 642 vertunt
431 595 591 650 Λιλύβη
628 599 798 649 Dionys.
829 597 922 639 469.
953 598 1170 652 Λιλυβηίς,
1195 595 1344 653 Ἀλύβη
1369 596 1566 656 Ἀλυβηίς,

82 662 222 720 Ἰδηίς,
261 662 431 718 ἀγεληίς,
473 674 645 716 quorum
675 664 716 703 in
746 663 1046 705 similitudinem
1075 664 1114 704 vi
1144 664 1442 715 synecdromae
1481 674 1566 710 tra—

87 731 207 773 ducta
247 735 340 772 sunt
380 727 536 782 ἐλατηίς
564 729 652 770 Nic.
683 732 723 769 et
754 729 956 782 Κυβεληίς
993 730 1125 771 Nonn.
1155 730 1306 772 XLVII.
1335 731 1426 774 240.
1472 734 1566 775 Ma-

87 797 246 838 sculina
275 808 348 849 pro
368 787 417 849 ἦς’
460 796 666 846 accipiunt
705 785 741 842 t}
777 793 918 847 Αἰητίς
948 795 1109 847 (omiss.
1139 796 1180 835 in
1212 796 1303 848 Th.)
1333 798 1449 841 Anth.
1484 801 1564 844 VII.

84 863 150 905 50.
180 858 414 914 Εὐφρατίς,
447 860 679 912 Λυκαμβίς,
711 859 786 901 sed
815 872 897 901 non
927 873 1020 902 raro
1053 862 1170 902 etiam
1201 862 1322 914 alpha
1353 863 1564 918 adoptant,

83 928 251 970 Aeetias
272 927 385 969 Ovid.
403 924 647 979 Λυκαμβιάς
662 926 782 966 Anth.
804 927 884 968 VII.
907 928 969 968 70.
991 925 1195 977 τελωνιάς,
1217 924 1405 979 Ὀρέσται
1433 954 1487 960 -——
1515 929 1563 973 τὸ

81 990 270 1047 θηλυκόν
287 988 464 1045 Ὀρεστίς
488 987 775 1043 καὶὈρεστιάς
795 993 930 1044 Steplt.
952 998 989 1034 et
1014 995 1280 1046 nympharum
1305 994 1562 1040 Orestiadum

81 1071 251 1113 nomen,
296 1058 404 1111 quod
443 1058 672 1109 Hesychius
712 1068 801 1098 cum
835 1056 946 1098 ἑστία
987 1061 1256 1112 compositum
1296 1060 1411 1112 dicit,
1455 1063 1562 1106 haud

82 1125 243 1166 aliunde
274 1124 538 1176 repetendum
569 1135 689 1176 quam
719 1124 769 1164 ab
794 1124 1062 1165 intermortuo
1094 1120 1280 1178 ὀρέστης,
1330 1127 1436 1168 sicut
1477 1130 1562 1182 Cy-

83 1202 182 1243 prus
222 1202 246 1231 a
276 1191 460 1231 Cerastis
490 1190 637 1231 incolis
668 1201 816 1230 nomen
846 1191 1007 1242 accepit
1031 1191 1230 1243 Κεραστίς
1246 1189 1314 1231 καὶ
1334 1194 1563 1246 Κεραστιάς

83 1256 223 1308 Steph.
263 1257 362 1296 Item
393 1268 415 1295 a
446 1256 678 1296 nominibus
699 1255 906 1296 secundae
928 1255 1210 1296 declinationis
1235 1256 1416 1299 derivata
1438 1262 1559 1304 modo

81 1332 202 1362 unum
241 1321 392 1361 exitum
431 1321 582 1361 habent
621 1320 793 1372 θεωρίς,
821 1316 989 1370 Ἐνετίς,
1027 1316 1356 1376 Ἀλικαρνασσίς,
1402 1327 1559 1378 Κελτίς,

78 1385 200 1427 modo
233 1385 434 1437 duplicem
453 1383 639 1438 ’Ἀμυισις
664 1381 884 1438 Ἀμνισιάς,
917 1387 1145 1439 Κενταυρίς
1174 1387 1443 1441 Κενταυριάς,
1475 1395 1560 1434 Λα-

77 1451 178 1498 τινίς
215 1448 433 1502 Λατινιάς,
477 1452 676 1504 Πελασγίς
716 1448 946 1503 Πελασγιοὲς
984 1456 1022 1492 et
1060 1463 1084 1492 a
1122 1450 1282 1505 φύλλον
1311 1466 1393 1496 non
1424 1459 1557 1501 solum

77 1513 236 1570 φυλλάς
273 1521 313 1557 et
351 1517 496 1570 φυλλίς
535 1517 608 1558 sed
639 1518 760 1558 etiam
790 1514 988 1569 φυλλιάς,
1031 1517 1080 1557 de
1120 1519 1266 1569 quibus
1299 1520 1559 1566 Grammatici

77 1581 345 1623 dissentiunt:
383 1583 626 1623 Eustathius
658 1582 708 1623 ad
736 1583 853 1623 Dion.
882 1582 999 1624 1143.
1038 1581 1239 1624 Κωλιάδα
1266 1586 1398 1638 νῆσον
1425 1603 1560 1644 τετρα-

77 1644 288 1700 συλλάβως
317 1644 344 1699 ἢ
374 1648 543 1688 Κωλίδα
571 1645 850 1700 τρισυλλάβως
878 1644 982 1687 κατὰ
1012 1647 1238 1703 συγκοπήν,
1271 1663 1351 1703 quo
1376 1665 1465 1696 eum
1490 1657 1558 1698 ad-

77 1713 191 1754 duxit
221 1724 369 1753 nomen
398 1714 519 1765 longe
543 1714 746 1755 diversum
768 1710 934 1760 Κωλιάς
961 1710 1086 1762 τόπος
1111 1710 1295 1769 Ἀττικῆς
1323 1715 1465 1770 ὅμοιος
1487 1718 1557 1763 o'cv-

75 1775 253 1832 θρώπου
290 1775 408 1833 κώλῳ
445 1779 541 1819 Hes.
581 1778 654 1819 sed
694 1779 846 1819 certius
885 1790 1096 1831 syncopae
1127 1783 1354 1835 exemplum
1384 1788 1556 1836 praebet

78 1845 249 1892 Κασπίς.
280 1868 334 1872 —
368 1844 500 1884 Aliter
530 1855 627 1884 vero
651 1845 884 1896 Stephanus
909 1846 1101 1897 Καβειρίς
1129 1861 1241 1899 παρα
1268 1845 1315 1888 τὸ
1338 1848 1552 1905 Κάβειρος,

77 1907 298 1964 Καβειριάς
327 1906 369 1950 δὲ
398 1905 509 1961 παρὰ
537 1908 584 1951 τὸ
615 1911 834 1963 Καβείρως
863 1915 903 1952 et
937 1910 1202 1963 Παρυασσιάς
1232 1909 1312 1955 ἀπὸ
1341 1918 1416 1957 τοῦ
1441 1921 1554 1974 Ποερ-

75 1974 243 2024 νάσσιος
279 1974 349 2017 καὶ
391 1977 628 2027 Παριασσίς
672 1973 784 2028 παρὰ
827 1973 874 2017 τὸ
915 1976 1195 2039 Παρνασσός
1211 1975 1266 2027 ὡς
1315 1983 1553 2037 Τευμησσίς

75 2054 195 2096 quem
235 2043 448 2083 transitum
490 2042 817 2083 teiminationum
857 2043 908 2084 ab
947 2058 1007 2091 ιος
1045 2045 1086 2084 111
1125 2059 1189 2092 ιας
1218 2047 1318 2087 satis
1350 2052 1554 2092 testantur

77 2108 278 2160 adjectiva
297 2109 409 2160 prius
432 2107 557 2147 allata
576 2103 702 2161 ἁλιάς,
731 2106 953 2161 γενεθλιάς,
984 2107 1154 2157 ποντιάς
1183 2115 1222 2151 et
1242 2112 1410 2165 reliqua
1443 2127 1552 2168 quo-

75 2185 161 2213 rum
197 2184 319 2213 unum
360 2176 470 2213 certe
501 2170 693 2221 Κασπιάς
720 2176 817 2216 1111111
855 2176 1059 2227 primitivo
1099 2181 1237 2227 aptum
1267 2184 1551 2233 praeterquam

74 2249 177 2290 puro
207 2235 405 2284 Κάσπιος.
453 2237 534 2279 Sed
565 2242 604 2278 et
629 2250 753 2282 anon
784 2242 895 2293 puris
929 2242 1024 2282 talia
1054 2242 1150 2281 oriri
1180 2241 1422 2286 documento
1455 2252 1551 2289 sunt

74 2300 293 2353 Λατιυιάς,
329 2303 392 2343 cuj
420 2303 519 2344 nihil
549 2306 753 2347 antecedit
783 2312 899 2348 extra
928 2310 1106 2354 Λατῖνος
1136 2313 1174 2348 et
1197 2310 1375 2363 Λατινίς,
1407 2312 1456 2353 ab
1480 2310 1550 2353 ἄυ-

73 2384 172 2423 τρον
201 2365 385 2422 ἀντριάς,
430 2381 453 2410 a
473 2371 626 2421 ,νῶτον
655 2369 803 2420 νωτιάς
833 2373 1011 2425 (φθίσις)
1042 2373 1234 2425 Hippocr.
1264 2374 1314 2415 de
1342 2376 1471 2419 Morb.
1503 2379 1548 2420 ΙΙ.

164 2535 224 2578 52)
258 2535 354 2569 Haec
389 2535 489 2570 aliter
521 2538 645 2581 scripta
680 2543 758 2572 sunt
781 2549 814 2582 p.
841 2539 918 2580 210,
943 2539 976 2574 8.
1004 2538 1191 2576 Λῧξίντιος
1214 2538 1455 2583 Αὖξεντιάὸης
1478 2548 1543 2579 etc.

74 2590 265 2625 Auxentios
309 2591 505 2633 complures
547 2595 771 2635 cognovimus
813 2593 1026 2637 temporibus
1061 2594 1275 2638 christianis,
1316 2596 1545 2633 Euxantliium

74 2646 221 2685 nulluni;
255 2646 436 2680 consimile
469 2656 593 2683 nomen
628 2648 715 2686 Εὐξι
725 2652 828 2686 111ος
873 2651 907 2684 in
942 2650 1044 2685 codd.
1080 2650 1265 2686 811ε11).Χ.
1302 2653 1378 2689 478.
1416 2654 1545 2691 comcs

76 2699 226 2732 1385sz
237 2712 246 2717 ·
272 2700 492 2735 scribendum
518 2707 625 2746 putat.

125 2767 262 2798 Laberk.
291 2768 469 2809 '‘fllltolstg.
1215 2773 1268 2814 30
