<?xml version="1.0" encoding="UTF-8"?>
<!DOCTYPE html PUBLIC "-//W3C//DTD XHTML 1.0 Transitional//EN"
    "http://www.w3.org/TR/xhtml1/DTD/xhtml1-transitional.dtd">
<html xmlns="http://www.w3.org/1999/xhtml" xml:lang="en" lang="en">
 <head>
  <title>
</title>
<meta http-equiv="Content-Type" content="text/html;charset=utf-8" />
  <meta name='ocr-system' content='tesseract 3.04.00' />
  <meta name='ocr-capabilities' content='ocr_page ocr_carea ocr_par ocr_line ocrx_word'/>
</head>
<body>
  <div class='ocr_page' id='page_1' title='image "./pathologiaesermo00lobeuoft_0184.png"; bbox 0 0 1731 3021; ppageno 0'>
   <div class='ocr_carea' id='block_1_1' title="bbox 112 172 1113 225">
    <p class='ocr_par' dir='ltr' id='par_1_1' title="bbox 112 172 1113 225">
     <span class='ocr_line' id='line_1_1' title="bbox 112 172 1113 225; baseline -0.01 0"><span class='ocrx_word' id='word_1_1' title='bbox 112 182 196 225; x_wconf 77' lang='lat'>166</span> <span class='ocrx_word' id='word_1_2' title='bbox 577 172 1007 218; x_wconf 86' lang='lat' dir='ltr'>DISSERTATIO</span> <span class='ocrx_word' id='word_1_3' title='bbox 1048 173 1113 215; x_wconf 89' lang='lat'>111.</span> 
     </span>
    </p>
   </div>
   <div class='ocr_carea' id='block_1_2' title="bbox 115 283 1610 1394">
    <p class='ocr_par' dir='ltr' id='par_1_2' title="bbox 115 283 1610 1394">
     <span class='ocr_line' id='line_1_2' title="bbox 115 283 1594 344; baseline -0.004 -13"><span class='ocrx_word' id='word_1_4' title='bbox 115 290 299 344; x_wconf 76' lang='lat' dir='ltr'>quamvis</span> <span class='ocrx_word' id='word_1_5' title='bbox 330 288 588 330; x_wconf 76' lang='lat' dir='ltr'>obliteratam</span> <span class='ocrx_word' id='word_1_6' title='bbox 619 289 662 326; x_wconf 88' lang='lat' dir='ltr'>ut</span> <span class='ocrx_word' id='word_1_7' title='bbox 690 286 733 326; x_wconf 89' lang='lat' dir='ltr'>in</span> <span class='ocrx_word' id='word_1_8' title='bbox 762 284 900 325; x_wconf 84' lang='lat' dir='ltr'>latinis</span> <span class='ocrx_word' id='word_1_9' title='bbox 932 283 1203 338; x_wconf 74' lang='lat' dir='ltr'>tergeminus,</span> <span class='ocrx_word' id='word_1_10' title='bbox 1234 283 1594 336; x_wconf 85' lang='lat' dir='ltr'>septemgeminus.</span> 
     </span>
     <span class='ocr_line' id='line_1_3' title="bbox 116 344 1597 405; baseline -0.005 -8"><span class='ocrx_word' id='word_1_11' title='bbox 116 356 348 397; x_wconf 75' lang='lat' dir='ltr'>Proximum</span> <span class='ocrx_word' id='word_1_12' title='bbox 379 353 558 405; x_wconf 79' lang='lat' dir='ltr'>antiquis</span> <span class='ocrx_word' id='word_1_13' title='bbox 597 351 696 392; x_wconf 82' lang='lat' dir='ltr'>nihil</span> <span class='ocrx_word' id='word_1_14' title='bbox 725 352 881 403; x_wconf 77' lang='lat' dir='ltr'>negotii</span> <span class='ocrx_word' id='word_1_15' title='bbox 914 351 1101 391; x_wconf 82' lang='lat' dir='ltr'>facessit:</span> <span class='ocrx_word' id='word_1_16' title='bbox 1155 344 1238 390; x_wconf 79' lang='grc' dir='ltr'>ἀπὸ</span> <span class='ocrx_word' id='word_1_17' title='bbox 1277 351 1354 390; x_wconf 86' lang='grc' dir='ltr'>τοῦ</span> <span class='ocrx_word' id='word_1_18' title='bbox 1392 350 1472 403; x_wconf 80' lang='grc' dir='ltr'><em>εἰμί</em></span> <span class='ocrx_word' id='word_1_19' title='bbox 1509 346 1597 397; x_wconf 79' lang='grc' dir='ltr'><em>ἐτός</em></span> 
     </span>
     <span class='ocr_line' id='line_1_4' title="bbox 116 415 1598 474; baseline -0.003 -12"><span class='ocrx_word' id='word_1_20' title='bbox 116 420 185 463; x_wconf 81' lang='grc' dir='ltr'>καὶ</span> <span class='ocrx_word' id='word_1_21' title='bbox 221 419 366 474; x_wconf 75' lang='grc' dir='ltr'><em>ἔτυμος</em></span> <span class='ocrx_word' id='word_1_22' title='bbox 404 417 459 467; x_wconf 81' lang='grc' dir='ltr'>ὡς</span> <span class='ocrx_word' id='word_1_23' title='bbox 497 416 586 465; x_wconf 75' lang='grc' dir='ltr'><em>ἕλος</em></span> <span class='ocrx_word' id='word_1_24' title='bbox 622 415 768 470; x_wconf 76' lang='grc' dir='ltr'><em>ἔλυμος</em></span> <span class='ocrx_word' id='word_1_25' title='bbox 803 416 991 457; x_wconf 80' lang='lat' dir='ltr'>Eustath.</span> <span class='ocrx_word' id='word_1_26' title='bbox 1035 415 1161 470; x_wconf 81' lang='grc'>1408,</span> <span class='ocrx_word' id='word_1_27' title='bbox 1201 415 1264 458; x_wconf 91' lang='grc'>11.</span> <span class='ocrx_word' id='word_1_28' title='bbox 1307 428 1479 469; x_wconf 87' lang='lat' dir='ltr'>quorum</span> <span class='ocrx_word' id='word_1_29' title='bbox 1517 417 1598 458; x_wconf 76' lang='lat' dir='ltr'>hoo</span> 
     </span>
     <span class='ocr_line' id='line_1_5' title="bbox 119 482 1598 536; baseline -0.004 -7"><span class='ocrx_word' id='word_1_30' title='bbox 119 489 272 529; x_wconf 84' lang='lat' dir='ltr'>certius</span> <span class='ocrx_word' id='word_1_31' title='bbox 312 487 441 527; x_wconf 83' lang='lat' dir='ltr'>altero</span> <span class='ocrx_word' id='word_1_32' title='bbox 481 497 517 525; x_wconf 83' lang='lat' dir='ltr'>v.</span> <span class='ocrx_word' id='word_1_33' title='bbox 553 483 764 536; x_wconf 74' lang='lat' dir='ltr'>Sprengel.</span> <span class='ocrx_word' id='word_1_34' title='bbox 795 482 846 522; x_wconf 89' lang='lat' dir='ltr'>ad</span> <span class='ocrx_word' id='word_1_35' title='bbox 878 483 1080 534; x_wconf 86' lang='lat' dir='ltr'>Theophr.</span> <span class='ocrx_word' id='word_1_36' title='bbox 1113 484 1155 523; x_wconf 91' lang='lat' dir='ltr'>T.</span> <span class='ocrx_word' id='word_1_37' title='bbox 1181 484 1227 525; x_wconf 93' lang='grc' dir='ltr'>ΙΙ.</span> <span class='ocrx_word' id='word_1_38' title='bbox 1258 484 1350 527; x_wconf 86' lang='grc'><strong>288.</strong></span> <span class='ocrx_word' id='word_1_39' title='bbox 1416 483 1598 535; x_wconf 76' lang='lat' dir='ltr'>Soolymi</span> 
     </span>
     <span class='ocr_line' id='line_1_6' title="bbox 118 544 1600 607; baseline -0.004 -12"><span class='ocrx_word' id='word_1_40' title='bbox 118 555 361 607; x_wconf 88' lang='lat' dir='ltr'>principium</span> <span class='ocrx_word' id='word_1_41' title='bbox 384 550 564 593; x_wconf 75' lang='lat' dir='ltr'>ostendit</span> <span class='ocrx_word' id='word_1_42' title='bbox 587 550 817 601; x_wconf 71' lang='lat' dir='ltr'>Hesychius</span> <span class='ocrx_word' id='word_1_43' title='bbox 843 546 1007 596; x_wconf 78' lang='grc' dir='ltr'><em>Σκόλος</em></span> <span class='ocrx_word' id='word_1_44' title='bbox 1025 544 1131 597; x_wconf 79' lang='grc' dir='ltr'><em>εἶδος</em></span> <span class='ocrx_word' id='word_1_45' title='bbox 1150 545 1349 604; x_wconf 78' lang='grc' dir='ltr'>ἀκάνθης.</span> <span class='ocrx_word' id='word_1_46' title='bbox 1396 550 1477 591; x_wconf 88' lang='lat' dir='ltr'>Pro</span> <span class='ocrx_word' id='word_1_47' title='bbox 1506 545 1600 589; x_wconf 88' lang='grc' dir='ltr'>Πό-</span> 
     </span>
     <span class='ocr_line' id='line_1_7' title="bbox 119 613 1600 674; baseline -0.004 -13"><span class='ocrx_word' id='word_1_48' title='bbox 119 623 245 674; x_wconf 78' lang='grc' dir='ltr'><em>λυμος</em></span> <span class='ocrx_word' id='word_1_49' title='bbox 274 619 416 660; x_wconf 85' lang='lat' dir='ltr'>nescio</span> <span class='ocrx_word' id='word_1_50' title='bbox 450 629 500 657; x_wconf 91' lang='lat' dir='ltr'>an</span> <span class='ocrx_word' id='word_1_51' title='bbox 530 613 723 669; x_wconf 78' lang='grc' dir='ltr'><em>Σόλυμος</em></span> <span class='ocrx_word' id='word_1_52' title='bbox 753 615 1012 656; x_wconf 83' lang='lat' dir='ltr'>scribendum</span> <span class='ocrx_word' id='word_1_53' title='bbox 1043 616 1117 669; x_wconf 75' lang='lat' dir='ltr'>sit,</span> <span class='ocrx_word' id='word_1_54' title='bbox 1157 627 1276 668; x_wconf 86' lang='lat' dir='ltr'>quem</span> <span class='ocrx_word' id='word_1_55' title='bbox 1307 618 1600 657; x_wconf 80' lang='lat' dir='ltr'>commemorat</span> 
     </span>
     <span class='ocr_line' id='line_1_8' title="bbox 122 680 1601 739; baseline -0.005 -11"><span class='ocrx_word' id='word_1_56' title='bbox 122 687 355 739; x_wconf 75' lang='lat' dir='ltr'>Stephanus</span> <span class='ocrx_word' id='word_1_57' title='bbox 390 696 421 725; x_wconf 88' lang='lat' dir='ltr'>s.</span> <span class='ocrx_word' id='word_1_58' title='bbox 452 680 627 723; x_wconf 79' lang='grc' dir='ltr'><em>Μιλύαι.</em></span> <span class='ocrx_word' id='word_1_59' title='bbox 685 682 744 722; x_wconf 89' lang='lat' dir='ltr'>De</span> <span class='ocrx_word' id='word_1_60' title='bbox 774 682 922 721; x_wconf 85' lang='lat' dir='ltr'>ceteris</span> <span class='ocrx_word' id='word_1_61' title='bbox 955 681 1251 722; x_wconf 88' lang='lat' dir='ltr'>Technicorum</span> <span class='ocrx_word' id='word_1_62' title='bbox 1282 683 1480 735; x_wconf 79' lang='lat' dir='ltr'>exemplis</span> <span class='ocrx_word' id='word_1_63' title='bbox 1511 681 1601 722; x_wconf 89' lang='lat' dir='ltr'>dis-</span> 
     </span>
     <span class='ocr_line' id='line_1_9' title="bbox 123 743 1603 801; baseline -0.005 -8"><span class='ocrx_word' id='word_1_64' title='bbox 123 752 233 793; x_wconf 89' lang='lat' dir='ltr'>serui</span> <span class='ocrx_word' id='word_1_65' title='bbox 264 753 305 791; x_wconf 91' lang='lat' dir='ltr'>in</span> <span class='ocrx_word' id='word_1_66' title='bbox 333 749 481 790; x_wconf 86' lang='lat' dir='ltr'>Parall.</span> <span class='ocrx_word' id='word_1_67' title='bbox 512 748 604 789; x_wconf 65' lang='lat'>423.</span> <span class='ocrx_word' id='word_1_68' title='bbox 646 758 816 798; x_wconf 77' lang='lat' dir='ltr'>quorum</span> <span class='ocrx_word' id='word_1_69' title='bbox 854 758 974 791; x_wconf 82' lang='lat' dir='ltr'>unuin</span> <span class='ocrx_word' id='word_1_70' title='bbox 1011 747 1231 800; x_wconf 70' lang='grc' dir='ltr'><em>γίγγλυμος</em></span> <span class='ocrx_word' id='word_1_71' title='bbox 1269 743 1292 787; x_wconf 84' lang='grc' dir='ltr'>ὁ</span> <span class='ocrx_word' id='word_1_72' title='bbox 1329 743 1603 801; x_wconf 78' lang='grc' dir='ltr'><strong><em>στρεφόμενος</em></strong></span> 
     </span>
     <span class='ocr_line' id='line_1_10' title="bbox 121 811 1602 871; baseline -0.003 -13"><span class='ocrx_word' id='word_1_73' title='bbox 121 815 282 871; x_wconf 73' lang='grc' dir='ltr'><em>γόμφος</em></span> <span class='ocrx_word' id='word_1_74' title='bbox 313 816 600 867; x_wconf 75' lang='lat' dir='ltr'>cognationem</span> <span class='ocrx_word' id='word_1_75' title='bbox 630 813 782 852; x_wconf 81' lang='lat' dir='ltr'>habere</span> <span class='ocrx_word' id='word_1_76' title='bbox 814 811 974 852; x_wconf 84' lang='lat' dir='ltr'>videtur</span> <span class='ocrx_word' id='word_1_77' title='bbox 1005 823 1094 856; x_wconf 89' lang='lat' dir='ltr'>cum</span> <span class='ocrx_word' id='word_1_78' title='bbox 1127 813 1290 865; x_wconf 75' lang='grc' dir='ltr'><em>κίγκλος</em></span> <span class='ocrx_word' id='word_1_79' title='bbox 1318 815 1483 859; x_wconf 84' lang='lat' dir='ltr'>nomine</span> <span class='ocrx_word' id='word_1_80' title='bbox 1513 813 1602 854; x_wconf 84' lang='lat' dir='ltr'>avis</span> 
     </span>
     <span class='ocr_line' id='line_1_11' title="bbox 122 873 1604 932; baseline -0.003 -8"><span class='ocrx_word' id='word_1_81' title='bbox 122 882 329 924; x_wconf 67' lang='lat' dir='ltr'>versatilis</span> <span class='ocrx_word' id='word_1_82' title='bbox 359 880 465 921; x_wconf 77' lang='lat' dir='ltr'>unde</span> <span class='ocrx_word' id='word_1_83' title='bbox 495 879 705 932; x_wconf 73' lang='grc' dir='ltr'><em>κιγκλίζειυ</em></span> <span class='ocrx_word' id='word_1_84' title='bbox 733 873 779 917; x_wconf 78' lang='grc' dir='ltr'>τὸ</span> <span class='ocrx_word' id='word_1_85' title='bbox 808 873 1108 930; x_wconf 69' lang='grc' dir='ltr'><em>μεταστρέφειν.</em></span> <span class='ocrx_word' id='word_1_86' title='bbox 1165 879 1271 920; x_wconf 82' lang='lat' dir='ltr'>Addi</span> <span class='ocrx_word' id='word_1_87' title='bbox 1298 884 1475 932; x_wconf 84' lang='lat' dir='ltr'>possunt</span> <span class='ocrx_word' id='word_1_88' title='bbox 1509 875 1604 920; x_wconf 76' lang='grc' dir='ltr'>Φά-</span> 
     </span>
     <span class='ocr_line' id='line_1_12' title="bbox 123 940 1604 1003; baseline -0.001 -15"><span class='ocrx_word' id='word_1_89' title='bbox 123 963 251 1003; x_wconf 76' lang='grc' dir='ltr'><em>ρυμος</em></span> <span class='ocrx_word' id='word_1_90' title='bbox 276 943 438 998; x_wconf 76' lang='grc' dir='ltr'>θρασύς</span> <span class='ocrx_word' id='word_1_91' title='bbox 463 950 502 986; x_wconf 85' lang='lat' dir='ltr'>ct</span> <span class='ocrx_word' id='word_1_92' title='bbox 532 941 752 999; x_wconf 67' lang='grc' dir='ltr'>ἀφάρυμος</span> <span class='ocrx_word' id='word_1_93' title='bbox 782 940 957 996; x_wconf 75' lang='grc' dir='ltr'><em>ἄτολμος</em></span> <span class='ocrx_word' id='word_1_94' title='bbox 986 944 1082 984; x_wconf 88' lang='lat' dir='ltr'>Hes.</span> <span class='ocrx_word' id='word_1_95' title='bbox 1117 948 1156 985; x_wconf 88' lang='lat' dir='ltr'>et</span> <span class='ocrx_word' id='word_1_96' title='bbox 1188 956 1237 985; x_wconf 80' lang='lat' dir='ltr'>ex</span> <span class='ocrx_word' id='word_1_97' title='bbox 1268 947 1388 986; x_wconf 85' lang='lat' dir='ltr'>tertia</span> <span class='ocrx_word' id='word_1_98' title='bbox 1419 945 1604 987; x_wconf 83' lang='lat' dir='ltr'>declina-</span> 
     </span>
     <span class='ocr_line' id='line_1_13' title="bbox 126 1007 1606 1065; baseline -0.002 -10"><span class='ocrx_word' id='word_1_99' title='bbox 126 1016 237 1055; x_wconf 82' lang='lat' dir='ltr'>tione</span> <span class='ocrx_word' id='word_1_100' title='bbox 268 1009 478 1065; x_wconf 77' lang='grc' dir='ltr'><em>ὅαιτυμών</em></span> <span class='ocrx_word' id='word_1_101' title='bbox 517 1024 539 1052; x_wconf 85' lang='lat' dir='ltr'>a</span> <span class='ocrx_word' id='word_1_102' title='bbox 577 1007 718 1058; x_wconf 73' lang='grc' dir='ltr'><em>δαιτός</em></span> <span class='ocrx_word' id='word_1_103' title='bbox 749 1009 983 1051; x_wconf 82' lang='lat' dir='ltr'>derivatum.</span> <span class='ocrx_word' id='word_1_104' title='bbox 1025 1010 1194 1051; x_wconf 86' lang='lat' dir='ltr'>Vocalis</span> <span class='ocrx_word' id='word_1_105' title='bbox 1222 1011 1388 1052; x_wconf 88' lang='lat' dir='ltr'>ultimae</span> <span class='ocrx_word' id='word_1_106' title='bbox 1419 1011 1606 1063; x_wconf 78' lang='lat' dir='ltr'>exempla</span> 
     </span>
     <span class='ocr_line' id='line_1_14' title="bbox 125 1074 1608 1131; baseline -0.003 -10"><span class='ocrx_word' id='word_1_107' title='bbox 125 1080 237 1122; x_wconf 87' lang='lat' dir='ltr'>nulla</span> <span class='ocrx_word' id='word_1_108' title='bbox 267 1081 491 1131; x_wconf 85' lang='lat' dir='ltr'>suppetunt</span> <span class='ocrx_word' id='word_1_109' title='bbox 528 1082 693 1129; x_wconf 76' lang='lat' dir='ltr'>praeter</span> <span class='ocrx_word' id='word_1_110' title='bbox 722 1076 925 1116; x_wconf 71' lang='lat' dir='ltr'>vocabula</span> <span class='ocrx_word' id='word_1_111' title='bbox 953 1076 1183 1129; x_wconf 85' lang='lat' dir='ltr'>plantarum</span> <span class='ocrx_word' id='word_1_112' title='bbox 1213 1074 1408 1130; x_wconf 79' lang='grc' dir='ltr'><em>ἄμωμον,</em></span> <span class='ocrx_word' id='word_1_113' title='bbox 1449 1074 1608 1128; x_wconf 76' lang='grc' dir='ltr'><em>καρδά-</em></span> 
     </span>
     <span class='ocr_line' id='line_1_15' title="bbox 124 1139 1607 1200; baseline -0.002 -14"><span class='ocrx_word' id='word_1_114' title='bbox 124 1160 270 1200; x_wconf 81' lang='grc' dir='ltr'><em>μωμου</em></span> <span class='ocrx_word' id='word_1_115' title='bbox 310 1145 514 1185; x_wconf 77' lang='lat' dir='ltr'>diversum</span> <span class='ocrx_word' id='word_1_116' title='bbox 563 1155 586 1183; x_wconf 93' lang='lat' dir='ltr'>a</span> <span class='ocrx_word' id='word_1_117' title='bbox 625 1141 840 1195; x_wconf 76' lang='lat' dir='ltr'>cardamo,</span> <span class='ocrx_word' id='word_1_118' title='bbox 886 1146 925 1182; x_wconf 86' lang='lat' dir='ltr'>et</span> <span class='ocrx_word' id='word_1_119' title='bbox 971 1139 1258 1195; x_wconf 75' lang='grc' dir='ltr'><em>κιννάμωμον,</em></span> <span class='ocrx_word' id='word_1_120' title='bbox 1300 1143 1364 1183; x_wconf 91' lang='lat' dir='ltr'>cui</span> <span class='ocrx_word' id='word_1_121' title='bbox 1401 1142 1607 1184; x_wconf 80' lang='lat' dir='ltr'>Nicander</span> 
     </span>
     <span class='ocr_line' id='line_1_16' title="bbox 127 1206 1609 1266; baseline -0.003 -13"><span class='ocrx_word' id='word_1_122' title='bbox 127 1211 421 1266; x_wconf 77' lang='lat' dir='ltr'>praeformavit</span> <span class='ocrx_word' id='word_1_123' title='bbox 452 1210 694 1262; x_wconf 71' lang='lat' dir='ltr'>primitivum</span> <span class='ocrx_word' id='word_1_124' title='bbox 726 1208 900 1260; x_wconf 73' lang='grc' dir='ltr'><em>κίυαμου</em></span> <span class='ocrx_word' id='word_1_125' title='bbox 931 1212 969 1248; x_wconf 87' lang='lat' dir='ltr'>et</span> <span class='ocrx_word' id='word_1_126' title='bbox 1001 1208 1170 1260; x_wconf 89' lang='lat' dir='ltr'>propria</span> <span class='ocrx_word' id='word_1_127' title='bbox 1198 1208 1405 1250; x_wconf 88' lang='lat' dir='ltr'>hominum</span> <span class='ocrx_word' id='word_1_128' title='bbox 1437 1206 1609 1249; x_wconf 82' lang='grc' dir='ltr'><em>Σὲλδω-</em></span> 
     </span>
     <span class='ocr_line' id='line_1_17' title="bbox 127 1266 1608 1332; baseline -0.001 -13"><span class='ocrx_word' id='word_1_129' title='bbox 127 1293 203 1332; x_wconf 80' lang='grc' dir='ltr'>μος</span> <span class='ocrx_word' id='word_1_130' title='bbox 235 1283 273 1319; x_wconf 86' lang='lat' dir='ltr'>et</span> <span class='ocrx_word' id='word_1_131' title='bbox 303 1266 496 1329; x_wconf 77' lang='grc' dir='ltr'><em>Σίρωμος</em></span> <span class='ocrx_word' id='word_1_132' title='bbox 525 1275 674 1316; x_wconf 83' lang='lat' dir='ltr'>Herod.</span> <span class='ocrx_word' id='word_1_133' title='bbox 706 1275 787 1315; x_wconf 77' lang='lat' dir='ltr'>VH.</span> <span class='ocrx_word' id='word_1_134' title='bbox 819 1273 882 1316; x_wconf 73' lang='grc'>98.</span> <span class='ocrx_word' id='word_1_135' title='bbox 914 1274 1110 1326; x_wconf 77' lang='lat' dir='ltr'>urbisque</span> <span class='ocrx_word' id='word_1_136' title='bbox 1141 1271 1347 1328; x_wconf 67' lang='grc' dir='ltr'>Ε’ὔρωμος</span> <span class='ocrx_word' id='word_1_137' title='bbox 1375 1288 1411 1317; x_wconf 89' lang='lat' dir='ltr'>V.</span> <span class='ocrx_word' id='word_1_138' title='bbox 1440 1275 1608 1317; x_wconf 83' lang='lat' dir='ltr'>Eckhel.</span> 
     </span>
     <span class='ocr_line' id='line_1_18' title="bbox 128 1340 1610 1394; baseline -0.004 -7"><span class='ocrx_word' id='word_1_139' title='bbox 128 1347 269 1387; x_wconf 83' lang='lat' dir='ltr'>Doctr.</span> <span class='ocrx_word' id='word_1_140' title='bbox 303 1343 417 1383; x_wconf 85' lang='lat' dir='ltr'><strong>T.11.</strong></span> <span class='ocrx_word' id='word_1_141' title='bbox 450 1342 542 1384; x_wconf 75' lang='lat'><strong>581.</strong></span> <span class='ocrx_word' id='word_1_142' title='bbox 576 1342 816 1394; x_wconf 81' lang='lat' dir='ltr'>quibuscum</span> <span class='ocrx_word' id='word_1_143' title='bbox 848 1340 947 1380; x_wconf 86' lang='lat' dir='ltr'>nihil</span> <span class='ocrx_word' id='word_1_144' title='bbox 977 1340 1098 1381; x_wconf 85' lang='lat' dir='ltr'>nohis</span> <span class='ocrx_word' id='word_1_145' title='bbox 1136 1345 1199 1382; x_wconf 88' lang='lat' dir='ltr'>est</span> <span class='ocrx_word' id='word_1_146' title='bbox 1230 1341 1484 1393; x_wconf 80' lang='lat' dir='ltr'>commercii3</span> <span class='ocrx_word' id='word_1_147' title='bbox 1530 1355 1610 1393; x_wconf 72' lang='lat' dir='ltr'>ya-</span> 
     </span>
    </p>
   </div>
   <div class='ocr_carea' id='block_1_3' title="bbox 130 1406 1611 1518">
    <p class='ocr_par' dir='ltr' id='par_1_3' title="bbox 130 1406 1611 1518">
     <span class='ocr_line' id='line_1_19' title="bbox 130 1406 1611 1465; baseline -0.001 -14"><span class='ocrx_word' id='word_1_148' title='bbox 130 1408 244 1465; x_wconf 79' lang='grc' dir='ltr'><em>λώμη</em></span> <span class='ocrx_word' id='word_1_149' title='bbox 283 1408 517 1450; x_wconf 67' lang='lat' dir='ltr'>vestimenti</span> <span class='ocrx_word' id='word_1_150' title='bbox 563 1418 733 1461; x_wconf 77' lang='lat' dir='ltr'>nomen,</span> <span class='ocrx_word' id='word_1_151' title='bbox 778 1406 888 1459; x_wconf 87' lang='lat' dir='ltr'>quod</span> <span class='ocrx_word' id='word_1_152' title='bbox 930 1406 1205 1449; x_wconf 87' lang='lat' dir='ltr'>Schneiderus</span> <span class='ocrx_word' id='word_1_153' title='bbox 1247 1419 1296 1449; x_wconf 78' lang='lat' dir='ltr'>ex</span> <span class='ocrx_word' id='word_1_154' title='bbox 1326 1407 1442 1450; x_wconf 91' lang='lat' dir='ltr'>LXX.</span> <span class='ocrx_word' id='word_1_155' title='bbox 1482 1408 1611 1462; x_wconf 83' lang='lat' dir='ltr'>affert,</span> 
     </span>
     <span class='ocr_line' id='line_1_20' title="bbox 134 1473 865 1518; baseline -0.007 0"><span class='ocrx_word' id='word_1_156' title='bbox 134 1476 397 1518; x_wconf 79' lang='lat' dir='ltr'>omittendum</span> <span class='ocrx_word' id='word_1_157' title='bbox 430 1478 517 1515; x_wconf 85' lang='lat' dir='ltr'>erat</span> <span class='ocrx_word' id='word_1_158' title='bbox 547 1477 590 1514; x_wconf 92' lang='lat' dir='ltr'>ut</span> <span class='ocrx_word' id='word_1_159' title='bbox 620 1473 865 1513; x_wconf 72' lang='lat' dir='ltr'>hebraicum.</span> 
     </span>
    </p>
   </div>
   <div class='ocr_carea' id='block_1_4' title="bbox 650 1637 1105 1803">
    <p class='ocr_par' dir='ltr' id='par_1_4' title="bbox 650 1637 1105 1803">
     <span class='ocr_line' id='line_1_21' title="bbox 754 1637 996 1678; baseline -0.004 0"><span class='ocrx_word' id='word_1_160' title='bbox 754 1637 893 1678; x_wconf 76' lang='lat' dir='ltr'><strong>CAP.</strong></span> <span class='ocrx_word' id='word_1_161' title='bbox 944 1637 996 1677; x_wconf 91' lang='lat' dir='ltr'>ll.</span> 
     </span>
     <span class='ocr_line' id='line_1_22' title="bbox 650 1745 1105 1803; baseline -0.002 -14"><span class='ocrx_word' id='word_1_162' title='bbox 650 1747 724 1789; x_wconf 81' lang='lat' dir='ltr'>De</span> <span class='ocrx_word' id='word_1_163' title='bbox 767 1745 1105 1803; x_wconf 71' lang='lat' dir='ltr'>affectionibus.</span> 
     </span>
    </p>
   </div>
   <div class='ocr_carea' id='block_1_5' title="bbox 141 1857 1675 2771">
    <p class='ocr_par' dir='ltr' id='par_1_5' title="bbox 141 1857 1675 2771">
     <span class='ocr_line' id='line_1_23' title="bbox 252 1857 1618 1916; baseline 0.002 -16"><span class='ocrx_word' id='word_1_164' title='bbox 252 1865 290 1909; x_wconf 57' lang='grc' dir='ltr'>ἓ.</span> <span class='ocrx_word' id='word_1_165' title='bbox 323 1860 357 1902; x_wconf 96' lang='grc'>1.</span> <span class='ocrx_word' id='word_1_166' title='bbox 415 1859 699 1912; x_wconf 73' lang='lat' dir='ltr'>Mutationuni,</span> <span class='ocrx_word' id='word_1_167' title='bbox 730 1869 834 1910; x_wconf 89' lang='lat' dir='ltr'>quas</span> <span class='ocrx_word' id='word_1_168' title='bbox 863 1858 1068 1899; x_wconf 71' lang='lat' dir='ltr'>vocabula</span> <span class='ocrx_word' id='word_1_169' title='bbox 1096 1857 1216 1910; x_wconf 89' lang='lat' dir='ltr'>hujus</span> <span class='ocrx_word' id='word_1_170' title='bbox 1248 1858 1397 1900; x_wconf 87' lang='lat' dir='ltr'>classis</span> <span class='ocrx_word' id='word_1_171' title='bbox 1428 1860 1618 1916; x_wconf 81' lang='lat' dir='ltr'>subeunt,</span> 
     </span>
     <span class='ocr_line' id='line_1_24' title="bbox 141 1924 1618 1982; baseline 0 -13"><span class='ocrx_word' id='word_1_172' title='bbox 141 1929 271 1982; x_wconf 84' lang='lat' dir='ltr'>prima</span> <span class='ocrx_word' id='word_1_173' title='bbox 302 1930 364 1968; x_wconf 86' lang='lat' dir='ltr'>est</span> <span class='ocrx_word' id='word_1_174' title='bbox 396 1925 613 1978; x_wconf 86' lang='lat' dir='ltr'>productio</span> <span class='ocrx_word' id='word_1_175' title='bbox 644 1925 803 1965; x_wconf 77' lang='lat' dir='ltr'>vocalis</span> <span class='ocrx_word' id='word_1_176' title='bbox 835 1924 1191 1977; x_wconf 80' lang='lat' dir='ltr'>antepenultimae.</span> <span class='ocrx_word' id='word_1_177' title='bbox 1249 1925 1343 1966; x_wconf 90' lang='lat' dir='ltr'>Non</span> <span class='ocrx_word' id='word_1_178' title='bbox 1380 1926 1530 1979; x_wconf 89' lang='lat' dir='ltr'>loquor</span> <span class='ocrx_word' id='word_1_179' title='bbox 1569 1928 1618 1969; x_wconf 86' lang='lat' dir='ltr'>de</span> 
     </span>
     <span class='ocr_line' id='line_1_25' title="bbox 141 1987 1620 2045; baseline -0.001 -10"><span class='ocrx_word' id='word_1_180' title='bbox 141 1991 313 2045; x_wconf 77' lang='grc' dir='ltr'><em>πλόϊμος</em></span> <span class='ocrx_word' id='word_1_181' title='bbox 345 1996 384 2032; x_wconf 88' lang='lat' dir='ltr'>et</span> <span class='ocrx_word' id='word_1_182' title='bbox 413 1987 614 2043; x_wconf 76' lang='grc' dir='ltr'><em>πλώιμος,</em></span> <span class='ocrx_word' id='word_1_183' title='bbox 654 2002 747 2030; x_wconf 87' lang='lat' dir='ltr'>nam</span> <span class='ocrx_word' id='word_1_184' title='bbox 778 1991 880 2031; x_wconf 89' lang='lat' dir='ltr'>haec</span> <span class='ocrx_word' id='word_1_185' title='bbox 911 1990 1055 2031; x_wconf 87' lang='lat' dir='ltr'>eodem</span> <span class='ocrx_word' id='word_1_186' title='bbox 1087 1991 1172 2031; x_wconf 79' lang='lat' dir='ltr'>fere</span> <span class='ocrx_word' id='word_1_187' title='bbox 1203 1990 1298 2031; x_wconf 92' lang='lat' dir='ltr'>loco</span> <span class='ocrx_word' id='word_1_188' title='bbox 1331 1996 1426 2032; x_wconf 82' lang='lat' dir='ltr'>sunt</span> <span class='ocrx_word' id='word_1_189' title='bbox 1464 1997 1507 2033; x_wconf 84' lang='lat' dir='ltr'>ut</span> <span class='ocrx_word' id='word_1_190' title='bbox 1538 1993 1620 2034; x_wconf 82' lang='lat' dir='ltr'>dixi</span> 
     </span>
     <span class='ocr_line' id='line_1_26' title="bbox 145 2052 1622 2111; baseline -0.001 -10"><span class='ocrx_word' id='word_1_191' title='bbox 145 2060 195 2101; x_wconf 89' lang='lat' dir='ltr'>ad</span> <span class='ocrx_word' id='word_1_192' title='bbox 222 2059 370 2110; x_wconf 71' lang='lat' dir='ltr'>Phryn.</span> <span class='ocrx_word' id='word_1_193' title='bbox 404 2057 495 2098; x_wconf 69' lang='lat'>(515.</span> <span class='ocrx_word' id='word_1_194' title='bbox 527 2056 600 2097; x_wconf 84' lang='lat' dir='ltr'>sed</span> <span class='ocrx_word' id='word_1_195' title='bbox 631 2052 834 2109; x_wconf 72' lang='grc' dir='ltr'><em>ἀρώσιμος</em></span> <span class='ocrx_word' id='word_1_196' title='bbox 866 2056 1097 2108; x_wconf 87' lang='lat' dir='ltr'>Sophocles</span> <span class='ocrx_word' id='word_1_197' title='bbox 1129 2057 1366 2111; x_wconf 81' lang='lat' dir='ltr'>usurpavit,</span> <span class='ocrx_word' id='word_1_198' title='bbox 1411 2059 1475 2098; x_wconf 88' lang='lat' dir='ltr'>cui</span> <span class='ocrx_word' id='word_1_199' title='bbox 1515 2059 1622 2100; x_wconf 82' lang='lat' dir='ltr'>infra</span> 
     </span>
     <span class='ocr_line' id='line_1_27' title="bbox 144 2119 1675 2179; baseline 0 -13"><span class='ocrx_word' id='word_1_200' title='bbox 144 2122 309 2179; x_wconf 77' lang='grc' dir='ltr'><em>ἀρωτήρ</em></span> <span class='ocrx_word' id='word_1_201' title='bbox 349 2123 588 2176; x_wconf 79' lang='lat' dir='ltr'>adjungam,</span> <span class='ocrx_word' id='word_1_202' title='bbox 634 2126 673 2163; x_wconf 88' lang='lat' dir='ltr'>et</span> <span class='ocrx_word' id='word_1_203' title='bbox 710 2119 923 2175; x_wconf 78' lang='grc' dir='ltr'><em>αἰδήσιμος</em></span> <span class='ocrx_word' id='word_1_204' title='bbox 965 2122 1087 2174; x_wconf 88' lang='lat' dir='ltr'>Orph.</span> <span class='ocrx_word' id='word_1_205' title='bbox 1129 2123 1224 2174; x_wconf 79' lang='lat' dir='ltr'>Arg.</span> <span class='ocrx_word' id='word_1_206' title='bbox 1267 2122 1384 2164; x_wconf 73' lang='lat'><strong>1346.</strong></span> <span class='ocrx_word' id='word_1_207' title='bbox 1424 2135 1499 2176; x_wconf 89' lang='lat' dir='ltr'>pro</span> <span class='ocrx_word' id='word_1_208' title='bbox 1538 2137 1619 2177; x_wconf 91' lang='lat' dir='ltr'>quo</span> <span class='ocrx_word' id='word_1_209' title='bbox 1670 2150 1675 2151; x_wconf 30' lang='grc' dir='ltr'><em>ν</em></span> 
     </span>
     <span class='ocr_line' id='line_1_28' title="bbox 147 2185 1622 2241; baseline 0 -9"><span class='ocrx_word' id='word_1_210' title='bbox 147 2191 263 2233; x_wconf 85' lang='lat' dir='ltr'>codd.</span> <span class='ocrx_word' id='word_1_211' title='bbox 298 2190 455 2241; x_wconf 88' lang='lat' dir='ltr'>aliquot</span> <span class='ocrx_word' id='word_1_212' title='bbox 485 2185 715 2241; x_wconf 79' lang='grc' dir='ltr'><em>αἰδέσσιμος</em></span> <span class='ocrx_word' id='word_1_213' title='bbox 754 2189 953 2241; x_wconf 86' lang='lat' dir='ltr'>praebent</span> <span class='ocrx_word' id='word_1_214' title='bbox 993 2188 1043 2228; x_wconf 89' lang='lat' dir='ltr'>ab</span> <span class='ocrx_word' id='word_1_215' title='bbox 1084 2189 1281 2240; x_wconf 77' lang='lat' dir='ltr'>exemplis</span> <span class='ocrx_word' id='word_1_216' title='bbox 1311 2189 1436 2233; x_wconf 89' lang='lat' dir='ltr'>nihilo</span> <span class='ocrx_word' id='word_1_217' title='bbox 1468 2191 1622 2234; x_wconf 87' lang='lat' dir='ltr'>confir-</span> 
     </span>
     <span class='ocr_line' id='line_1_29' title="bbox 145 2250 1623 2309; baseline 0 -11"><span class='ocrx_word' id='word_1_218' title='bbox 145 2258 307 2306; x_wconf 81' lang='lat' dir='ltr'>matius,</span> <span class='ocrx_word' id='word_1_219' title='bbox 338 2267 432 2296; x_wconf 84' lang='lat' dir='ltr'>nam</span> <span class='ocrx_word' id='word_1_220' title='bbox 464 2267 538 2307; x_wconf 90' lang='lat' dir='ltr'>pro</span> <span class='ocrx_word' id='word_1_221' title='bbox 570 2250 787 2307; x_wconf 76' lang='grc' dir='ltr'><em>ἀκέσσιμος</em></span> <span class='ocrx_word' id='word_1_222' title='bbox 815 2255 975 2294; x_wconf 70' lang='lat' dir='ltr'>Maxim.</span> <span class='ocrx_word' id='word_1_223' title='bbox 1008 2265 1044 2294; x_wconf 88' lang='lat' dir='ltr'>v.</span> <span class='ocrx_word' id='word_1_224' title='bbox 1077 2253 1166 2295; x_wconf 74' lang='lat'><strong>149.</strong></span> <span class='ocrx_word' id='word_1_225' title='bbox 1193 2265 1301 2295; x_wconf 90' lang='lat' dir='ltr'>nunc</span> <span class='ocrx_word' id='word_1_226' title='bbox 1325 2252 1530 2309; x_wconf 78' lang='grc' dir='ltr'><em>ἐναίσιμος</em></span> <span class='ocrx_word' id='word_1_227' title='bbox 1551 2268 1623 2298; x_wconf 84' lang='lat' dir='ltr'>re-</span> 
     </span>
     <span class='ocr_line' id='line_1_30' title="bbox 149 2319 1624 2376; baseline -0.001 -11"><span class='ocrx_word' id='word_1_228' title='bbox 149 2329 311 2376; x_wconf 81' lang='lat' dir='ltr'>ceptum</span> <span class='ocrx_word' id='word_1_229' title='bbox 342 2325 417 2363; x_wconf 84' lang='lat' dir='ltr'>est.</span> <span class='ocrx_word' id='word_1_230' title='bbox 476 2320 670 2372; x_wconf 80' lang='lat' dir='ltr'>Ejusdem</span> <span class='ocrx_word' id='word_1_231' title='bbox 697 2321 881 2372; x_wconf 70' lang='lat' dir='ltr'>syllabae</span> <span class='ocrx_word' id='word_1_232' title='bbox 912 2319 1034 2360; x_wconf 88' lang='lat' dir='ltr'>modo</span> <span class='ocrx_word' id='word_1_233' title='bbox 1061 2320 1346 2372; x_wconf 83' lang='lat' dir='ltr'>corripiendae</span> <span class='ocrx_word' id='word_1_234' title='bbox 1375 2321 1497 2362; x_wconf 91' lang='lat' dir='ltr'>modo</span> <span class='ocrx_word' id='word_1_235' title='bbox 1519 2334 1624 2375; x_wconf 86' lang='lat' dir='ltr'>pro-</span> 
     </span>
     <span class='ocr_line' id='line_1_31' title="bbox 149 2384 1624 2441; baseline -0.001 -10"><span class='ocrx_word' id='word_1_236' title='bbox 149 2389 359 2431; x_wconf 80' lang='lat' dir='ltr'>ducendae</span> <span class='ocrx_word' id='word_1_237' title='bbox 399 2387 748 2438; x_wconf 85' lang='lat' dir='ltr'>opportunitatem</span> <span class='ocrx_word' id='word_1_238' title='bbox 779 2386 847 2427; x_wconf 89' lang='lat' dir='ltr'>dat</span> <span class='ocrx_word' id='word_1_239' title='bbox 879 2386 1097 2426; x_wconf 84' lang='lat' dir='ltr'>diversitas</span> <span class='ocrx_word' id='word_1_240' title='bbox 1130 2387 1320 2438; x_wconf 81' lang='lat' dir='ltr'>origini53</span> <span class='ocrx_word' id='word_1_241' title='bbox 1359 2399 1452 2428; x_wconf 89' lang='lat' dir='ltr'>nam</span> <span class='ocrx_word' id='word_1_242' title='bbox 1483 2399 1506 2428; x_wconf 88' lang='lat' dir='ltr'>a</span> <span class='ocrx_word' id='word_1_243' title='bbox 1543 2384 1624 2441; x_wconf 85' lang='grc' dir='ltr'><em>μό·-</em></span> 
     </span>
     <span class='ocr_line' id='line_1_32' title="bbox 151 2448 1626 2509; baseline -0.002 -12"><span class='ocrx_word' id='word_1_244' title='bbox 151 2472 222 2509; x_wconf 74' lang='grc' dir='ltr'>ρος</span> <span class='ocrx_word' id='word_1_245' title='bbox 263 2456 488 2496; x_wconf 79' lang='lat' dir='ltr'>derivatum</span> <span class='ocrx_word' id='word_1_246' title='bbox 529 2457 591 2492; x_wconf 83' lang='lat' dir='ltr'>est</span> <span class='ocrx_word' id='word_1_247' title='bbox 629 2449 823 2504; x_wconf 72' lang='grc' dir='ltr'><em>μόριμος,</em></span> <span class='ocrx_word' id='word_1_248' title='bbox 865 2464 889 2492; x_wconf 80' lang='lat' dir='ltr'>a</span> <span class='ocrx_word' id='word_1_249' title='bbox 925 2448 1122 2505; x_wconf 75' lang='grc' dir='ltr'><em>μέμορσαι</em></span> <span class='ocrx_word' id='word_1_250' title='bbox 1160 2449 1377 2506; x_wconf 78' lang='grc' dir='ltr'><em>μόρσιμος,</em></span> <span class='ocrx_word' id='word_1_251' title='bbox 1420 2464 1500 2505; x_wconf 81' lang='lat' dir='ltr'>quo</span> <span class='ocrx_word' id='word_1_252' title='bbox 1541 2464 1626 2494; x_wconf 82' lang='lat' dir='ltr'>non</span> 
     </span>
     <span class='ocr_line' id='line_1_33' title="bbox 153 2518 1626 2573; baseline -0.003 -9"><span class='ocrx_word' id='word_1_253' title='bbox 153 2523 284 2564; x_wconf 85' lang='lat' dir='ltr'>solum</span> <span class='ocrx_word' id='word_1_254' title='bbox 316 2524 466 2573; x_wconf 84' lang='lat' dir='ltr'>poetae</span> <span class='ocrx_word' id='word_1_255' title='bbox 496 2522 663 2558; x_wconf 78' lang='lat' dir='ltr'>utuntur</span> <span class='ocrx_word' id='word_1_256' title='bbox 694 2518 766 2559; x_wconf 87' lang='lat' dir='ltr'>sed</span> <span class='ocrx_word' id='word_1_257' title='bbox 796 2518 1031 2559; x_wconf 82' lang='lat' dir='ltr'>Herodotus</span> <span class='ocrx_word' id='word_1_258' title='bbox 1063 2529 1249 2570; x_wconf 74' lang='lat' dir='ltr'>quoque3</span> <span class='ocrx_word' id='word_1_259' title='bbox 1277 2519 1373 2559; x_wconf 88' lang='lat' dir='ltr'>item</span> <span class='ocrx_word' id='word_1_260' title='bbox 1395 2518 1493 2559; x_wconf 88' lang='lat' dir='ltr'>illud</span> <span class='ocrx_word' id='word_1_261' title='bbox 1515 2518 1626 2570; x_wconf 88' lang='lat' dir='ltr'>quod</span> 
     </span>
     <span class='ocr_line' id='line_1_34' title="bbox 151 2579 1626 2638; baseline -0.003 -9"><span class='ocrx_word' id='word_1_262' title='bbox 151 2588 392 2630; x_wconf 80' lang='lat' dir='ltr'>Eustathius</span> <span class='ocrx_word' id='word_1_263' title='bbox 422 2585 583 2636; x_wconf 81' lang='lat' dir='ltr'>attingit</span> <span class='ocrx_word' id='word_1_264' title='bbox 612 2596 650 2637; x_wconf 91' lang='lat' dir='ltr'>p.</span> <span class='ocrx_word' id='word_1_265' title='bbox 684 2584 801 2638; x_wconf 74' lang='lat'><strong>1472,</strong></span> <span class='ocrx_word' id='word_1_266' title='bbox 833 2584 896 2625; x_wconf 85' lang='lat'>32.</span> <span class='ocrx_word' id='word_1_267' title='bbox 934 2586 1010 2624; x_wconf 86' lang='grc' dir='ltr'>τοῦ</span> <span class='ocrx_word' id='word_1_268' title='bbox 1041 2579 1224 2636; x_wconf 73' lang='grc' dir='ltr'>ὀφέλλειν</span> <span class='ocrx_word' id='word_1_269' title='bbox 1268 2581 1350 2624; x_wconf 78' lang='grc' dir='ltr'><em>ἔστι</em></span> <span class='ocrx_word' id='word_1_270' title='bbox 1384 2581 1455 2624; x_wconf 78' lang='grc' dir='ltr'>καὶ</span> <span class='ocrx_word' id='word_1_271' title='bbox 1493 2580 1626 2636; x_wconf 77' lang='grc' dir='ltr'><em>ὄνομα</em></span> 
     </span>
     <span class='ocr_line' id='line_1_35' title="bbox 154 2646 1628 2708; baseline -0.003 -13"><span class='ocrx_word' id='word_1_272' title='bbox 154 2652 266 2707; x_wconf 69' lang='grc' dir='ltr'>παρὰ</span> <span class='ocrx_word' id='word_1_273' title='bbox 294 2654 350 2708; x_wconf 77' lang='grc' dir='ltr'>τῷ</span> <span class='ocrx_word' id='word_1_274' title='bbox 377 2648 594 2706; x_wconf 76' lang='grc' dir='ltr'><em>Ὀππιανῷ</em></span> <span class='ocrx_word' id='word_1_275' title='bbox 622 2647 850 2703; x_wconf 77' lang='grc' dir='ltr'><em>ὀφέλλιμος,</em></span> <span class='ocrx_word' id='word_1_276' title='bbox 883 2647 906 2690; x_wconf 81' lang='grc' dir='ltr'><em>ὅ</em></span> <span class='ocrx_word' id='word_1_277' title='bbox 943 2664 1049 2698; x_wconf 71' lang='grc' dir='ltr'><em>τινες</em></span> <span class='ocrx_word' id='word_1_278' title='bbox 1076 2648 1145 2690; x_wconf 79' lang='grc' dir='ltr'>καὶ</span> <span class='ocrx_word' id='word_1_279' title='bbox 1184 2646 1407 2705; x_wconf 32' lang='grc' dir='ltr'><em>ὀφὲλσιμψον</em></span> <span class='ocrx_word' id='word_1_280' title='bbox 1442 2647 1628 2702; x_wconf 75' lang='grc' dir='ltr'><em>ἔγραψαν</em></span> 
     </span>
     <span class='ocr_line' id='line_1_36' title="bbox 157 2712 1625 2771; baseline -0.004 -9"><span class='ocrx_word' id='word_1_281' title='bbox 157 2715 455 2770; x_wconf 52' lang='grc' dir='ltr'>αἰολφκώτεροιν,</span> <span class='ocrx_word' id='word_1_282' title='bbox 486 2717 565 2757; x_wconf 82' lang='lat' dir='ltr'>hoc</span> <span class='ocrx_word' id='word_1_283' title='bbox 595 2721 659 2758; x_wconf 80' lang='lat' dir='ltr'>est</span> <span class='ocrx_word' id='word_1_284' title='bbox 689 2729 713 2758; x_wconf 87' lang='lat' dir='ltr'>a</span> <span class='ocrx_word' id='word_1_285' title='bbox 744 2717 878 2762; x_wconf 82' lang='lat' dir='ltr'>futuro</span> <span class='ocrx_word' id='word_1_286' title='bbox 911 2716 1070 2757; x_wconf 81' lang='lat' dir='ltr'>aeolico</span> <span class='ocrx_word' id='word_1_287' title='bbox 1103 2720 1146 2757; x_wconf 87' lang='lat' dir='ltr'>ut</span> <span class='ocrx_word' id='word_1_288' title='bbox 1175 2713 1394 2771; x_wconf 74' lang='grc' dir='ltr'><em>ἐγέρσιμος,</em></span> <span class='ocrx_word' id='word_1_289' title='bbox 1425 2712 1625 2770; x_wconf 78' lang='grc' dir='ltr'><em>κέρσιμος,</em></span> 
     </span>
    </p>
   </div>
  </div>
 </body>
</html>
