1731 3021
104 148 199 192 282
255 148 386 190 DISS.
413 148 460 190 V.
495 147 564 189 DE
594 144 885 188 NOMINIBUS
917 144 969 186 IN
1000 145 1024 199 ρ
1049 143 1396 186 EXEUNTIBUS.
1428 148 1466 193 §.
1486 144 1523 186 6.

102 263 232 300 turam
264 259 387 299 exuit.
438 257 519 300 Sed
547 253 745 311 πελώριος
774 256 866 296 111110
897 255 1089 296 convenit
1119 258 1289 307 propter
1317 253 1483 295 brevius
1508 250 1582 294 πέ-

101 326 244 378 λωρος.
293 324 441 366 Cetera
472 323 715 364 dicatalecta
746 322 979 373 composita
1009 326 1124 369 sunt3
1165 317 1329 375 ἀώριος,
1359 316 1583 373 μιυυώριος

103 402 178 444 pro
219 387 411 445 οἰκουρός
452 386 632 441 οἰκόριος
669 388 780 429 Pind.
821 388 870 428 ab
910 384 1007 440 ὄρος
1053 383 1220 441 ὁμόριος
1259 387 1346 428 sive
1386 382 1582 438 ὁμούριος

101 454 318 511 μεθόριος,
359 455 469 509 quod
508 456 641 497 solum
671 454 900 494 dominatur
939 453 1112 506 expulso
1151 449 1350 506 μέθορος,
1387 451 1461 501 sed
1492 456 1583 492 510-

106 528 189 565 tum
232 534 349 564 suum
388 526 555 563 tenuere
592 518 789 574 μέσσορος
817 520 858 558 111
891 519 987 560 Tab.
1017 519 1176 560 Heracl.
1206 515 1390 571 μέσωρος
1418 522 1458 558 01
1485 527 1584 569 μεσ-

105 586 232 643 σόρης
259 586 381 642 μέσος
411 599 475 640 ap.
507 587 683 638 Hesych.
712 582 922 638 μεσσώρης
954 585 1133 636 Theogn.
1163 596 1201 636 p.
1231 584 1295 625 45.
1327 584 1395 624 uhi
1424 579 1584 624 νεσσώ-

104 670 178 709 ρης
206 655 426 707 vulgatum.
473 653 729 693 Positionum
758 642 814 704 ηξ
838 656 876 692 01
908 641 952 698 ἇς
980 650 1222 691 vicissitudo
1253 649 1395 690 eadem
1423 649 1465 689 in
1494 648 1584 689 aliis

105 734 186 775 qua
216 721 469 773 simplicibus
501 719 869 771 qua‘eompositis‚
900 729 1005 769 quae
1042 727 1245 769 persaepe
1286 715 1480 766 distingui
1509 725 1586 755 ne-

106 791 278 840 queunt:
307 782 498 838 ὑληώρης
525 788 563 824 01
584 779 784 836 ὑληωρός,
817 780 972 836 ὅμηρος
992 779 1147 836 ὁμήρης
1172 787 1211 823 01
1237 778 1450 835 ἓνομήρης,
1481 794 1585 856 νοη-

105 850 179 908 ρός
209 856 248 893 et
277 847 461 904 νοαρέως
489 846 768 901 νουνεχόντως
796 849 893 889 Hes.
921 844 1090 902 ἀτηρός,
1124 845 1347 903 ὀμβρηρός,
1377 849 1587 899 πειιθηρος

107 923 212 960 01-
240 909 362 970 ff,
404 926 597 968 quaeque*
628 914 926 966 significatione
963 927 1047 956 non
1082 916 1215 956 minus
1245 926 1366 967 quam
1394 923 1587 954 mensura

107 985 295 1026 differunt.
323 978 493 1033 λιπαρός
523 986 562 1022 01
578 977 763 1033 λιπαρής,
794 980 867 1020 sed
893 982 1098 1033 scriptura
1116 981 1238 1022 modo
1261 980 1456 1021 distincta
1479 975 1586 1020 ὑδα-

107 1047 173 1106 ρὲς
210 1046 257 1090 τὸ
297 1045 458 1102 ὑδαρόν
485 1048 581 1089 Ηο5.
622 1048 663 1087 111
694 1047 841 1099 quibus
878 1047 1039 1086 variant
1078 1047 1170 1087 libri
1205 1048 1247 1087 in
1278 1047 1393 1087 Alex.
1430 1046 1587 1096 Fragm,

107 1130 146 1171 p.
175 1117 268 1159 487.
316 1115 404 1156 Vol.
434 1115 500 1155 III.
531 1124 749 1154 mensurae
780 1112 1013 1153 discrimine
1042 1112 1167 1166 110110,
1199 1113 1277 1153 0151
1306 1111 1459 1152 Moeris
1489 1106 1586 1150 ὑδα-

107 1181 173 1237 ρές
212 1183 336 1223 011100
375 1180 548 1233 corripi,
595 1179 717 1230 vulgo
749 1177 939 1231 protendi
971 1178 1164 1229 affirmat3
1205 1177 1254 1217 ad
1284 1178 1465 1218 ultimum
1496 1186 1588 1217 στυ-

106 1246 227 1304 γερής
266 1247 336 1289 καὶ
374 1243 567 1299 στυγερός
606 1244 717 1286 Suid.
759 1243 977 1285 Coronidis
1016 1243 1109 1283 loco
1151 1242 1338 1295 adjiciam
1376 1253 1588 1294 syncopae

109 1320 382 1358 commentum
414 1312 552 1354 Schol.
581 1311 730 1352 Aesch.
760 1311 874 1351 Pers.
906 1321 941 1350 v.
972 1309 1005 1351 1.
1034 1306 1128 1348 τάδε
1156 1305 1232 1360 μὲν
1264 1310 1438 1362 Περσῶν
1466 1304 1589 1348 πιστὰ

110 1384 288 1424 καλεῖται
318 1405 370 1410 ——
400 1376 517 1425 πόλις
545 1374 626 1417 ἐστὶ
649 1377 823 1430 Περσῶν
847 1375 1041 1427 mamone
1069 1370 1314 1427 καλουμένη,
1349 1372 1403 1427 ἣν
1432 1371 1588 1427 συγκό-

107 1454 191 1498 ψας
220 1443 242 1487 ὁ
263 1442 434 1498 ποιητής
466 1443 599 1484 Πίστα
614 1439 703 1495 ἔφη.
745 1441 954 1483 Somnium
975 1440 1054 1480 1100
1076 1444 1152 1493 051,
1183 1439 1257 1481 sed
1277 1442 1417 1481 nititur
1437 1440 1588 1481 obser-

107 1515 274 1555 vatione
315 1511 506 1552 licentiae
536 1508 772 1561 popularis,
821 1518 901 1558 qua
939 1507 1104 1546 nomina
1142 1508 1359 1558 peregrina
1396 1507 1589 1546 varieet

108 1579 386 1632 multipliciter
415 1575 716 1627 interpolantur
756 1584 845 1612 cum
886 1572 965 1612 alia
1004 1576 1086 1612 tum
1117 1574 1238 1613 etiam
1269 1583 1374 1624 quae
1405 1571 1455 1612 ad
1484 1572 1590 1612 hanc

109 1645 436 1687 terminationem
476 1641 702 1693 pertinent:
751 1634 925 1690 Κυάρης
962 1649 1037 1689 pro
1074 1634 1298 1691 Κυαξάρης
1335 1650 1370 1677 v.
1412 1637 1591 1678 Schnei-

110 1711 252 1753 dewin.
292 1709 343 1750 ad
380 1709 489 1759 lbyo.
529 1719 566 1759 p.
600 1705 689 1747 194.
729 1701 939 1756 Κοτύωρα
975 1699 1093 1751 πόλις
1120 1699 1145 1757 ἡ
1177 1704 1258 1743 νῦν
1286 1699 1398 1756 παρὰ
1425 1704 1591 1751 πολλοῖς

109 1775 295 1828 Κύτωρα
322 1770 518 1827 λεγομένη
550 1771 660 1813 Suid.
689 1783 725 1812 V.
757 1771 931 1811 Dissert.
964 1769 1009 1810 II.
1040 1780 1073 1810 0.
1107 1769 1142 1811 6.
1175 1773 1213 1818 §.
1247 1769 1284 1810 3.
1343 1769 1477 1818 Quare
1506 1780 1591 1810 non

108 1844 277 1885 multum
317 1841 517 1881 dissentio
559 1839 608 1879 ab
649 1837 958 1878 enarratorihus
990 1836 1120 1889 Festi,
1162 1833 1376 1888 καλάσιρες
1414 1834 1590 1875 00105515

109 1915 150 1952 01
191 1909 368 1950 00105515
407 1906 514 1947 idem
548 1915 698 1944 nomen
739 1915 835 1943 0550
873 1902 1162 1943 statuentibus.
1208 1902 1253 1942 In
1280 1901 1426 1942 Parall.
1457 1912 1495 1953 p.
1525 1899 1589 1942 94.

109 1976 224 2026 attigi
255 1984 405 2014 nomen
434 1975 700 2012 monstruose
728 1970 978 2009 imminutum
1012 1969 1189 2021 Περίηρς
1217 1965 1261 2008 ἐκ
1287 1968 1363 2007 τοῦ
1384 1963 1590 2025 περιήρης,

110 2040 221 2094 quod
251 2036 587 2081 Schneidewinus
617 2036 658 2076 111
688 2035 871 2086 Conject.
903 2046 939 2086 p.
973 2033 1009 2075 9.
1041 2034 1212 2074 affirmat
1244 2044 1348 2074 ame
1371 2043 1454 2072 non
1478 2036 1590 2073 recte

111 2109 172 2149 510
215 2108 412 2158 seriptum
451 2114 547 2143 esse
588 2104 628 2143 et
666 2101 756 2152 ipse
801 2102 982 2141 sortasse
1020 2111 1103 2139 non
1148 2100 1209 2140 510
1247 2098 1430 2139 scribere
1466 2097 1590 2150 volui,

109 2184 202 2213 nam
234 2173 415 2223 ignotum
446 2172 531 2222 est,
576 2164 780 2219 Περιήρης
820 2167 1103 2216 11011551010111;
1150 2165 1360 2216 ceteroqui
1397 2161 1590 2217 περιήρης

110 2249 194 2278 non
234 2236 414 2277 deterius
446 2239 510 2276 est
541 2245 661 2286 quani
691 2227 905 2284 ἀμφήρης,
946 2236 985 2271 01
1014 2241 1145 2282 nuper
1175 2230 1360 2270 dubitare
1391 2231 1511 2281 coepi
1540 2241 1592 2270 ne

110 2303 283 2343 Alcman
311 2301 454 2355 περίηρ
483 2300 643 2340 finxerit
672 2293 1260 2350 011010111011011101101ἐρίηρες,
1293 2297 1356 2335 001
1381 2296 1592 2337 Gramma-

116 2368 183 2408 tici
224 2371 379 2407 rectum
426 2363 537 2419 ἐρίηρ
585 2364 820 2415 assignant,
868 2362 1024 2403 librarii
1055 2366 1188 2403 autem
1226 2366 1388 2402 veteres
1430 2360 1593 2414 περίηρς

114 2432 414 2485 substituerint,
445 2434 562 2483 cujus
594 2436 634 2471 et
664 2430 794 2469 forma
824 2428 1010 2470 insolens
1044 2433 1082 2470 et
1114 2432 1310 2470 accentus
1341 2427 1487 2468 dubius
1518 2431 1594 2470 051.
