1731 3021
160 158 254 203 468
640 154 1076 200 DISSERTATIO
1125 156 1172 199 X.

164 272 203 310 et
232 264 411 321 βακχιάς.
479 266 561 312 Sed
599 278 704 320 quae
743 266 926 318 eJ‘usdem
963 267 1143 307 merismi
1180 270 1297 318 sunt,
1338 266 1529 318 distingui
1558 277 1642 308 non

164 337 362 387 possunt,
400 344 478 374 nec
515 334 619 374 satis
660 337 778 374 caute
816 332 1007 373 Reiskius
1044 331 1201 374 Andoc.
1241 332 1290 374 de
1323 334 1444 384 Mysi.
1485 333 1547 387 16,
1576 333 1642 374 42.

166 412 241 452 pro
283 396 466 451 Χρυσιάς
504 400 649 440 ascivit
679 399 881 449 vulgatius
912 398 1078 451 Χρυσίς.
1137 398 1432 439 Valckenarius
1461 410 1561 439 vero
1593 398 1644 439 ad

168 466 306 508 Schol.
329 465 509 506 Phoenn.
535 477 571 505 v.
595 464 682 506 162.
708 465 749 504 in
778 465 936 505 incerto
968 465 1131 516 reliquit
1160 468 1293 504 utrum
1314 464 1514 505 Hellanici
1541 464 1645 505 liber

164 527 368 579 Ἀτλαντίς
405 532 629 582 inscriptus
669 532 788 571 suerit
827 543 878 571 an
911 526 1144 577 Ἀτλαντιάς
1174 529 1235 582 (ut
1268 527 1503 582 Γιγαντιάς)
1536 527 1647 581 quod

168 598 373 639 Prellerus
404 598 444 637 in
474 597 648 637 Dissert.
681 597 729 637 de
758 597 914 638 Helian.
946 609 983 649 p.
1012 597 1072 638 17.
1104 597 1304 648 praefert,
1341 595 1438 636 illud
1468 595 1646 635 Atlantis

168 665 273 706 filiae
312 674 543 704 reservans.
608 662 806 714 Equidem
843 674 926 702 non
964 663 1103 703 dubito
1144 662 1241 714 quin
1277 661 1446 702 Adriani
1484 670 1648 701 carmen

164 725 444 781 Ἀλεξανδριάς
473 728 612 779 Stepll.
646 740 677 768 S.
709 725 912 768 Σάκειαῦῡ
945 728 1049 768 idem
1088 728 1165 768 dici
1197 729 1376 779 potuerit
1399 724 1648 778 Ἀλεξανδρίς

172 801 216 837 ut
244 793 432 847 Μεγαρὶς
460 790 678 845 συγγραφή
709 794 828 834 Paus.
857 793 921 833 IX.
957 794 1019 847 19,
1049 793 1085 834 2.
1126 798 1164 833 et
1187 789 1397 845 Ἀμαζονίς
1425 804 1584 844 poema.

283 887 320 929 ς.
354 881 415 922 12.
472 880 715 921 Nominibus
757 881 947 932 superius
987 880 1189 933 expositis
1223 875 1366 932 Ἰδηίς,
1405 879 1542 934 Οἰτηίς
1569 884 1646 920 etc.

172 947 425 989 consimilem
464 947 613 987 exitum
650 946 802 986 habent
837 958 942 998 quae
985 958 1008 986 a
1038 946 1308 987 substantivis
1339 946 1545 987 secundae
1574 945 1649 986 de-

173 1014 404 1055 clinationis
444 1017 703 1065 emanarunt,
737 1012 1003 1065 Βιθυνηι’ς,57
1044 1009 1252 1064 Ζεφυρηὶς
1288 1008 1432 1065 νύμφη
1468 1012 1547 1052 hoc
1584 1015 1648 1051 est

173 1081 247 1121 Iris
268 1079 455 1130 Zephyro
476 1083 604 1130 nupta
628 1078 760 1118 Noun.
788 1078 938 1119 XLVII.
962 1077 1053 1119 341.
1086 1077 1263 1130 Κολχηίς
1291 1077 1435 1118 Medea
1461 1077 1548 1118 Nic.
1579 1078 1650 1116 Λι-

173 1146 316 1198 βανηίς
351 1144 484 1184 Noun.
515 1143 695 1196 Λυκτηίς
726 1144 866 1195 Steph.
903 1144 1075 1197 Φοιβηίς
1106 1143 1310 1184 Cliristod.
1379 1143 1442 1183 Ab
1472 1142 1651 1194 appella*

174 1213 267 1252 tiviS
299 1207 517 1263 δρεπανηὶς
542 1207 706 1262 Ζάγκλῃ
736 1209 823 1250 Nic.
857 1208 1047 1263 ζεφυρηὶς
1076 1206 1184 1262 αὔρα
1212 1209 1356 1249 Joann.
1388 1209 1535 1260 Ecphr.
1558 1208 1650 1250 558.

174 1277 295 1318 Antti.
324 1277 352 1317 t.
386 1277 446 1317 10.
476 1288 512 1315 v.
546 1275 608 1316 66.
639 1273 832 1327 κεραμηὶς
859 1274 988 1328 χύτρα
1017 1275 1209 1316 Androm.
1241 1287 1304 1327 ap.
1337 1274 1474 1316 Galen.
1503 1275 1551 1315 de
1573 1276 1652 1314 An-

175 1342 242 1383 tid.
276 1354 314 1393 p.
346 1341 410 1382 37.
443 1342 484 1382 T.
508 1341 605 1381 XIV.
637 1339 820 1394 σιμβληὶς
840 1339 964 1393 πέτρα
985 1341 1177 1392 Apollon.
1217 1341 1279 1382 Ab
1301 1340 1514 1391 adjectivis
1537 1342 1653 1391 ejus-

176 1408 266 1449 dem
298 1406 451 1447 ordinis
489 1405 662 1459 χλωρηὶς
700 1402 840 1459 ἀηδών
878 1407 994 1447 Hom.
1028 1410 1067 1447 et
1095 1406 1232 1446 multis
1264 1407 1416 1446 secutis
1447 1406 1653 1446 recentius

175 1471 350 1525 ὑπατηὶς
377 1470 530 1525 ῥάβδος
561 1473 833 1523 (consularis)
865 1473 983 1513 Anth.
1015 1472 1042 1513 Ι.
1073 1472 1109 1512 4.
1141 1470 1251 1523 quod
1281 1482 1371 1512 cum
1402 1467 1653 1511 affiniz‘moc-

175 1539 290 1594 τήιος
325 1539 458 1579 Nonn.
497 1539 593 1579 XLI.
624 1538 715 1579 366.
753 1539 916 1578 Lexicis
952 1537 1077 1577 deest.
1135 1536 1288 1576 Horum
1326 1536 1461 1588 aliqua
1489 1538 1651 1578 vinculo

176 1605 352 1659 quodam
383 1605 608 1644 eommunis
640 1604 808 1654 originis
840 1604 1098 1643 continentur
1128 1612 1217 1642 cum
1242 1600 1454 1653 adjectivis
1476 1613 1656 1654 posses-

178 1673 277 1713 sivis
317 1667 562 1719 Μενέτειος,
605 1668 814 1721 Φοίβειος,
857 1668 975 1720 plura
1012 1679 1110 1708 vero
1150 1667 1248 1707 nihil
1286 1667 1435 1708 habent
1473 1679 1554 1719 quo
1585 1668 1655 1709 niti

176 1737 339 1791 possint
368 1739 531 1787 praeter
562 1735 752 1775 feminina
783 1735 927 1774 tertiae
958 1732 1245 1774 declinationis
1276 1732 1446 1785 Κολχίς,
1476 1733 1653 1786 κεραμίς,

177 1803 341 1858 χλωρίς,
375 1806 444 1842 aut
475 1801 595 1842 etiam
625 1801 851 1840 masculina
875 1799 938 1840 his
969 1802 1190 1851 conjuncta
1217 1796 1435 1851 κεραμεύς,
1466 1797 1654 1853 χλωρεύς.

176 1871 250 1911 His
280 1872 444 1908 veteres
474 1867 632 1907 literam
662 1870 729 1907 eta
758 1867 953 1906 insertam
984 1864 1140 1905 dicunt:
1172 1861 1303 1918 ὥςπερ
1331 1861 1442 1917 παρὰ
1470 1861 1516 1905 τὸ
1536 1862 1656 1918 Δάρ-

180 1936 306 1982 δανος
323 1930 501 1973 ἐκπίπτει
519 1928 839 1984 πατρωνυμικὸν
863 1922 974 1979 ειῗςῖς
1002 1929 1071 1971 καὶ
1098 1927 1210 1982 παρὰ
1235 1927 1282 1971 τὸ
1308 1931 1494 1982 Πρίαμος
1520 1933 1655 1985 Πρια-

179 2002 256 2055 μίς,
278 1996 411 2046 οὕτως
430 1995 506 2038 ἔδει
528 1997 699 2050 Καὸμίς,
729 1990 763 2053 ᾧ
785 1994 1154 2051 ἐχρήσατοἼβυκος
1177 1994 1498 2047 παρελέξατο
1519 1997 1655 2037 Καδ-

180 2066 293 2121 μίδι
321 2062 498 2119 κούρᾳ.
554 2060 612 2104 Τὸ
642 2061 722 2117 ἄρα
752 2063 1016 2117 Καδμηίδι
1045 2063 1163 2115 γαίῃ
1193 2058 1285 2113 παρ’
1310 2058 1489 2116 ἹῚσιόδῳ
1523 2059 1652 2114 (Em).

182 2134 291 2186 161.)
337 2128 552 2171 ἐπλὲουασε
588 2130 647 2185 τῷ
684 2134 730 2184 ῆ,
781 2130 890 2182 quod
926 2130 1064 2182 potius
1107 2140 1157 2168 ex
1200 2127 1404 2179 Καδμεῖος
1444 2125 1657 2181 Καδμιήιος

181 2198 393 2240 deductum
434 2200 509 2237 est.
576 2196 645 2237 Sic
684 2199 817 2236 autem
850 2195 1060 2247 effugimus
1092 2194 1330 2246 epenthesin
1360 2193 1488 2245 ittam,
1536 2205 1654 2244 quam

270 2378 331 2420 56)
356 2377 559 2412 Mendosum
586 2380 639 2411 est
660 2373 932 2418 Ἀλεξανδρειάς
956 2384 984 2408 S.
1011 2372 1191 2419 Ἀστραία.
1287 2418 1289 2420 q

269 2435 329 2476 57)
363 2432 548 2468 Jacobsius
582 2432 624 2466 ad
659 2431 761 2465 Anth.
796 2430 872 2466 634.
906 2428 1142 2469 Βιθυιιηίδες,
1177 2429 1308 2472 inquit,
1347 2429 1492 2462 secunda
1522 2429 1656 2472 syllaba

182 2494 299 2522 contra
336 2488 514 2531 probatum
545 2499 639 2520 usum
671 2491 825 2528 correpta
856 2490 892 2517 ut
922 2495 1028 2527 supra
1053 2483 1092 2516 ἐκ
1118 2484 1298 2517 Βιθυνῶν.
1346 2484 1417 2520 Sed
1444 2484 1512 2518 hoe
1536 2486 1656 2519 Vitium

185 2548 238 2579 est
263 2542 520 2586 versificatoris,
546 2542 631 2576 illud
656 2543 787 2583 minus3
813 2550 890 2574 nam
917 2540 1047 2573 vocalis
1072 2540 1176 2583 longa
1205 2541 1385 2585 corripitur
1410 2541 1520 2574 auctis
1545 2541 1655 2584 sylla-

185 2599 250 2641 bis,
275 2598 426 2641 Kvssqsstaff
452 2602 486 2633 et
509 2597 680 2640 Κυβεληίς
705 2595 898 2639 Κυβιλήιος
922 2595 1121 2639 Cybeleius,
1148 2598 1306 2639 Κυθηρίς
1328 2597 1508 2639 ΚυιΉρηίς
1534 2599 1568 2631 et
1588 2598 1654 2628 Κυ-

183 2653 333 2696 θερηιάς
359 2653 437 2695 (sed
466 2651 667 2698 Κυθηριάς)
693 2651 880 2687 floccida),-
904 2649 1108 2690 Πυσιδήιος,
1137 2651 1349 2695 brevemque
1374 2660 1453 2687 esse
1479 2655 1561 2695 puto
1587 2662 1654 2686 vo-

186 2709 296 2744 calem
320 2711 354 2742 in
379 2707 574 2753 Τὲγυρήιος
598 2707 718 2751 Stepli.
745 2717 834 2750 quae
860 2706 1061 2750 producitur
1084 2708 1118 2740 in
1144 2708 1295 2750 Τὲγυρα.
