1747 3005
244 149 311 190 DE
342 147 466 191 NOM.
497 148 715 198 QUORUM
745 148 893 191 CHAR.
924 148 1024 191 EST
1051 149 1302 193 LABIALIS.
1334 151 1376 193 C.
1395 152 1458 194 III.
1499 154 1590 197 299

122 254 257 311 βήκηᾶι
285 254 449 310 Κυβέλη
480 257 647 309 Cybelle
676 271 711 299 v.
742 259 912 310 Interpr.
944 257 994 299 ad
1022 258 1172 300 Lucan.
1202 260 1229 300 I.
1255 259 1345 301 600.
1378 260 1428 301 ad
1456 264 1594 313 graeci

125 323 327 364 sermonis
358 334 539 363 normam
571 325 732 375 exigere
757 334 840 363 non
862 324 1017 364 attinet.
1047 324 1202 364 Labiali
1223 324 1420 366 interdum
1447 338 1492 367 se
1516 339 1593 380 ap-

99 387 249 439 ,plicat
287 386 447 427 labialis
483 389 652 441 χηραμίς
687 385 892 441 χηράμβη,
944 388 1008 428 vel
1049 388 1222 429 dentalis
1261 387 1472 444 μόλιβδος,
1514 407 1594 444 χα-

122 448 336 504 λυβδικός,
375 449 567 505 χάρυβὸις
604 455 627 494 i.
658 466 693 506 q.
724 453 885 507 φάραγξ
914 464 1068 505 vorago
1099 454 1192 494 Eur.
1225 456 1364 507 Suppl.
1395 456 1486 497 500.
1527 459 1592 499 vel

122 516 274 569 liquida
298 512 515 571 Ἀκραιφία
540 514 823 572 Ἀκοαίφνιου,
866 530 1094 571 quanquam
1125 519 1243 570 liujus
1275 522 1449 561 nominis
1479 526 1593 563 stru-

123 588 238 624 ctura
268 595 350 623 non
381 585 532 625 certius
564 586 728 635 cognita
757 589 820 625 est
851 596 969 636 quain
991 583 1179 635 adjectivi
1207 580 1448 638 ἀκραίφνης.
1489 587 1591 628 Prae

123 650 272 689 ceteris
302 649 402 689 liaeo
424 650 539 689 litera
561 650 730 690 inservit
758 649 893 689 verbis
920 649 1135 689 labialibus
1156 650 1196 690 in
1216 651 1380 690 nomina
1402 651 1594 692 derivan-

124 713 210 766 dis,
258 714 404 766 στίλβω
435 713 623 762 στιλπνός
651 712 782 766 τέρπω
811 710 999 766 τερπνός,
1039 726 1115 755 neo
1152 716 1316 755 inultum
1349 716 1466 756 abest
1497 718 1593 769 quin

120 776 332 832 θεράπνη,
372 779 481 831 quod
521 780 778 821 Graminatioi
809 791 858 820 ex
886 777 1119 831 θεράπαινα
1151 785 1406 822 contractum
1435 786 1590 837 putant,

123 856 146 884 a
175 841 313 896 θέραψ
343 844 586 884 declinatum
617 845 746 885 dioam
778 849 893 897 cujus
925 846 1113 886 feminina
1137 847 1288 898 positio
1310 843 1470 900 θεράπη
1498 849 1592 900 fingi

121 914 261 962 potest
298 914 341 949 ut
371 906 525 961 Μέροψ
559 908 747 963 Μερόπη.
805 914 865 951 Ae
905 912 1033 951 simile
1071 908 1212 964 ἐρίπυη
1249 913 1328 964 ipsi
1358 923 1440 953 non
1471 912 1591 953 dubi-

123 979 209 1015 tant
239 975 289 1015 ab
319 972 461 1024 ἐρείπω
492 979 691 1026 repetere.
742 977 821 1017 Sed
852 973 1048 1030 ἀγρείφνη
1078 978 1267 1028 ignorant
1296 974 1450 1031 ἀγρίφη
1480 979 1591 1019 scri-

121 1040 280 1080 bentes.
321 1041 486 1080 Vocalis
519 1041 775 1082 extrinsecus
806 1042 965 1082 additae
987 1042 1213 1093 exemplum
1235 1048 1387 1082 eertum
1408 1043 1479 1083 sed
1498 1044 1591 1083 uni-

122 1116 211 1146 oum
242 1106 432 1157 suppedit
463 1101 691 1158 ἆογύφεος,
732 1107 839 1158 quod
881 1112 1049 1158 propter
1088 1117 1298 1146 consonae
1328 1108 1592 1148 mutationem

122 1182 210 1211 cum
229 1168 430 1224 ξυλήφιον
454 1176 491 1211 et
519 1169 711 1223 ξυλήριον
736 1173 912 1212 conferri
938 1176 1094 1224 posset,
1125 1172 1203 1211 nisi
1224 1177 1435 1223 utrumque
1458 1172 1591 1213 mendi

121 1237 301 1287 speciem
332 1236 573 1288 praeberet3
615 1248 706 1276 nam
738 1237 777 1275 in
805 1236 890 1276 EM.
929 1232 1141 1287 ξυλήφιον·
1172 1233 1444 1289 δοκιμώτεροι)
1474 1234 1516 1276 a}
1543 1234 1590 1278 τὸ

119 1297 311 1353 ξυλήριον
339 1299 408 1341 καὶ
438 1298 640 1352 ξυλάριον,
670 1312 743 1352 pro
776 1302 904 1352 primo
930 1298 1132 1352 ξυλάφιον
1158 1302 1351 1341 substitui
1372 1301 1420 1342 ad
1442 1302 1587 1353 Phryn.

119 1376 157 1418 p.
189 1366 252 1407 78.
293 1377 367 1417 pro
408 1367 588 1406 secundo
621 1366 845 1406 Meineliius
876 1366 916 1406 in
944 1366 1126 1406 Alexidis
1166 1379 1288 1407 versu
1318 1368 1378 1408 Fr.
1410 1368 1495 1408 Vol.
1526 1369 1589 1410 111.

119 1431 211 1471 424.
251 1429 491 1484 ξυλύδριον,
531 1431 639 1484 quod
680 1442 826 1472 vereor
863 1442 913 1471 ne
946 1432 996 1471 ob
1028 1431 1255 1482 epalleliam
1285 1432 1394 1472 illam
1424 1433 1591 1484 probari

117 1507 200 1536 non
239 1498 397 1548 possit3
451 1502 562 1538 certe
600 1498 704 1537 enim
743 1509 766 1537 a
809 1494 1071 1548 Ποιάμυλλος
1112 1508 1195 1536 non
1229 1495 1591 1551 Πριαμυλλύδριου

121 1560 343 1602 derivatum
381 1562 563 1603 videmus
603 1562 676 1602 sed
714 1567 868 1604 mutata
905 1562 1039 1602 vocali
1073 1559 1440 1614 Πριαμιλλύδριου,
1481 1563 1590 1615 quod

121 1628 182 1665 ter
221 1627 277 1666 ita
307 1628 503 1678 seriptum
535 1631 598 1667 est
627 1628 668 1666 in
696 1627 848 1667 Aneod.
878 1627 1001 1667 Bekk.
1035 1627 1150 1667 1413.
1182 1628 1219 1667 b.
1263 1628 1393 1668 Cram.
1423 1628 1468 1668 ΙΙ.
1499 1628 1589 1669 126.

120 1695 160 1731 et
189 1691 252 1730 IV.
284 1691 374 1732 254.
411 1703 487 1731 neo
518 1696 615 1743 puto
645 1689 881 1742 μυθύδριον
917 1691 982 1731 vel
1019 1692 1150 1731 simile
1189 1692 1282 1743 quid
1320 1693 1453 1732 fictum
1494 1704 1590 1733 esse

120 1755 214 1809 sed,
253 1757 287 1796 si
318 1757 451 1796 nullus
483 1757 614 1796 exitus
646 1760 817 1809 pateret,
846 1754 1066 1808 ξυλήφιον,
1106 1756 1215 1807 quod
1246 1758 1412 1808 saepius
1443 1758 1589 1809 legitur

119 1820 260 1871 Polyb.
293 1821 336 1862 V.
367 1822 430 1863 35.
470 1826 509 1862 et
539 1821 604 1862 36.
645 1826 685 1862 et
722 1822 763 1861 in
801 1821 890 1862 cod.
928 1820 1046 1862 Diod.
1085 1821 1147 1861 IV.
1189 1822 1253 1863 76.
1294 1822 1362 1862 ubi
1400 1822 1590 1876 ξυλίφιον

120 1886 335 1926 suecessit.

119 2069 299 2113 γλίσχρος,
325 2069 442 2104 labiali
467 2070 595 2113 λίσᾳος
621 2069 837 2113 (ι’-πόλιστχος
861 2069 1052 2115 ὀλισθηρός
1076 2071 1176 2114 Hes.)
1203 2070 1345 2115 ὄλιβρός
1380 2072 1472 2116 quod
1497 2072 1591 2108 idem

121 2124 312 2169 ὀλισθηρός
335 2126 428 2161 λεῖος
453 2127 708 2169 interpretatur,
738 2126 948 2169 latinumque
975 2126 1131 2159 lubricus.

208 2181 244 2223 4)
272 2180 441 2223 Bergkius
467 2183 500 2214 in
526 2181 714 2216 Corninent.
749 2181 791 2216 de
825 2181 920 2214 (10111.
957 2192 988 2224 p.
1017 2182 1070 2216 92.
1098 2180 1261 2223 Κινβιῖβη,
1298 2183 1418 2225 inquit,
1453 2183 1590 2216 omnino

121 2243 181 2277 pro
206 2234 349 2277 Κυρήκη
376 2237 595 2272 scribendum
621 2240 685 2272 est.
733 2236 878 2271 Scilicet
903 2235 945 2270 ob
972 2236 1055 2270 nihil
1082 2236 1174 2271 aliud
1202 2246 1301 2280 quain
1332 2238 1412 2280 quia
1431 2236 1498 2271 hoe
1530 2246 1590 2271 ra-

121 2291 191 2322 rius
218 2289 354 2331 legitur.
