1747 3005
378 144 687 191 ADDENDA
728 144 804 188 ΕΤ
846 143 1272 188 CORRIGENDA.
1477 150 1559 193 521

191 256 234 299 P.
264 255 357 299 308.
387 257 563 299 Nomina
591 256 633 298 in
651 270 751 304 ακος
780 256 948 310 propria
976 255 1176 309 permixte
1211 255 1373 301 exhibet
1407 259 1560 302 Keilius

83 321 216 364 Anall.
245 322 309 364 63.

192 387 235 428 Ρ.
264 387 356 429 300.
384 388 408 429 l.
442 388 505 429 20.
531 399 605 440 pro
638 385 868 434 Κολλιακός
896 397 976 428 scr.
1006 385 1251 436 Καλλιακός.

191 452 235 494 Ρ.
264 453 355 495 310.
387 454 477 497 adn.
507 455 543 495 4.
573 453 597 496 l.
628 455 665 496 4.
696 465 770 507 pro
803 453 1009 506 hodieque
1051 465 1130 495 sor.
1162 454 1286 496 lcoclc‘e
1321 468 1486 511 quoque
1517 462 1558 500 et

83 520 108 562 l.
137 518 175 562 4.
206 519 256 560 ab
287 520 356 560 ult.
387 516 410 559 ὅ
443 531 515 571 pro
547 511 591 574 ᾧ.

192 585 234 626 Ρ.
264 586 356 626 312.
388 585 410 626 l.
442 586 506 626 23.
539 584 641 625 ”tdde
676 581 925 637 Θρύπτακον
953 581 1113 637 κλάσμα
1131 582 1260 638 ἄρτου
1281 588 1439 643 Κρῆτες
1461 589 1558 633 Hes.

192 649 235 691 P.
265 650 357 691 313.
389 650 412 691 l.
445 650 507 691 15.
541 662 614 702 pro
649 652 798 692 vicinio
828 662 907 692 ser.
936 652 1104 691 vicinia.

191 715 236 756 P.
268 715 359 756 315.
394 716 417 756 l.
452 716 485 756 1.
529 727 602 767 pro
643 713 846 768 μαιμακός
885 713 1092 770 ὃύςμαχον
1122 729 1200 760 Sor.
1229 721 1438 773 μαίμακον
1465 720 1558 771 δυ’ς-

82 796 227 835 μοιχον.
284 781 343 822 De
383 786 556 822 accentu
595 782 740 822 falsum
771 781 874 833 dixi3
912 793 988 823 neo
1028 787 1161 825 tamen
1198 788 1421 836 syntheton
1460 800 1556 832 esse

83 852 182 901 puto
214 847 265 888 ab
296 847 365 887 illo
396 848 531 888 indico
564 848 658 888 Μαί
686 843 788 899 μέγα
818 847 926 899 quod
955 848 996 888 in
1028 849 1146 890 Thes.
1179 855 1410 904 apponitur.

193 914 236 955 P.
267 913 358 955 316.
389 913 492 954 med.
525 910 572 954 τὸ
609 910 800 966 Τριάκων
829 914 981 969 γειτνιᾷ
1009 915 1066 970 τῷ
1086 911 1251 973 ἀριθμῷ
1274 918 1556 969 Choerobosc,

82 980 187 1021 Diot.
217 979 281 1021 78,
314 980 430 1020 Δίων
466 978 731 1027 Τανακώνιος
769 980 791 1020 i.
831 990 868 1032 q.
915 982 1207 1036 Τανακωνίδης
1243 984 1368 1027 Insor.
1406 988 1553 1033 Boeot,

85 1045 204 1088 1574.
230 1046 306 1085 τοῦ
337 1042 536 1085 Λιωνάκα
564 1046 690 1086 Illscr.
721 1045 863 1096 Delph.
896 1045 1011 1086 1691.
1041 1046 1212 1088 Photius
1256 1051 1458 1106 Πολίοχος
1487 1054 1558 1098 καὶ

86 1108 320 1165 Πολυάκης,
353 1123 426 1164 pro
459 1123 538 1164 quo
570 1113 722 1152 Keilius
754 1124 790 1163 p.
822 1112 885 1153 90.
920 1112 1076 1153 dubitat
1107 1125 1157 1154 an
1183 1114 1429 1172 Πολυάρκης
1447 1123 1558 1163 scri..

82 1176 259 1218 bendum
300 1178 362 1218 sit.
430 1178 604 1218 Nomina
640 1173 786 1217 Ἰάσων
823 1177 892 1217 καὶ
925 1176 1148 1233 Πολυάκης
1177 1181 1304 1224 Isoer.
1332 1184 1463 1238 Epist.
1493 1188 1557 1231 VI

84 1243 175 1283 sine
206 1242 328 1283 dubio
361 1255 383 1284 a
413 1244 551 1284 verbis
582 1243 767 1284 medendi
799 1243 920 1284 dueta
950 1249 1057 1285 sunt.

193 1308 236 1349 Ρ
267 1308 414 1350 317.1.
447 1318 483 1350 4.
524 1309 780 1349 Herodianus
822 1308 951 1349 Cram.
988 1310 1051 1350 ΙΙΙ.
1092 1309 1183 1353 241.
1224 1308 1348 1353 οὐδὲν
1386 1316 1441 1364 εἰς
1469 1320 1559 1371 βων

83 1370 191 1428 πλην
211 1375 287 1414 τοῦ
310 1375 553 1427 Χαρναβων,
567 1374 590 1398 ¹*
624 1372 747 1414 οὐδὲν
782 1374 836 1421 εἰς
865 1377 959 1413 θων
994 1371 1100 1427 πλὴν
1129 1377 1206 1416 τοῦ
1235 1378 1317 1418 Ae
1298 1381 1449 1427 ιθῶν·
1489 1383 1559 1425 καὶ

83 1437 162 1494 γὰρ
191 1437 238 1481 τὸ
272 1440 488 1481 Ποσειδῶν
518 1436 577 1480 ἀεὶ
607 1437 710 1492 λέγει
739 1436 761 1481 ὁ
788 1436 959 1493 ποιητὴς
991 1439 1234 1482 Ποσειδάων
1263 1449 1337 1486 etc.
1378 1447 1446 1489 ubi
1481 1461 1560 1492 ne-

85 1518 206 1549 cesse
237 1511 301 1548 est
331 1506 481 1559 aliquid
513 1506 730 1547 excidisse.
787 1505 979 1555 Λεξιθῶν
1003 1519 1054 1548 ex
1072 1506 1289 1557 Λεξιθόων
1309 1518 1562 1559 contractum

82 1574 243 1615 videtur
274 1578 324 1614 ·ut
347 1570 569 1614 Ιπποθώυ.
636 1573 766 1613 Aliter
804 1584 901 1613 vero
940 1575 1212 1625 compositum
1252 1582 1315 1617 est
1351 1579 1562 1633 Δεξικρῶν

85 1640 173 1681 sive
213 1636 442 1691 Δεξικρέων
481 1640 504 1679 i.
537 1650 573 1690 q.
615 1635 862 1691 Δεξικράτης
901 1642 943 1678 ut
977 1635 1237 1692 Ἑρμοκρέων
1269 1638 1560 1702 Ἑρμοκρατης,

88 1702 318 1757 Παγκρέων
361 1700 626 1757 Παγκράτης,
668 1704 867 1756 alilelque
890 1700 1129 1757 Πρακλέων
1159 1708 1247 1748 sive
1271 1704 1489 1761 Ηρακλῶν
1517 1720 1562 1757 ut

78 1767 304 1824 εΗρακλέης
335 1777 373 1811 et
396 1767 615 1823 ἹῘρακλης,
641 1766 906 1824 Ἀνὸοοκλέης
931 1766 1197 1825 Ἀνδροκλῆς.
1256 1774 1300 1814 In
1337 1776 1560 1824 Herodiani

84 1838 180 1878 loeo
221 1838 416 1878 Lehrsius
456 1838 497 1877 in
534 1838 636 1878 Mus.
676 1838 799 1878 Rhen.
841 1837 943 1878 Nov.
982 1837 1102 1889 hujus
1142 1840 1235 1879 anni
1266 1851 1304 1892 p.
1334 1841 1426 1885 349.
1467 1852 1561 1889 ante

77 1901 331 1957 ἹΙρακλέους
367 1903 706 1956 interponendum
750 1914 845 1943 esse
881 1904 1116 1954 suspicatur
1143 1900 1356 1960 Ἡρακών,
1397 1909 1447 1952 de
1477 1924 1558 1966 quo

85 1972 311 2012 novissime
343 1970 439 2010 dixit
469 1970 621 2010 Keilius
652 1970 692 2009 in
722 1969 853 2009 Anall.
884 1980 920 2020 p.
952 1969 1044 2011 231.

195 2037 237 2077 Ρ.
270 2036 363 2077 319.
394 2036 417 2077 1,
449 2036 485 2076 6.
520 2037 795 2076 metacismus
823 2046 901 2076 sor.
931 2046 1005 2087 pro
1039 2038 1329 2082 motascimus.

188 2102 231 2143 P.
262 2102 353 2142 324.
384 2101 486 2142 med.
518 2112 591 2153 pro
624 2097 801 2154 Λάβικοι
839 2112 918 2142 scr.
958 2103 1141 2155 Λαβικοί.
1212 2105 1272 2146 De
1307 2105 1495 2165 Ἀρδίκης
1523 2124 1560 2155 v,

84 2169 185 2211 Keil.
214 2168 345 2208 Anall.
375 2167 466 2208 223.

197 2234 239 2275 P.
272 2233 363 2274 326.
394 2232 495 2274 med.
526 2232 765 2273 Vettonioae
796 2232 946 2273 herbae
985 2245 1008 2274 a
1038 2234 1288 2278 vectonibus
1319 2239 1562 2286 denomina-

88 2306 153 2343 tae
183 2311 330 2341 nomen
360 2299 603 2349 barytonum
636 2304 699 2339 est
729 2299 914 2351 βετονίκη
954 2300 1060 2351 apud
1092 2301 1229 2342 Galen.
1262 2305 1449 2349 Dioscor.
1481 2314 1558 2353 ete.

198 2367 240 2407 P.
273 2365 364 2406 328.
396 2365 419 2405 l.
453 2365 513 2424 10.
542 2361 778 2416 ἐμπειρικῶς
808 2367 1080 2406 Antiattioista
1110 2368 1234 2408 Bekk.
1267 2369 1330 2413 95.
1371 2385 1421 2414 ex
1457 2376 1562 2418 Ale..

88 2433 181 2476 xide
213 2431 404 2483 enotavit,
436 2443 566 2483 neque
597 2432 721 2472 multo
755 2432 966 2483 probatius
997 2433 1155 2474 videtur
1186 2435 1441 2487 adjectivum.

199 2499 241 2540 P.
264 2498 355 2539 334.
377 2497 400 2537 l.
423 2497 459 2538 8.
478 2497 528 2538 ab
549 2497 617 2540 ult.
637 2510 712 2551 pro
724 2495 904 2551 πύσειχος
926 2497 1236 2554 εοῑπύσσαχος.
1266 2502 1561 2563 ΡΓοἝρμαχος

179 2642 218 2685 2⁵)
255 2643 351 2679 Idem
383 2641 544 2676 scribilur
575 2641 769 2689 Καριίἕβας
803 2646 838 2678 et
872 2643 1039 2681 mendose
1086 2644 1277 2691 Κτῖρκειβος
1308 2657 1340 2683 v,
1387 2649 1558 2697 Aglaoph,

90 2700 167 2737 215*
197 2699 272 2734 adn.
