1747 3005
261 153 329 195 oF„
361 154 488 197 NOM.
520 153 655 196 PmM.
685 153 890 196 DECLIN.
917 154 971 196 IN
990 144 1039 203 ok}
1076 155 1265 198 PURUM.
1297 161 1336 206 ς.
1366 158 1404 200 5.
1486 158 1581 204 499

98 263 349 306 Chelidoniis
381 264 528 304 insulis
558 267 603 305 ut.
627 259 851 315 Ὀλύμπιος
880 260 1028 317 ἄνεμος
1057 261 1080 306 ὅ
1110 261 1192 306 ἀπὸ
1211 261 1425 319 Ὀλύμπου
1442 265 1581 310 πνέων

95 330 191 371 Hes.
223 341 297 381 pro
325 325 549 381 Ὀλυμπίας
579 333 618 369 et
648 329 688 369 οἱ
715 327 869 383 ἐτήσιοι
897 327 1038 383 βορέαι
1066 332 1239 372 Aristot.
1272 333 1409 374 Probi.
1440 334 1577 378 XXVI.

95 406 131 437 ο.
158 395 197 436 2.
229 395 454 446 eodemque
486 396 569 435 sore
600 395 694 435 loco
727 394 767 435 οἱ
795 393 970 449 ἐτησίαι,
1002 407 1134 448 nequo
1165 409 1249 438 non
1279 398 1448 440 credero
1478 400 1576 441 licet

92 461 313 513 genitivum
351 461 462 501 ilium
505 471 554 500 eo
586 466 757 502 accentu
796 466 980 502 notatum
1022 474 1117 503 esso
1149 475 1230 515 quo
1261 464 1438 505 nominis
1470 476 1576 506 oon-

92 527 183 568 finis
213 526 253 566 οἱ
281 523 436 578 ἐτησίαι
465 537 588 566 casus
620 526 826 568 secundus
858 540 893 569 v.
923 528 1070 570 Parall.
1102 528 1194 570 269.
1247 529 1326 569 Pro
1358 525 1470 579 οἶνος
1487 530 1575 571 δευ-

89 589 220 644 τέρως
249 593 289 632 in
319 591 565 643 Nioophont.
598 592 658 632 Fr.
690 603 727 644 p.
757 593 849 634 852.
883 594 924 635 T.
955 594 1000 634 ΙΙ.
1024 596 1117 645 jure
1158 594 1315 635 dubitat
1344 595 1572 638 Meinekius

90 669 143 699 an
172 656 376 708 δευτερίας
408 656 667 697 scribendum
697 659 799 697 sit2²
830 659 937 700 sicut
975 659 1055 700 alia
1092 660 1277 700 vinorum
1309 671 1462 712 genera
1491 673 1572 703 vo-

90 724 175 764 cari
214 723 372 775 solent,
403 717 706 773 ἀνθοσμίας,23
732 725 922 776 τροπίας,
951 725 1125 779 κωνίας,
1155 726 1343 778 τρυγίας,
1384 728 1571 782 καπνίας,

94 788 169 831 sed
207 788 381 840 σαπρίας
418 788 460 828 in
498 788 559 828 Fr.
600 789 806 842 Hermipp.
842 792 884 833 T.
914 792 959 832 II.
989 791 1081 833 411.
1120 791 1224 832 ide'm
1264 792 1569 845 fictuniputat3

89 855 213 896 attice
245 852 405 906 σαπρὸς,
431 849 545 901 οἶνος
572 858 745 895 vocatur
774 856 909 897 vinum
939 860 1157 910 vetustum,
1186 857 1311 899 latine
1348 859 1570 901 marcidum

87 932 126 962 V.
154 920 364 962 Ruhnken.
398 919 448 960 ad
480 920 599 960 Rutil.
639 932 677 972 p.
711 921 800 963 102.
841 922 914 962 sed
952 917 1065 970 οἶνος
1105 923 1275 971 σακκίοις
1311 923 1380 965 καὶ
1418 922 1570 973 σακτός

86 986 187 1028 Poll.
219 987 262 1027 V.
296 986 358 1027 19.
392 987 481 1026 sino
512 986 635 1026 dubio
666 989 900 1038 promiscuo
931 988 1090 1041 dicitur,
1122 990 1200 1029 etsi
1229 989 1326 1030 iilud
1358 992 1568 1043 proprium

84 1051 249 1104 generis
280 1062 429 1092 nomen
459 1055 533 1104 est,
564 1052 644 1092 hoo
674 1054 967 1094 attributionis.
1025 1054 1112 1094 Huo
1142 1055 1301 1095 accedit
1335 1057 1480 1097 crebra
1510 1057 1565 1097 li-

83 1117 250 1158 brorum
294 1117 500 1158 dissensio
542 1128 631 1158 cum
672 1118 714 1159 in
750 1119 820 1159 illo
859 1121 1023 1161 nomino
1060 1119 1100 1160 οἱ
1141 1117 1291 1172 ἐτήσιοι
1335 1126 1374 1162 et
1413 1119 1568 1176 ἐτησίαι

83 1184 256 1225 Aristot.
286 1183 311 1223 l.
347 1195 380 1224 o.
407 1194 494 1236 cap.
528 1183 590 1225 12.
631 1187 712 1224 tuin
742 1185 784 1225 in
813 1185 917 1226 aliis.
977 1186 1020 1226 In
1050 1186 1238 1226 Bianoris
1270 1187 1564 1238 epigrammate

82 1249 200 1290 Antii.
241 1248 288 1290 X.
330 1248 419 1290 101.
456 1246 532 1290 τὸν
568 1245 832 1290 ὑπουθάτιον
865 1248 1022 1303 μόσχον
1060 1249 1147 1302 ἄγει
1186 1248 1358 1303 δάμαλις
1401 1254 1442 1293 in
1479 1254 1564 1296 Pal.

83 1314 280 1366 scriptum
312 1317 376 1354 est
402 1311 695 1365 ὑπουθατίαν,
737 1315 846 1367 quod
883 1317 1154 1356 Buttmannus
1186 1318 1225 1356 in
1254 1318 1380 1359 Lexil.
1410 1319 1438 1360 Ι.
1471 1319 1563 1361 221.

82 1380 358 1433 recipiendum
387 1381 515 1422 fuisse
541 1380 709 1434 judicat,
741 1392 832 1421 nam
871 1381 1056 1422 similitor
1096 1382 1310 1423 terminata
1352 1395 1447 1424 esso
1484 1400 1565 1437 μο-

81 1446 183 1500 νίας,
213 1446 509 1500 φρονηματίας,
540 1446 737 1499 κερατίας.
796 1446 937 1487 Differt
970 1451 1115 1500 tamen,
1147 1448 1258 1499 quod
1287 1449 1430 1490 horum
1466 1451 1562 1491 nul-

81 1512 162 1554 lum
203 1524 292 1554 cum
333 1513 537 1565 adjectivo
575 1513 618 1553 in
657 1504 724 1560 Io}
762 1516 936 1553 exeunte
974 1514 1213 1553 commutari
1258 1518 1420 1567 potest3
1469 1527 1563 1557 nam

79 1574 223 1631 μόνιος
248 1581 333 1630 jam
358 1581 494 1630 jacet3
526 1590 658 1631 nequo
691 1579 854 1619 omniuo
894 1579 982 1619 scio
1023 1589 1074 1618 an
1114 1579 1342 1632 exemplum
1385 1591 1560 1632 prorsus

81 1645 235 1697 simile,
265 1641 510 1697 ἐφυδατίας,
540 1640 769 1690 ὑπουατίας
804 1648 873 1684 aut
913 1644 1115 1695 ejusmodi
1146 1645 1353 1697 quippiam
1386 1648 1559 1698 reperiri

79 1722 163 1752 non
195 1711 342 1762 possit.
401 1709 483 1751 Sed
513 1710 547 1749 si
578 1710 643 1750 vel
673 1710 751 1751 hoo
782 1720 1029 1750 conoessum
1060 1711 1200 1763 suerit,
1238 1712 1279 1751 in
1316 1722 1396 1762 quo
1439 1713 1561 1764 equi-

80 1777 171 1818 dem
204 1776 342 1816 tricari
372 1776 484 1828 nolo,
515 1775 564 1815 de
596 1776 891 1826 significatione
922 1776 1197 1827 quaerendum
1229 1777 1317 1829 erit,
1348 1782 1436 1817 utra
1466 1777 1560 1819 huic

78 1842 173 1883 loco
206 1843 260 1884 sit
288 1842 433 1895 aptior,
465 1841 725 1882 substantiva
755 1852 807 1880 an
837 1840 1048 1891 adjectiva.
1106 1843 1201 1882 Mihi
1233 1842 1393 1894 quidem
1430 1838 1560 1884 ὑπου-

78 1904 230 1948 θάτιον
258 1908 426 1959 proprie
457 1907 619 1960 (lictum,
652 1908 822 1948 altorum
854 1908 1018 1958 poetica
1050 1909 1295 1948 auctoritate
1319 1914 1558 1950 excusatum

78 1973 249 2015 videtur.
316 1973 425 2014 Idem
464 1984 638 2024 namque
675 1974 825 2014 Bianor
861 1971 921 2013 lX.
963 1973 1054 2014 548.
1095 1974 1250 2025 κοῦρον
1299 1969 1559 2028 ἀποπλανίην

76 2036 286 2092 ἐπιμάζιον
326 2044 363 2079 et
400 2039 612 2091 Philippus
652 2050 690 2079 n.
723 2038 814 2079 240.
845 2034 965 2090 βαιὸν
1007 2033 1266 2092 ἀποπλανίην
1303 2038 1559 2092 λιπομήτορα

78 2105 265 2147 dixerunt
304 2115 387 2144 non
431 2116 618 2145 erronem
658 2105 745 2145 sive
785 2104 1002 2144 erraticum
1042 2104 1116 2144 sed
1157 2116 1245 2145 eum
1289 2105 1357 2156 qui
1397 2105 1503 2145 forte
1533 2117 1558 2146 a

77 2176 202 2212 matre
242 2170 524 2224 aberraverat,
561 2166 636 2210 τὸν
674 2167 764 2210 τότε
794 2164 1163 2220 ἄποπλανηθὲντα,
1197 2170 1264 2221 qui
1295 2170 1425 2221 magis
1452 2182 1556 2222 pro-

78 2237 165 2290 prio
195 2231 434 2286 ἀπόπλανος
472 2237 559 2278 sive
592 2232 846 2283 ἀποπλάνιος
886 2234 1053 2288 dicitur,
1093 2238 1319 2286 contraque
1359 2235 1447 2287 βίος
1482 2249 1557 2276 πε-

76 2299 288 2357 ριπλάνιος
326 2303 407 2344 VII.
438 2302 529 2344 736.
559 2303 690 2343 minus
722 2301 995 2353 significanter
1035 2312 1153 2352 quani
1190 2300 1454 2351 περιπλανίας
1491 2301 1556 2342 vol

76 2366 285 2421 πλανήτης
326 2372 370 2408 ut
413 2369 502 2421 βίος
550 2364 699 2422 ἀλήτης
742 2366 892 2408 Herod.
940 2366 1003 2406 III.
1043 2366 1107 2406 52.
1149 2365 1340 2407 Themist.
1380 2366 1554 2408 XXXIII.

77 2434 169 2476 349.
214 2435 259 2475 D.
302 2434 391 2487 βίος
437 2432 592 2488 πλάνης
640 2432 705 2474 καὶ
751 2428 1001 2486 μετανάστης
1049 2430 1198 2472 Strabo
1239 2431 1356 2473 XVII.
1403 2431 1555 2475 8332*

165 2594 226 2635 22)
253 2593 337 2628 Vina
366 2593 524 2630 deuteria
548 2594 633 2628 Ptin.
659 2604 721 2638 pro
746 2593 933 2637 δευτερεῖα
959 2588 1201 2633 accipiendum
1227 2589 1375 2625 videtur.

165 2649 226 2691 23)
251 2649 471 2691 Ἀνθοσμίας
493 2647 628 2692 λειμών
651 2649 822 2693 improbat
844 2648 986 2682 Lucian.
1012 2645 1202 2689 Lexiphan.
1230 2645 1261 2686 §.
1288 2646 1321 2682 2.

155 2699 225 2746 24)
251 2706 334 2741 Βίος
360 2706 619 2748 φρυαγμαιίας
642 2704 730 2740 Plut.
757 2704 881 2739 Anton.
908 2712 937 2737 c.
965 2702 1009 2738 ΙΙ.
1033 2699 1228 2747 ἠπειρώτης
1246 2701 1382 2737 Aelian.
1405 2699 1446 2736 H.
1464 2699 1551 2734 Ann.

1182 2755 1273 2798 32*
