1699 3021
294 183 361 225 DE
393 181 513 224 MUT.
546 181 752 223 TERMIN.
784 180 982 223 CAUSIS.
1033 180 1074 223 C.
1097 181 1142 223 11.
1182 185 1220 229 δ.
1244 180 1306 224 12.
1472 179 1534 222 47

61 292 164 334 culis
203 296 243 333 et
283 293 441 334 seminis
473 291 565 333 dixi.
625 292 765 345 Itaque
797 291 1027 334 terminatio
1058 280 1095 338 ις
1122 290 1216 345 illis,
1252 290 1401 342 quibus
1431 302 1534 343 pro-

61 359 148 410 prie
178 369 303 398 sexus
335 357 584 412 declaratur,
615 358 874 410 aequiparari
903 367 987 396 uon
1017 359 1178 408 potest,
1218 357 1370 408 quippe
1398 356 1534 396 infini-

61 425 142 464 tior
176 424 302 464 multo
348 435 571 475 omnesque
611 425 694 464 sere
733 423 1027 475 adjectivorum
1065 421 1385 473 significationes
1416 432 1533 461 com—

62 489 202 542 plexa,
250 485 443 541 ἀμαζονὶς
480 488 604 544 στήλη
642 489 743 530 Plat.
781 488 952 529 Axioch.
990 488 1074 528 init.
1111 484 1352 539 κιθαιρωνὶς
1386 483 1533 539 ἐσβολή

60 554 208 595 Herod.
240 554 303 596 IX.
333 556 397 598 39.
436 557 634 610 βακτηρία
661 555 798 608 περσίς
833 554 933 594 ΡΟΙΙ.
962 552 1009 593 X.
1042 552 1130 593 173.
1161 552 1331 600 σινωπίς
1358 553 1534 604 rubrica,

60 618 183 671 δωρίς
205 621 377 674 securis,
410 622 686 674 librorumque
715 620 881 660 nomina
912 619 1129 672 Γηρυονίς,
1163 618 1354 671 Φορωνίς
1387 623 1426 659 et
1454 618 1534 658 alia

60 685 371 726 innumerabilia
402 688 522 739 inque
553 688 615 728 his
647 688 767 727 etiam
808 683 963 737 βασιλὶς
999 682 1129 738 βουλή
1160 685 1352 725 Themist.
1392 683 1458 725 Or.
1487 683 1534 724 II.

60 749 125 791 29.
153 751 194 792 C.
231 747 342 804 πύλη
382 752 495 794 Diod.
525 753 606 794 XV.
638 753 700 794 74.
739 749 849 792 ἑστία
887 756 927 791 et
963 747 1062 804 εὐνή
1102 751 1239 802 Eurip.
1271 755 1347 791 etc.
1386 749 1533 801 quibus

61 815 165 855 locis
197 816 377 867 epitheta
408 818 602 858 substitui
632 822 809 870 possunt
845 814 1138 870 βασιλεύουσα,
1171 815 1392 869 βασίλειος,
1421 815 1535 867 βασι-

60 877 166 934 λική,
196 881 270 921 sed
299 883 410 923 nullo
442 883 562 924 modo
595 885 750 924 formae
781 894 906 923 sexus
937 883 1129 934 propriae
1158 882 1392 935 βασίλιννα,
1423 879 1535 933 βασί-

60 948 156 987 λεια.
215 946 339 998 quue
375 949 516 988 nescio
549 960 599 988 au
631 949 807 989 Thomas
846 948 1047 1000 significet
1075 948 1137 988 his
1166 948 1304 989 verbis
1344 948 1535 987 Βασίλεια

61 1009 166 1066 γυνή
194 1010 263 1052 καὶ
290 1012 465 1065 βασιλίς·
509 1014 666 1065 βασιλίς
694 1011 831 1066 μέντοι
859 1011 931 1054 καὶ
960 1013 1159 1066 βασίλειος
1186 1010 1303 1061 πόλις
1327 1011 1397 1054 καὶ
1426 1012 1535 1054 οἰκία

62 1076 132 1119 καὶ
158 1078 286 1125 ναῦς·
336 1073 388 1119 οὐ
415 1075 499 1131 μὴν
528 1077 597 1119 καὶ
625 1079 825 1132 βασίλεια·
873 1079 1074 1132 βασίλειος
1106 1074 1146 1119 δ’
1167 1071 1223 1118 αὖ
1251 1076 1383 1130 μόνον
1411 1077 1534 1131 δημη-

62 1143 181 1197 γορία
211 1141 278 1184 καὶ
307 1141 507 1197 ἐπιστολή,
539 1146 607 1197 qui
638 1146 673 1185 si
702 1141 754 1186 οὐ
780 1142 863 1199 μὴν
891 1142 959 1185 καὶ
981 1144 1182 1197 βασιλεία,
1213 1148 1256 1184 ut
1284 1143 1533 1184 Bitschelius

64 1210 311 1262 suspicatur,
342 1211 596 1264 scripsisset,
625 1222 757 1263 neque
786 1223 925 1252 verum
956 1210 1141 1263 dixisset,
1170 1220 1262 1249 nam
1292 1208 1536 1261 adjectivum

62 1275 244 1328 βασιλεία
282 1275 468 1316 crebrum
501 1281 587 1329 est,
627 1287 758 1329 neque
790 1282 927 1329 aptum
959 1276 1154 1328 opposito
1181 1275 1382 1328 βασίλειος
1409 1270 1447 1314 δ’
1481 1267 1537 1314 αὖ

61 1338 213 1394 μόνον,
253 1341 362 1393 quod
399 1342 469 1382 illo
511 1342 648 1393 posito
679 1353 851 1393 prorsus
883 1352 1232 1394 supervacaneum
1262 1345 1338 1382 est.
1394 1341 1536 1392 Itaque

63 1407 165 1448 haec
195 1407 332 1459 potius
362 1408 567 1448 sententia
597 1411 682 1448 est:
725 1406 804 1447 duo
837 1412 929 1447 sunt
962 1419 1066 1459 quae
1098 1408 1279 1459 reginam
1309 1405 1537 1457 significent

63 1473 227 1513 nomina
254 1472 434 1525 βασίλεια
465 1478 503 1514 et
537 1473 713 1525 βασιλίς,
744 1473 823 1513 hoc
852 1473 959 1514 inter
987 1485 1033 1514 se
1063 1472 1295 1514 discrimine
1323 1470 1433 1523 quod
1463 1481 1537 1511 se-

64 1538 237 1579 cundum
274 1549 357 1579 non
397 1537 655 1579 substantive
693 1538 814 1579 modo
855 1538 1020 1592 dicitur,
1061 1538 1136 1580 sed
1175 1538 1296 1579 etiam
1335 1536 1537 1588 adjective

62 1601 218 1657 βασιλὶς
245 1600 361 1651 πόλις
390 1604 413 1645 i.
434 1616 471 1656 q.
499 1604 700 1656 βασίλειος
729 1605 815 1645 sive
833 1604 1024 1657 βασιλεία,
1056 1603 1155 1645 illud
1184 1614 1282 1644 vcro
1315 1613 1398 1643 non
1426 1602 1535 1654 item,

63 1664 116 1710 οὐ
144 1664 226 1723 μὴν
254 1667 322 1710 καὶ
349 1670 530 1723 βασίλεια
557 1671 662 1718 ναῦς
693 1667 847 1722 λέγεται
884 1666 937 1717 ὡς
975 1670 1156 1723 βασίλεια
1190 1665 1296 1721 γυνή
1329 1665 1399 1708 καὶ
1426 1667 1537 1719 βασι-

61 1730 154 1782 λεὺς
175 1731 292 1787 ἀνήρ,
323 1747 455 1787 neque
487 1736 668 1776 vicissim
691 1731 714 1788 ἡ
736 1735 935 1788 βασίλειος
954 1737 1040 1776 sive
1059 1735 1240 1788 βασιλεία
1264 1734 1535 1785 substantive,

63 1802 183 1852 reyia
216 1812 289 1852 pro
321 1803 480 1851 reama.
538 1802 646 1842 Inter
674 1805 885 1852 utramque
914 1801 1036 1851 igitur
1063 1801 1311 1853 positionem
1341 1789 1378 1846 ις
1406 1803 1446 1840 et
1474 1789 1537 1839 a—oc

62 1866 142 1906 hoc
170 1865 383 1907 intercedit
415 1866 523 1919 quod
552 1867 622 1908 illa
652 1867 924 1918 epithetorum
953 1867 1032 1906 ritu
1060 1867 1150 1906 aliis
1182 1870 1304 1917 atque
1334 1865 1425 1905 aliis
1455 1875 1537 1905 no-

62 1931 236 1972 minibus
277 1931 555 1986 adhaerescit,
599 1932 700 1973 haec
730 1938 864 1973 autem
904 1932 1099 1973 motionis
1138 1932 1238 1972 sines
1282 1941 1365 1970 non
1405 1930 1535 1982 magis

63 1996 268 2048 egreditur
300 2009 420 2050 quam
451 1999 556 2039 aliae
588 1999 896 2039 terminationes
934 1997 1126 2039 sexuales
1155 1987 1261 2047 ιῖὖέἷ,
1290 1987 1397 2046 ισ-σα,
1427 1986 1537 2048 Ero—oc,

61 2077 177 2117 αινα,
209 2064 442 2117 pariterque
473 2069 618 2116 peccat
646 2064 826 2116 βασίλεια
855 2063 1007 2110 vafigffl‘
1038 2068 1077 2104 ct
1097 2059 1245 2103 θέαινα
1273 2058 1429 2115 κεφαλή
1460 2072 1535 2113 pro

62 2129 156 2170 θεία
185 2130 249 2171 vel
277 2127 452 2171 λάκαινα
481 2127 661 2183 σκυτάλη
692 2140 766 2182 pro
797 2125 1060 2184 λακωνική.55
1105 2129 1208 2182 Quin
1233 2130 1354 2171 etiam
1375 2129 1536 2169 suerunt

161 2289 221 2331 54)
263 2289 383 2334 Μέχρι
417 2290 511 2324 τίνος
539 2287 727 2331 βασίλειαν
763 2286 1032 2332 ιῖποσῑρίψειας
1068 2285 1218 2327 ὀπωπήν
1251 2285 1439 2330 Apollinar.
1479 2284 1534 2319 ΡΞ.

62 2342 136 2378 xil.
162 2343 194 2379 2.
232 2342 377 2380 sortasse
405 2335 607 2380 mendosum
641 2354 702 2388 pro
734 2344 937 2387 βασίλειον,
975 2346 1069 2379 certe
1095 2341 1281 2376 invalidum
1309 2345 1362 2377 est
1397 2340 1440 2376 cs.
1465 2340 1538 2374 Pa-

63 2399 136 2433 rall.
163 2398 241 2434 463.

150 2455 210 2498 55)
242 2454 360 2488 Schot.
387 2454 470 2489 Plat.
497 2455 606 2489 Parin.
633 2465 668 2499 p.
690 2455 767 2491 329.
793 2452 974 2486 Λάκαιναι
998 2452 1171 2489 σκύλακες
1196 2472 1235 2478 --
1262 2451 1304 2489 ἃς
1323 2450 1341 2493 ἦ
1362 2450 1538 2492 συνήθεια

63 2508 266 2546 λακωνικάς
300 2520 408 2554 φησι,
448 2519 490 2545 ex
508 2520 575 2554 quo
602 2520 669 2544 non
694 2510 850 2553 sequitur
875 2507 1039 2541 Λάκαινα
1072 2507 1175 2552 χώρα
1203 2508 1272 2542 dici
1296 2515 1414 2550 posse,
1447 2505 1540 2550 quod

63 2563 274 2607 Phrynichus
305 2563 467 2608 reprobat
495 2564 569 2599 Eoi.
599 2565 675 2600 341.
713 2564 839 2599 nedum
864 2561 1019 2596 λύκαινα
1048 2565 1224 2607 βακτηρία
1248 2563 1304 2599 vel
1331 2561 1422 2597 atiud
1448 2561 1539 2606 quod

65 2620 280 2663 gentilicium
305 2630 371 2653 non
398 2621 452 2654 sit.
489 2620 684 2656 Priscianus
706 2620 761 2654 Vi.
787 2620 820 2661 8,
847 2619 923 2654 248.
949 2618 1042 2661 (698.
1070 2618 1124 2660 P.)
1150 2619 1240 2661 apud
1267 2621 1416 2653 Graecos
1434 2619 1540 2652 ηιιιῖιιι

63 2675 272 2708 inveniuntur
303 2686 325 2707 a
357 2677 552 2709 masculinis
584 2671 738 2710 ‹lev-ibam
768 2686 835 2707 non
867 2673 1012 2717 ejusdem
1042 2673 1317 2716 siyvtt‘ficationis,
1350 2677 1387 2708 ut
1409 2673 1541 2706 Λάκιον

65 2729 228 2762 Λάκαινα
253 2741 318 2763 «ton
343 2731 483 2764 similem
515 2731 636 2764 hahent
667 2730 942 2773 significationem
974 2732 1009 2761 ut
1035 2727 1182 2772 δράκων
1206 2728 1406 2773 docimenae,
1442 2739 1542 2771 reyn-
