1699 3021
198 143 267 186 DE
297 141 588 186 NOMINIBUS
618 141 672 184 IN
700 144 726 184 ὕ
749 141 1096 185 EXEUNTIBUS.
1144 144 1186 186 C.
1207 145 1285 188 VII.
1313 151 1350 195 §.
1370 147 1408 190 2.
1468 147 1563 190 247

83 264 204 307 vero,
245 256 291 294 ut
319 256 414 293 ante
444 252 648 306 praedixi,
690 253 856 305 poetica
883 255 1049 305 praeter
1077 250 1228 305 ἐρίνεος
1257 255 1345 296 sive
1374 255 1554 309 εἰρίνεος,

82 330 163 371 quo
201 317 436 359 Herodotus
475 323 515 359 et
551 319 826 371 Hippocrates
863 319 927 359 usi
965 322 1083 370 sunt3
1128 330 1261 372 neque
1298 321 1403 362 enim
1442 327 1556 363 extat

81 383 336 435 trisyllabum
375 383 525 436 εἴρινος
562 388 606 425 ut
643 387 684 425 et
719 383 937 424 latinorum
975 384 1172 425 nonnulla
1203 386 1393 427 breviore
1425 388 1555 429 forma

81 452 242 490 carent:
287 449 556 503 arundineus,
596 449 918 502 pancarpineus‚
959 449 1244 505 hirundineus,
1289 453 1552 504 Cupidineas.

80 516 142 556 De
169 515 521 556 substantivorum
551 515 764 568 epenthesi
793 515 890 554 nihil
920 518 1097 555 constat.
1148 517 1250 557 Nam
1281 517 1442 559 arboris
1474 530 1555 559 no-

80 592 173 623 men
198 577 352 634 ἐρινεός
381 580 615 622 credibilius
653 584 718 621 est
747 579 970 621 derivatum
1001 591 1096 621 esse
1125 592 1150 622 a
1180 583 1313 623 fructu
1341 580 1388 623 τὸ
1416 581 1555 634 ἐρινόν

80 651 124 688 ut
152 643 279 700 μηλέα
308 659 332 687 a
359 647 490 700 μῆλον
519 651 559 687 et
588 646 736 687 similia
764 657 800 687 v.
829 645 976 687 Parall.
996 645 1088 688 337.
1119 658 1239 700 quam
1268 660 1292 689 a
1322 660 1553 700 synonymo

79 709 225 766 ἐρινύς,
256 715 373 764 cujus
406 716 534 753 testes
566 711 761 764 perpauci
792 716 887 751 sunt
917 714 957 752 et
986 722 1069 752 non
1099 712 1314 754 admodum
1345 715 1553 769 antiquist?

72 774 312 820 Ῥοδακινὲα
341 783 488 832 autem,
519 776 629 830 quod
658 788 732 829 pro
763 773 987 828 ῥοδακινόυ
1016 777 1081 818 vel
1110 776 1345 831 ροδακηνόν
1374 790 1554 831 usurpa-

80 848 165 897 tur,
196 844 371 884 forsitan
399 854 451 884 ne
479 854 670 894 graecum
701 842 862 895 quidem
891 854 927 884 v.
956 843 1150 884 Bernard.
1183 844 1234 885 ad
1264 845 1396 886 Nonn.
1430 856 1464 885 c.
1485 845 1552 895 87,

78 909 170 951 291.
200 908 353 950 Niclas.
386 907 436 948 ad
468 908 622 960 Geopp.
649 906 696 949 X.
730 907 790 950 13.
848 909 908 949 De
927 908 1062 949 vocali
1093 910 1390 951 terminationis
1414 910 1553 950 ultima

77 974 177 1015 nihil
206 977 271 1015 est
301 972 411 1026 quod
449 972 640 1013 adnotem
681 977 845 1025 praeter
883 978 1031 1026 tropen
1068 974 1211 1016 literae
1250 980 1317 1016 eta
1358 975 1552 1028 doricam,

77 1051 161 1081 non
188 1039 323 1081 solum
349 1039 390 1078 in
419 1039 650 1079 nominibus
681 1038 832 1079 doricis
857 1043 900 1079 ut
920 1040 1149 1092 Σμικρίνας
1171 1042 1414 1081 Tarentinus
1435 1040 1553 1081 Diod.

78 1105 177 1147 XVI.
196 1104 261 1146 37.
294 1103 503 1155 Κορκίνας
531 1105 619 1145 sive
650 1104 859 1155 Κροκίνας
885 1104 1129 1145 Larissaeus
1159 1105 1258 1146 XIV.
1286 1106 1322 1146 3.
1354 1108 1553 1158 Μοργαν-

77 1171 169 1212 tiva
185 1170 250 1211 XI.
269 1170 332 1212 78.
352 1170 534 1210 Κοττίνοι
548 1169 808 1211 meretricula
824 1169 1150 1210 Lacedaemonia
1165 1171 1310 1212 Athen.
1336 1171 1409 1212 sed
1431 1172 1552 1212 etiam

77 1238 118 1278 in
149 1235 430 1277 communibus
460 1235 630 1286 δρυΐνας
657 1234 850 1275 Artemid.
880 1234 942 1275 IV.
973 1235 1038 1289 56,
1067 1235 1160 1277 368.
1193 1237 1330 1278 Schol.
1360 1237 1445 1277 Nic.
1479 1237 1549 1277 Th.

76 1303 169 1344 411.
199 1301 408 1354 κεγχρίνας
444 1300 613 1341 Eutecn.
643 1299 841 1352 Metaphr.
871 1311 909 1352 p.
938 1299 1030 1342 340.
1059 1301 1252 1353 γλυκίνας
1280 1303 1426 1343 Athen.
1451 1303 1552 1344 XIV.

77 1368 169 1410 645.
199 1367 245 1408 l).
283 1365 493 1419 κερατίνας
529 1366 694 1407 Lucian.
734 1365 901 1406 Conviv.
933 1369 971 1413 §.
1000 1365 1065 1408 21.
1108 1367 1309 1420 σπαρτίνα
1337 1367 1439 1408 Poll.
1469 1367 1550 1408 Vll.

79 1432 169 1476 118.
208 1427 323 1481 ὀξίνα
358 1429 565 1485 ἐργαλεῖον
601 1426 824 1483 γεωργικὸν
862 1427 1057 1483 σιδηροὺς
1096 1433 1191 1484 (sio)
1233 1430 1326 1485 ἔχον
1363 1433 1552 1486 γόμφους

75 1497 252 1550 Hesych.
280 1498 361 1538 nisi
388 1497 469 1538 hoc
499 1508 523 1538 a
551 1497 757 1550 scriptore
786 1497 1014 1550 protectum
1045 1501 1110 1538 est
1133 1498 1338 1540 (Ιοῑίοο.22
1377 1500 1551 1540 Damnat

76 1565 179 1606 haec
207 1564 378 1605 Photius
416 1559 558 1616 ὀξίνην
593 1559 668 1603 τὸν
703 1558 820 1604 οἶνον
849 1560 928 1603 οὐκ
957 1559 1110 1612 ὀξίναν.
1165 1564 1253 1604 Jam
1285 1566 1550 1616 pertractatis

77 1641 182 1684 quae
212 1629 261 1670 ad
293 1639 459 1669 causam
489 1629 704 1680 pertinent,
737 1628 912 1680 paucula
912 1627 1085 1689 —addam
1116 1640 1220 1680 quae
1243 1635 1359 1671 extra
1383 1642 1549 1671 causam

78 1699 194 1745 sunt;
230 1694 400 1746 primum
429 1698 523 1733 ante
554 1693 879 1733 terminationem
910 1707 1016 1742 ινος,
1048 1694 1083 1733 si
1114 1694 1369 1735 subnectitur
1398 1697 1550 1736 nomini

77 1772 177 1814 pure
208 1760 437 1808 terminato,
477 1768 603 1810 saepe
633 1758 762 1797 omitti
792 1769 897 1809 quae
927 1758 1173 1799 antecedunt
1202 1761 1391 1813 vocales,
1432 1760 1550 1813 ξυγία

77 1822 237 1878 ζυγιυός
274 1824 475 1875 Theophr.
514 1824 559 1864 H.
590 1823 646 1863 Pl.
676 1823 720 1864 V.
750 1822 787 1876 3,
817 1823 855 1863 3.
898 1823 1058 1875 (omiss.
1096 1825 1136 1864 in
1176 1825 1313 1878 Thes.)
1354 1823 1466 1880 παρὰ
1502 1823 1548 1867 τὸ

75 1891 191 1945 μελέα
218 1891 370 1943 γίνεται
397 1889 571 1941 μελίινος
599 1885 668 1928 καὶ
695 1889 882 1941 συγκοπῇ
909 1885 1069 1941 μέλινος
1095 1888 1164 1929 καὶ,
1191 1893 1434 1947 πλεονασμῷ
1461 1893 1549 1944 μεί-

75 1961 188 2006 λινος
215 1957 301 1998 ΕΜ.
319 1955 412 2008 582,
438 1955 502 1996 23.
534 1965 666 2006 neque
695 1954 781 1994 iota
811 1954 944 1995 solum
973 1955 1048 1996 sed
1073 1956 1234 2008 epsilou
1253 1968 1416 2009 quoque
1436 1954 1548 1997 ὅστι-

164 2123 224 2167 21)
249 2121 300 2157 Ab
329 2119 451 2165 ἐχῖνος
475 2120 665 2156 derivatum
689 2118 792 2163 ἑχινῆ
815 2129 865 2154 sc.
894 2118 986 2163 δοριξ
1010 2119 1135 2155 Arcad.

165 2189 226 2233 22)
250 2187 446 2223 Meinekius
473 2186 568 2222 Com.
595 2186 729 2230 Fragm.
757 2187 783 2221 I.
810 2187 887 2222 424.
905 2187 1077 2222 aeolicum
1096 2189 1192 2230 putat
1211 2197 1271 2231 pro
1292 2186 1404 2228 ἀξίνη.
1453 2187 1548 2223 Haec

78 2251 192 2282 tamen
226 2244 363 2280 dentata
393 2252 462 2277 non
495 2245 559 2278 est.
615 2241 785 2286 Equidem
825 2243 942 2285 irpicis
980 2252 1105 2277 nomen
1138 2251 1300 2285 graecum
1335 2243 1548 2287 latinumque

77 2310 164 2337 occa
188 2299 229 2335 ab
256 2297 337 2337 ὀξύς
361 2297 551 2334 derivatum
575 2300 670 2341 puto.
719 2297 889 2331 Arcadius
915 2308 948 2341 p.
973 2298 1027 2333 22.
1061 2297 1101 2330 τιὶ
1129 2298 1179 2334 εἰς
1205 2289 1269 2334 2715-
1295 2297 1491 2342 βαρύνεται
1515 2300 1548 2332 εἰ

77 2356 127 2400 μὴ
151 2353 411 2399 ὖποκοριστικὰ
435 2352 456 2395 ἢ
483 2353 541 2386 ἐπὶ
566 2352 804 2396 σκώμματος,
839 2352 1014 2397 ἑρπένας,
1049 2354 1163 2390 ξένας·
1187 2353 1316 2393 Μηνᾶς
1336 2356 1461 2397 μέντοι
1486 2355 1548 2387 καὶ

78 2411 199 2452 Ζηνᾶς
220 2408 489 2453 ὗποκοριστικὰ.
516 2408 563 2443 Τὸ
589 2408 627 2442 δὲ
655 2408 764 2445 ὃεκᾶς
786 2409 1006 2452 περισπῐὶται
1024 2407 1076 2441 ὅτι
1096 2406 1336 2441 ἐπιτάσσεται.
1361 2410 1424 2444 Pro
1443 2409 1547 2456 ἑρπύ-

79 2479 143 2504 vaf
178 2465 381 2501 substituam
415 2462 580 2508 ἀρτύνας,
608 2474 669 2508 pro
695 2474 738 2499 eo
765 2464 857 2507 quod
884 2465 1040 2508 sequitur
1065 2463 1192 2501 ὁξίνας.
1219 2463 1395 2499 Postrema
1418 2465 1547 2499 Salma-

81 2523 154 2558 s'uis
185 2519 228 2555 de
261 2519 307 2553 M.
337 2518 394 2553 Us.
422 2529 456 2563 p.
482 2519 560 2555 256.
581 2520 633 2554 Sic
652 2518 750 2555 affert
766 2518 819 2552 ὅτι
838 2518 895 2552 ἐπὶ
913 2518 1108 2559 ποσότητος
1130 2518 1309 2551 τάσσεται.
1338 2520 1374 2553 Si
1399 2529 1441 2554 ex
1461 2519 1548 2553 libro

82 2577 269 2619 integriore
303 2573 419 2617 (cujus
451 2574 579 2608 nullum
606 2574 770 2608 indicium
796 2575 893 2618 facit)
920 2576 1118 2618 acquieseo;
1145 2575 1208 2616 sin,
1237 2577 1273 2608 ut
1299 2576 1438 2617 assolet,
1460 2584 1550 2609 con-

78 2635 250 2676 jecturam
288 2638 461 2673 sequens,
492 2639 605 2673 aeque
639 2632 713 2666 veri
750 2631 863 2665 simile
897 2633 950 2665 est
985 2629 1170 2663 Arcadium
1197 2631 1248 2664 sic
1285 2631 1469 2674 scripsisse
1501 2629 1554 2663 ὅιι

84 2685 144 2721 ἐπὶ
175 2684 394 2729 σκώμματος
417 2683 597 2724 τάσσεται,
621 2685 787 2722 videlieet
810 2696 872 2729 pro
897 2683 1058 2725 δεκάζων
1082 2686 1137 2722 vel
1162 2685 1412 2729 δεκαζόμωός.
