1731 3021
143 183 235 226 444
618 180 1052 224 DISSERTATIO
1100 181 1146 222 X.

144 289 302 340 ἄνοιξιν
330 291 406 332 τοῦ
436 288 639 343 στόματος
674 287 862 338 ἐναντίας
890 291 1115 343 φαίνεσθαι
1142 290 1232 331 Rus.
1274 289 1324 331 de
1362 290 1469 330 Part.
1498 289 1616 329 Hom.

143 369 183 410 p.
211 357 276 399 42.
306 356 441 397 Melet.
471 368 509 409 p.
540 355 606 399 85.
636 352 889 409 ἀναδενδράς
918 356 1078 397 trichila
1106 368 1144 398 v.
1174 355 1311 397 Reisk.
1333 355 1383 396 ad
1404 356 1617 396 Constant.

145 422 237 465 256.
268 423 435 475 proprie
464 423 560 463 vitis
589 423 800 464 arbustiva
830 433 935 474 quae
966 426 1006 463 et
1035 419 1314 473 ἀναδενδρῑτις
1341 420 1507 473 (licitur,
1549 433 1621 460 uv-

143 485 264 536 λοὲδες
291 485 342 528 τὰ
369 483 659 541 ὑποφθάλμια,
689 485 887 541 φαικάδες
916 488 1080 541 soleae,
1116 484 1254 535 πλειάς
1291 498 1315 527 a
1351 487 1486 533 πλεῖος
1526 484 1621 526 sch.

146 555 189 596 Il.
218 554 355 595 XVIII.
383 553 476 596 486.
508 553 576 594 alii
606 553 656 594 ad
684 550 791 594 πλέω
820 554 1013 595 referunt.
1072 552 1154 595 Sed
1183 553 1379 605 pleraque
1409 556 1479 592 aut
1499 561 1621 591 unam

145 620 299 661 habent
328 619 517 671 adjectivi
552 623 738 660 naturam
769 623 838 659 aut
868 624 1003 659 tamen
1034 630 1122 659 eam
1152 619 1269 671 quasi
1300 616 1474 670 quadam
1504 626 1622 657 com-

146 686 423 727 municatione
452 684 688 725 idiomatum
720 685 968 737 participant
993 689 1036 724 ut
1063 682 1218 737 γενειὰς
1247 682 1417 730 ἐπίδεσις
1455 677 1480 735 ἡ
1517 676 1623 722 κατὰ

146 751 303 804 γενείου
342 756 381 792 et
418 751 498 791 alia
533 746 702 802 παρειάς
739 745 821 790 ἀπὸ
857 750 935 789 τοῦ
963 745 1112 802 μέρους
1142 750 1280 791 Galen.
1311 749 1359 790 de
1388 749 1506 788 Faso.
1536 747 1620 787 XII.

149 817 240 858 787.
270 817 408 857 ΧΧΙΙΙ.
438 815 530 857 793.
564 816 606 856 Τ.
636 815 771 855 XVIII.
801 815 843 855 P.
872 814 900 855 I.
931 819 971 855 et
1001 815 1086 855 fieri
1116 820 1257 868 potest
1287 819 1330 855 ut
1358 810 1494 866 χειμάς
1515 823 1624 864 quo-

148 893 239 935 que,
271 893 351 934 quo
382 880 504 933 paulo
536 885 630 921 ante
661 881 725 921 usi
764 891 926 933 sumus,
964 891 1049 921 non
1088 881 1243 922 directe
1281 880 1453 920 hiemem
1493 877 1626 930 signi-

147 948 240 988 ficet
268 946 342 989 Sed
371 942 447 999 τὴν
481 946 684 1000 χειμερίαν
713 946 801 987 scil.
833 942 948 998 ὤραν
988 947 1076 987 sive
1112 942 1361 987 κατάστασιν
1399 957 1436 986 v.
1474 943 1623 985 Parall.

148 1012 241 1055 358.
283 1017 327 1053 ut
362 1011 552 1052 meridies
596 1012 787 1053 absolute
824 1009 1072 1066 μεσημβριάς
1112 1011 1258 1052 dicitur
1295 1011 1438 1051 Joann.
1476 1009 1625 1061 Eephr.

146 1078 174 1119 I.
205 1078 269 1119 36.
302 1079 457 1118 omisso
490 1078 751 1119 substantivo
783 1075 882 1131 ὥρα,
914 1078 1025 1131 quod
1052 1078 1225 1119 Nonnus
1257 1077 1437 1128 adjungit
1469 1080 1513 1116 ut
1541 1076 1627 1126 Ly-

149 1144 305 1196 cophro
335 1140 539 1196 χαμευνὰς
567 1140 679 1197 εὐνή,
698 1144 1014 1196 nominibusque
1041 1143 1277 1185 morborum
1300 1139 1440 1195 ἰσχιάς,
1463 1137 1626 1192 λεπράς,

148 1206 306 1263 φθινάς
337 1207 407 1262 (ἣν
437 1209 476 1249 οἱ
501 1205 716 1262 Ἀθηναῖοι
746 1210 894 1263 φθίσιν
923 1206 1172 1263 ὀνομάζουσι
1204 1208 1340 1249 Schol.
1370 1209 1411 1248 in
1428 1209 1625 1260 Hippocr.

151 1276 193 1317 T.
223 1276 269 1317 ΙΙ.
307 1275 419 1329 364.)
455 1272 596 1327 χοιράς
639 1276 822 1316 scrofula
860 1276 1162 1317 substantivum
1200 1270 1345 1324 νόσος,
1386 1274 1626 1326 rupiumque

149 1341 389 1392 synonymis
418 1338 579 1392 λεπράς,
610 1339 763 1391 simeo-23,
790 1339 932 1394 χοιράς
961 1352 1111 1382 nomen
1139 1337 1267 1394 πέτρα
1295 1339 1416 1380 modo
1448 1338 1627 1378 additum

146 1408 362 1460 reperitur,
393 1406 514 1447 modo
553 1406 682 1447 deest.

262 1477 299 1520 §.
328 1473 366 1514 4.
434 1472 587 1513 Eorum
629 1477 763 1513 autem
799 1472 1174 1525 substantivorum,
1220 1482 1325 1523 quae
1364 1469 1566 1510 diversam
1607 1480 1631 1509 a

150 1538 443 1590 substantivis,
486 1537 593 1577 unde
635 1542 725 1577 orta
764 1543 881 1591 sunt,
922 1538 1260 1589 significationem
1300 1537 1506 1589 obtinent,
1550 1535 1631 1575 alia

150 1604 353 1644 communi
391 1614 709 1655 paronymorum
744 1605 908 1644 nomine
948 1601 1237 1653 comprehendi
1268 1601 1437 1654 debent,
1481 1602 1561 1641 alia
1588 1601 1631 1641 in

150 1673 286 1709 certas
325 1669 443 1720 quasi
483 1669 642 1708 classes
681 1669 857 1709 describi
897 1671 1085 1722 possunt.
1156 1668 1217 1707 Ac
1253 1667 1446 1707 motionis
1489 1676 1631 1707 exem-

147 1733 259 1786 plum
290 1734 450 1773 unicum
481 1733 555 1775 sed
584 1733 791 1774 indubium
823 1739 887 1775 est
917 1731 1064 1784 ἱππάς,
1097 1732 1207 1784 quod
1238 1731 1450 1784 Oppianus
1482 1732 1578 1783 Cyn.
1600 1732 1628 1772 Ι.

150 1798 241 1842 162.
283 1798 482 1839 adsumsit
513 1811 634 1851 quum
665 1799 856 1840 distincte
887 1811 1033 1852 equam
1065 1799 1295 1850 significare
1332 1798 1456 1839 vellet
1493 1797 1631 1837 ἵππων

150 1862 231 1905 ἔέπο
261 1860 405 1904 ἱππάὸ’
437 1861 619 1918 ἔχεσθαι,
658 1866 843 1906 nimirum
874 1868 969 1918 quia
997 1866 1099 1906 liaeo
1128 1864 1379 1916 terminatio,
1418 1864 1493 1904 etsi
1523 1863 1631 1904 duo-

151 1941 238 1970 rum
269 1934 333 1970 est
362 1941 569 1984 generum,
603 1936 735 1972 tamen
765 1932 986 1983 praecipue
1019 1931 1221 1971 femininis
1253 1931 1498 1970 attribuitur.
1551 1930 1632 1971 Se-

152 1995 283 2036 cundo
314 2006 463 2046 genere
495 1997 755 2037 continentur
786 1997 1050 2051 deminutiva,
1088 2008 1259 2049 quorum
1290 1996 1407 2048 plura
1436 2007 1514 2048 qua
1537 1998 1630 2047 Jure

153 2073 232 2114 qua
269 2062 417 2112 injuria
457 2067 728 2113 corrogarunt
761 2062 1032 2116 Grammatici,
1072 2074 1177 2115 quos
1207 2063 1415 2114 impugnat
1445 2061 1631 2102 Eustatli.

152 2138 191 2179 p.
227 2126 344 2179 1766,
379 2127 439 2168 10.
469 2124 515 2167 τὸ
545 2125 690 2175 Μαιάς
715 2126 793 2168 οὔκ
810 2126 918 2168 ἐστιν
937 2124 1255 2180 ὑποκοριστικὸν
1285 2123 1386 2166 ἄλλα
1415 2123 1517 2178 πρὸς
1547 2126 1632 2166 δια-

153 2189 304 2244 στολὴν
332 2193 405 2244 τῆς
432 2190 568 2240 ἁπλῶς
596 2194 718 2245 μαίας
749 2199 787 2234 et
818 2206 855 2246 p.
888 2194 1005 2247 1944,
1028 2194 1093 2234 49.
1124 2191 1172 2233 τὸ
1201 2189 1412 2232 λιθάδεσσι
1441 2192 1559 2245 δηλοῖ
1577 2189 1632 2240 ὥς

152 2254 231 2298 οὐκ
261 2255 300 2306 ἐξ
329 2253 510 2310 ἀνάγκης
541 2254 833 2313 ὑποκοριστικὴ
867 2256 888 2313 ἡ
918 2257 1030 2309 λέξις.
1082 2258 1163 2300 Sed
1191 2257 1297 2298 idem
1327 2263 1476 2310 poetae
1506 2259 1631 2299 verba

157 2323 229 2365 Od.
260 2323 360 2363 XlV.
394 2323 457 2364 36.
499 2325 614 2363 σεῦεν
642 2321 771 2372 κύνας
800 2326 1007 2378 πυκνῇσιν
1034 2321 1248 2364 λιθάδεσσι
1286 2325 1346 2365 sic
1377 2329 1633 2365 commenta-

155 2394 218 2430 tur
249 2387 291 2429 αἱ
318 2386 484 2437 λιθάδες
502 2387 656 2430 ἐοίκασι
679 2387 910 2443 μικρότεροι
930 2385 1033 2430 εἶναι
1048 2391 1132 2430 τῶν
1154 2388 1342 2431 attactae-ov
1361 2390 1469 2442 εἴπερ
1487 2385 1632 2430 Ὀδυσ-

155 2451 249 2502 σεὺς
277 2452 489 2494 λιθάκεσσι
516 2451 590 2495 τὸν
619 2453 769 2496 ἑαυτοῦ
793 2454 986 2509 θάλαμον
1014 2453 1137 2509 ἔδειμε
1160 2456 1232 2498 Od.
1252 2457 1388 2498 XXIV.
1412 2455 1500 2497 193.
1549 2456 1634 2497 Ve-

154 2532 240 2560 rum
270 2520 349 2559 hoo
380 2520 472 2560 loco
504 2532 612 2562 nunc
642 2527 851 2574 receptum
883 2527 947 2563 est
976 2519 1234 2573 λιθάδεσσιν,
1273 2523 1315 2562 in
1344 2522 1413 2562 illo
1444 2533 1527 2561 non
1558 2533 1635 2562 ne-

156 2585 382 2625 cessarium
413 2596 507 2626 esse
539 2586 773 2627 deminutivi
801 2599 917 2628 usum
950 2589 1120 2640 apparet
1152 2600 1202 2629 ex
1233 2589 1402 2629 Theocr.
1429 2588 1547 2628 XXV.
1570 2587 1633 2637 73,

157 2650 225 2690 ubi
255 2649 437 2702 Iapides,
469 2652 615 2703 quibus
656 2663 780 2693 canes
822 2654 1059 2707 abiguntur,
1097 2655 1198 2701 λᾶας
1228 2658 1350 2694 vocat
1380 2658 1421 2693 ut
1452 2653 1632 2693 missiles

161 2714 210 2755 ab
241 2715 418 2755 Homero
450 2716 636 2758 dicuntur
665 2718 786 2759 λίθοι.
818 2719 961 2773 Neque
991 2720 1181 2762 subvenit
1211 2718 1318 2761 aliud
1348 2719 1634 2760 deminuti0nis
