1747 3005
120 131 189 173 DE
220 131 345 174 NOM.
377 132 595 182 QUORUM
615 134 765 176 CHAR.
789 135 888 176 EST
910 135 1199 178 GU'I'TURAL.
1234 139 1275 179 C.
1298 139 1342 180 ll.
1376 144 1412 186 §.
1439 140 1475 181 6.
1507 140 1596 181 :325

121 240 186 282 92.
200 242 237 267 20
268 243 384 292 quus
416 243 585 284 accolae
604 240 769 296 Ὤρικοι
790 244 940 285 diversi
962 245 1012 285 ab
1032 245 1082 285 iis
1102 246 1170 297 qui
1191 246 1381 296 Νωρικοί
1409 248 1597 288 dicuntur

119 310 240 346 acuta
271 307 410 347 ultima
440 308 513 348 scd
543 309 656 349 brevi
687 315 900 361 utrumque
930 310 1152 362 penultima
1184 323 1217 351 v.
1247 312 1362 353 Eust.
1394 313 1443 354 ad
1476 314 1590 355 Dion.

115 371 208 411 321.
277 372 355 412 Pro
384 369 549 424 ’Έρικος
590 376 792 415 succurrit
819 373 990 427 Ὄρικος
1030 376 1208 426 Scythae
1258 388 1407 418 nomen
1440 379 1589 419 Herod.

114 436 176 477 IV.
209 438 272 477 77.
306 435 474 488 Βέρικος
502 441 684 480 Britanni
715 441 789 481 Dio
832 442 948 482 Cass.
989 441 1068 482 LX.
1111 442 1172 483 19.
1218 443 1377 493 (oiniss.
1415 444 1456 483 in
1497 444 1588 495 Th.)

120 498 310 554 Τέτρικος
340 504 673 555 andronyrnicuin
702 517 911 545 romanum
942 506 1090 547 zosim.
1121 507 1147 546 Ι.
1179 507 1241 548 (51.
1288 505 1460 559 Τέμικος
1489 509 1586 548 urbs

113 568 259 609 Cretae
290 570 400 610 nulla
439 571 637 623 innotuit,
669 582 745 611 ncc
776 572 878 612 satis
911 572 1041 612 simile
1072 572 1230 612 videtur
1257 570 1432 624 ’Ώρικος
1471 570 1587 620 πόλις

113 631 278 686 Κρήτης
310 636 401 675 Sch.
434 635 517 675 Nic.
551 636 619 675 Th.
650 636 741 677 516.
782 636 936 677 Pariter
966 637 1140 690 despero
1174 637 1223 678 de
1254 639 1374 678 ssuvio
1406 635 1586 678 Λυκάυι-

112 713 203 749 κος,
252 701 319 751 qui
356 701 391 740 si
431 713 454 740 a
503 701 669 741 Lucano
720 702 871 753 oppido
918 703 981 743 vel
1021 714 1044 742 a
1083 703 1346 753 Lycaonibus
1396 704 1584 745 denomi—

110 769 230 805 natus
262 771 387 817 esset,
417 766 595 805 ultimam
626 771 785 807 acutam
815 768 983 808 haberet
1012 772 1054 807 ut
1080 780 1103 808 a
1135 770 1278 821 Βοῦρα
1308 770 1450 809 fluvius
1478 770 1582 809 Bov-

109 827 265 881 ραϊκός,
287 827 499 878 ’Όλυιιθος
524 827 801 880 Ὀλυνθιακός
823 833 966 872 Athen.
1000 834 1097 873 VIII.
1118 834 1209 874 334.
1230 835 1274 875 E.
1319 835 1459 886 Neque
1473 836 1581 876 aliud

108 896 309 935 succurrit
343 908 460 947 quain
492 898 751 945 Λευκυανίας
789 899 961 938 fluminis
999 899 1127 938 Eliaci
1166 910 1314 940 nornen
1355 901 1476 941 Paus.
1521 902 1581 943 Vl.

108 960 173 1010 21,
205 961 241 1001 4.
273 964 390 1011 quus
421 974 503 1002 non
533 963 664 1003 minus
694 964 793 1003 inira
824 965 999 1014 species.
1054 959 1300 1016 Ἀσφάὸικος
1338 968 1426 1007 sine
1457 967 1578 1008 dubio

107 1031 170 1066 est
210 1027 427 1066 Thebanus
467 1027 535 1066 ille
576 1028 643 1079 qui
682 1028 799 1068 l'aus.
842 1029 905 1068 lx.
950 1030 1017 1081 18,
1057 1030 1093 1070 ll.
1135 1031 1174 1069 in
1218 1031 1331 1071 libris
1372 1033 1578 1073 nonnullis

101 1087 347 1144 ’Λσφόὸικος
385 1097 568 1132 vocatur.
629 1093 731 1133 Huic
761 1094 892 1134 simile
923 1105 1069 1133 nornen
1101 1096 1174 1135 scd
1207 1101 1380 1136 accentu
1411 1097 1574 1138 diverso

104 1159 285 1209 suggerit
316 1157 571 1198 Herodianus
601 1172 642 1198 π.
675 1161 786 1198 Mov.
819 1171 855 1210 p.
888 1159 951 1199 20.
981 1155 1032 1198 τὰ
1060 1159 1115 1206 εἰς
1144 1149 1215 1207 225}
1244 1159 1424 1214 καθαρὰ,
1455 1159 1576 1203 ὁπότε

101 1223 159 1278 τῷ
180 1221 204 1262 ἶ
233 1221 508 1275 παραλήγεται
536 1221 856 1279 συνεσταλμένῳ,
888 1222 977 1276 ἤτοι
1013 1224 1366 1277 προπαροξύνεται
1403 1225 1575 1279 ἀνθέρι-

100 1302 184 1338 κος,
218 1287 408 1338 Κύζικος.
447 1285 504 1329 Τὸ
534 1285 695 1338 ὠὸικός,
728 1285 997 1342 ἀσφοὸελικός
1027 1285 1213 1339 ὀξύνεται
1242 1287 1297 1338 ὡς
1322 1289 1369 1331 τὸ
1404 1295 1575 1333 πελωπι-

98 1350 171 1400 κός
201 1354 298 1406 (sic)
331 1351 515 1406 τρωικός.
573 1355 647 1394 Hic
677 1356 806 1406 primo
840 1355 1039 1406 adspectu
1077 1356 1174 1396 nihil
1214 1357 1468 1408 probabilius
1509 1361 1574 1399 vi—

100 1419 216 1461 detur
254 1431 373 1471 quarn
419 1415 688 1471 ἀσφοδελικός
734 1420 839 1461 idem
880 1432 974 1461 esse
1014 1421 1123 1472 quod
1172 1421 1279 1474 apud
1322 1424 1571 1475 Theognost.

98 1482 330 1537 ἀσφάδικος
373 1486 575 1526 scribitur.
649 1485 729 1527 Sed
772 1486 1014 1526 adversatur
1061 1491 1288 1539 accentus3
1338 1499 1414 1528 nec
1461 1489 1571 1529 credi

99 1554 239 1602 potest
267 1550 540 1591 Herodianum
569 1551 617 1591 de
648 1563 727 1591 uno
760 1551 963 1602 adjectivo
995 1546 1145 1598 ὦδικός
1165 1554 1430 1605 praecepisse
1461 1555 1570 1606 quod

100 1615 149 1656 de
190 1617 376 1655 omnibus
406 1617 525 1656 valet.
576 1616 779 1664 Quocirca
822 1620 1035 1667 utrumque
1064 1617 1355 1658 emendandum
1376 1624 1474 1670 puto
1495 1617 1569 1659 ἕλι-

97 1677 171 1728 κός
209 1677 231 1720 ὁ
269 1676 514 1732 ἀσφόδελος,
556 1681 664 1732 quod
704 1682 834 1732 praeit
872 1681 1102 1731 Hesychius
1134 1677 1293 1729 Ἑλικός
1331 1679 1565 1735 ἀσφόδελος.

96 1747 224 1786 Multa
252 1758 349 1786 vcro
380 1747 436 1786 illi
466 1747 507 1786 in
536 1747 770 1798 praeteritis
801 1746 1062 1798 reliquerunt,
1091 1757 1262 1797 quorum
1294 1754 1489 1789 accentus
1514 1750 1568 1789 li-

95 1812 261 1852 brorum
294 1816 529 1852 nostrorum
570 1811 646 1851 fide
690 1811 963 1863 periclitatur,
1002 1822 1078 1851 nec
1112 1812 1310 1863 prosodia
1353 1813 1566 1864 explorate

97 1878 261 1928 cognita
292 1882 368 1929 est,
399 1878 567 1928 primurn
598 1876 890 1927 andronymica
921 1873 1130 1924 Παταϊκός
1166 1877 1274 1927 (cod.
1310 1878 1432 1918 Arch.
1469 1877 1567 1919 Πά-

94 1945 250 1995 ταικος)
281 1941 428 1982 Herod.
460 1942 538 1981 Vll.
572 1942 660 1983 154.
692 1938 882 1989 Μονικός
912 1942 1050 1994 Steph.
1082 1954 1114 1982 S.
1146 1943 1316 1993 Χαλκίς,
1365 1942 1565 1992 Ζαυτικός

94 2009 170 2048 Dio
204 2008 318 2048 Cass.
349 2007 483 2047 LXXI.
518 2007 580 2048 16.
614 2007 774 2059 (omiss.
813 2008 854 2046 in
894 2008 982 2058 Th.)
1027 2005 1276 2059 Θουμελικός
1316 2009 1449 2050 Strab.
1480 2010 1560 2050 Vll.

93 2074 184 2115 292.
216 2078 297 2113 tum
329 2068 540 2118 Ξανθικός
569 2074 722 2113 niensis
752 2073 1041 2113 Macedonicus
1072 2086 1108 2113 v.
1143 2075 1274 2114 SturZ.
1313 2074 1415 2113 Dial.
1447 2074 1562 2116 Alex,

93 2150 131 2190 p.
162 2138 226 2179 49.
264 2135 435 2191 Τορικός
472 2135 589 2185 πόλις
625 2138 783 2189 Scylac.
816 2150 851 2190 p.
891 2138 955 2179 31.
995 2139 1198 2190 Δροπικοί
1235 2149 1336 2189 gens
1383 2139 1564 2180 Persidis

92 2203 240 2244 Herod.
271 2204 297 2244 1.
330 2204 419 2244 125.
444 2198 629 2250 ’Υλλικός
659 2205 787 2243 amnis
818 2204 936 2244 Paus.
970 2205 1015 2244 ΙΙ.
1048 2204 1121 2254 32,
1154 2205 1188 2244 7.
1219 2208 1258 2244 et
1299 2204 1409 2244 urbis
1454 2217 1563 2257 quo-

94 2280 172 2321 que
192 2280 340 2309 nomon
362 2265 548 2321 Νήρικος
566 2270 606 2309 in
628 2268 743 2309 codd.
760 2269 965 2309 nonnullis
981 2270 1178 2310 Thuc.lll.
1194 2271 1228 2311 7.
1254 2274 1465 2320 oxytonon
1486 2274 1561 2324 est,

93 2334 213 2384 vulgo
255 2338 388 2374 autern
428 2339 798 2386 proparoxytonon
835 2339 878 2374 ut
919 2335 1138 2386 Σίυτρικος
1176 2335 1349 2375 Parthus
1386 2335 1559 2387 Appian.

92 2398 223 2439 Mithr.
264 2409 297 2438 c.
340 2398 427 2441 104.
466 2397 678 2452 Σάμβικος
717 2400 841 2440 Eleus
887 2400 990 2440 Plut.
1033 2400 1198 2448 Quaest.
1240 2399 1380 2440 Graec.
1422 2411 1454 2439 c.
1493 2400 1558 2440 47.

95 2464 313 2515 Σχοίυικος
339 2464 573 2515 Amphiarai
604 2465 744 2515 auriga
775 2464 911 2505 Schol.
942 2465 1051 2505 Pind.
1075 2465 1135 2506 Ol.
1166 2464 1226 2505 VI.
1253 2464 1317 2506 21.
1348 2465 1462 2505 Nunc
1475 2467 1561 2516 jam

94 2534 252 2580 tempus
285 2532 348 2568 est
376 2528 533 2570 dicendi
566 2541 670 2582 quac
701 2531 754 2571 sit
794 2530 1075 2571 femininorum
1112 2530 1272 2582 regula:
1315 2526 1365 2570 τὰ
1402 2529 1457 2578 εἰς
1495 2521 1561 2582 ιιι-η

133 2673 136 2676 ’
183 2663 242 2706 26)
268 2662 446 2706 Oxytonon
473 2672 552 2698 csso
579 2663 687 2698 voluit
712 2664 942 2707 Goettlingius
971 2664 1014 2700 de
1040 2664 1114 2697 Alc.
1140 2663 1216 2699 222.
