1747 3005
756 610 788 650 Γ
804 611 834 651 A
855 611 899 651 l‘.
952 610 979 650 l.

372 739 443 780 De
478 736 741 780 nominibus
778 738 822 779 ἰιι
865 752 1020 799 --γιψ
1072 737 1365 779 eoecunlibus.

244 914 283 957 §.
319 910 352 951 1.
407 909 519 950 Unde
550 911 776 961 superioris
807 910 1097 962 disputationis
1127 909 1282 948 initium
1313 907 1512 960 duximus,
1540 908 1608 948 in-

134 974 265 1015 didem
305 986 412 1014 nunc
450 976 775 1028 proficiscemur,
824 976 873 1016 ab
912 975 1172 1015 imitamentis
1204 985 1400 1014 sonorum
1429 970 1610 1026 κάραγος

133 1038 275 1093 ψόφος
302 1037 488 1092 πριόνων
521 1041 616 1081 Hes.
647 1038 834 1093 ῥάθαγος
863 1037 885 1081 ὁ
913 1042 997 1080 τῶν
1026 1036 1221 1091 κυμάτων
1248 1032 1347 1091 ἦχος
1375 1053 1609 1091 προςηγνυ-

134 1103 270 1159 μένων
297 1109 385 1154 ταῖς
413 1103 575 1159 πέτραις
606 1107 741 1147 Scllol.
771 1106 857 1146 Nic.
892 1106 960 1146 Th.
994 1103 1083 1146 194.
1116 1104 1221 1143 unde
1250 1105 1376 1144 verba
1394 1102 1607 1155 ῥαθαγεῖν,

136 1166 412 1223 τἰῤῥαθαγεῖν,
442 1173 670 1225 βραταγεῖν,
702 1172 849 1223 quibus
879 1167 1008 1222 ῥόθος
1031 1174 1069 1210 et
1090 1166 1241 1220 ῥόθιον
1262 1171 1503 1221 concinunt3
1532 1167 1612 1209 πιέ-

135 1251 277 1288 ταγος,
318 1234 478 1289 πατάγη
517 1242 556 1276 et
593 1233 789 1276 πατάσσω
822 1247 845 1276 a
873 1235 1003 1275 πταίω
1034 1239 1324 1287 propagatum3
1380 1246 1404 1275 a
1442 1232 1610 1288 πλήσσω

135 1299 340 1355 πλατάγη,
392 1303 454 1342 cui
486 1301 708 1342 adhaerent
743 1298 954 1353 πλαταγέω
984 1301 1210 1353 πλατυγίζω
1242 1299 1430 1352 (plaudo)
1462 1312 1486 1340 a
1514 1297 1611 1352 ῥήσ-

137 1377 209 1418 σω,
241 1373 285 1408 ut
315 1367 490 1421 videtur,
529 1364 744 1419 σφάραγος
782 1368 957 1419 (fragor)
994 1363 1134 1420 ψόφος
1162 1366 1257 1406 Hes.
1299 1377 1349 1405 ex
1386 1377 1466 1417 quo
1496 1365 1611 1407 Jovis

135 1433 395 1485 Neptunique
442 1434 687 1485 cognomina
729 1430 1052 1485 βαρυσφάραγος
1097 1436 1135 1472 et
1175 1427 1450 1483 ἕρισφάραγος
1489 1434 1612 1482 atque

137 1499 264 1540 verba
294 1502 541 1551 σφαραγεῐν,
572 1499 844 1551 σφαραγίζειν.
896 1500 938 1540 Si
968 1509 1066 1539 vero
1100 1502 1238 1549 guttur
1269 1496 1415 1536 dicitur
1445 1493 1611 1549 σφάρα-

137 1579 208 1617 γος
236 1565 302 1605 vel
332 1570 373 1605 ut
403 1576 510 1605 nunc
540 1565 646 1616 apud
668 1565 886 1606 Homerum
911 1565 1102 1605 scribitur
1131 1557 1372 1615 ἀσφάραγος
1402 1565 1442 1602 et
1470 1557 1614 1613 λαιμὸς

138 1627 458 1683 πολυσφάραγος
497 1630 670 1682 Oppian.
711 1631 809 1681 Cyn.
852 1630 915 1670 IV.
946 1629 1038 1670 445.
1075 1638 1224 1668 nomen
1263 1638 1287 1667 a
1325 1637 1430 1667 sono
1472 1631 1614 1668 trans-

139 1697 264 1737 latum
303 1695 462 1735 videtur
498 1700 541 1735 ut
576 1693 814 1747 γαργιιρεών
842 1695 1062 1746 qttrqulio,
1109 1692 1367 1745 quantumvis
1406 1692 1614 1744 discrepet

140 1773 270 1803 sonus
309 1761 376 1812 qui
406 1765 568 1811 gutture
605 1760 736 1801 editur
767 1760 816 1800 ab
856 1771 905 1800 eo
936 1771 1055 1811 quem
1084 1758 1251 1799 verbum
1281 1760 1509 1810 σφαραγεῖν
1538 1769 1615 1799 ex-

141 1828 302 1881 primit3
332 1837 506 1877 namque
534 1837 617 1865 non
646 1827 777 1866 minus
807 1825 994 1877 dispares
1026 1835 1154 1865 sonos
1184 1824 1316 1864 Latini
1345 1834 1425 1864 uno
1451 1823 1615 1864 nomine

140 1904 331 1933 murmur
370 1891 694 1943 complectuntur
736 1895 775 1932 et
809 1893 850 1932 in
891 1892 1082 1931 universo
1119 1891 1198 1930 hoc
1237 1890 1434 1930 imitativo
1465 1899 1616 1940 genere

141 1962 254 2011 patet
286 1957 466 1998 Graecos
496 1957 799 2011 Romanosque⁷
835 1969 956 2009 quum
984 1956 1177 1996 infinitam
1207 1955 1450 1995 naturalium
1482 1965 1616 1995 sono-

141 2035 229 2065 rum
257 2023 496 2063 varietatem
525 2022 719 2062 imitando
753 2023 951 2074 consequi
980 2033 1064 2062 non
1094 2025 1290 2074 possent,
1319 2020 1446 2061 multa
1476 2020 1616 2071 specie

143 2088 324 2140 disparia
362 2088 598 2140 appellasse
636 2088 832 2128 similiter.
892 2088 978 2128 Nec
1008 2098 1104 2128 vero
1133 2087 1314 2138 rejiciam
1345 2097 1485 2126 eorum
1516 2097 1617 2126 sen-

144 2156 331 2207 tentiam,
362 2155 429 2206 qui
454 2149 695 2206 ἀσφάραγος
726 2155 786 2193 sic
816 2158 858 2193 ut
888 2150 1050 2206 φάραγξ
1081 2157 1120 2193 et
1150 2150 1309 2205 φάρυγξ
1338 2152 1617 2204 interpretan-

144 2225 208 2261 tur
246 2221 454 2272 fissuram,
494 2220 684 2271 illamque
724 2219 898 2260 sonandi
930 2219 1267 2271 significationem
1298 2228 1380 2256 non
1410 2216 1617 2268 propriam

142 2297 275 2337 neque
305 2286 481 2325 nativam
512 2285 585 2326 sed
624 2297 647 2326 a
679 2289 842 2337 gutture
874 2285 1110 2325 translatam
1144 2289 1212 2324 aut
1239 2284 1359 2324 etiam
1389 2282 1439 2323 ad
1469 2282 1619 2322 homo-

144 2361 306 2402 nymum
345 2350 547 2402 quoddam
586 2350 841 2391 referendum
880 2355 1062 2391 censent.
1132 2349 1213 2391 Sed
1257 2349 1368 2389 nulla
1411 2349 1516 2388 ratio
1556 2351 1620 2388 est

147 2427 218 2457 cur
252 2415 355 2456 idem
387 2421 614 2457 statuamus
647 2416 696 2457 de
724 2417 850 2458 verbo
881 2417 1114 2469 σμαραγεῖν,
1146 2414 1195 2454 de
1226 2425 1306 2466 quo
1336 2415 1422 2455 EM.
1445 2414 1537 2467 720,
1555 2413 1619 2455 51.

149 2486 188 2523 et
222 2481 357 2523 Schol.
396 2482 506 2533 Lips.
545 2482 587 2523 Il.
627 2482 672 2523 II.
702 2482 794 2524 463.
831 2482 934 2522 haec
975 2481 1207 2523 disserunt:
1261 2482 1460 2532 σμαγαγεῖ
1493 2481 1625 2532 ψοφεῖ

148 2543 231 2587 ἀπὸ
260 2548 335 2586 τοῦ
365 2544 591 2600 σμάραγος·
638 2548 762 2588 τοῦτο
792 2545 835 2588 δὲ
863 2545 975 2600 παρὰ
1004 2543 1050 2587 τὸ
1081 2542 1324 2598 σπαράσσω·
1363 2545 1515 2598 κυρίως
1542 2540 1622 2597 γὰρ

148 2610 355 2665 σμάραγος
395 2609 418 2653 ὁ
457 2610 538 2655 ἀπὸ
573 2614 818 2667 σπαραγμοῦ
855 2607 963 2667 ἦχος.
1020 2610 1136 2653 ’Ἐστι
1172 2609 1215 2653 δὲ
1252 2610 1321 2653 καὶ
1357 2609 1495 2663 ἕτερον
1524 2620 1622 2663 σμα-

149 2680 262 2731 ραγῶ
301 2675 347 2719 τὸ
376 2676 533 2732 λάμπω,
573 2677 614 2730 ἐξ
643 2673 695 2721 οὗ
733 2676 986 2733 σμάραγδος,
1031 2675 1143 2733 παρὰ
1178 2674 1224 2720 τὸ
1261 2679 1393 2732 μαίρω
1421 2675 1491 2719 καὶ
1519 2673 1622 2718 κατὰ
