1699 3021
207 140 274 181 DE
306 138 594 180 NOMINIBUS
626 137 680 179 IN
708 137 734 178 ἶ)
759 135 1103 178 EXEUNTIBUS.
1138 138 1179 179 C.
1199 138 1262 180 IV.
1291 143 1329 187 δ.
1347 138 1386 182 8.
1446 140 1539 183 223

73 249 182 292 Sieb.
212 248 263 289 ad
285 249 404 289 Paus.
425 249 452 290 Ι.
472 248 537 300 21,
570 248 608 289 3.
640 247 737 288 VIII.
767 246 833 300 35,
862 245 900 287 3.
933 246 983 287 ab
1015 246 1158 288 eodem
1197 248 1377 289 fortasse
1405 253 1540 301 etymo

73 315 178 357 unde
209 311 373 355 Μέλινα
410 314 507 354 urbs
536 313 731 365 Argolica
767 311 841 353 sed
878 311 1131 364 reduplicata
1167 312 1284 353 litera
1320 314 1463 355 initiali
1499 320 1543 356 ut

71 377 228 434 βολβός,
260 377 448 433 βόλβιτον
478 385 555 420 elo.
587 379 778 430 Sequitur
807 377 875 417 illa
906 389 1122 430 nunquam
1152 389 1355 420 concessa
1381 383 1541 422 moveri

73 447 311 498 Camarina,
349 449 461 486 mota
492 450 624 485 lamen
654 456 677 484 a
707 443 1003 493 scribentibus,
1043 454 1134 482 nam
1165 454 1246 483 non
1278 457 1541 497 proparoxy-

72 517 199 552 Ionon
238 511 369 552 solum
407 511 554 561 legitur
594 509 667 550 sed
696 510 816 550 etiam
846 510 1066 561 Καμαρῖνοι
1097 513 1136 549 et
1171 510 1388 561 Καμαρῖνοι
1419 511 1542 551 Thuc.

71 578 134 618 III.
163 577 229 618 86.
260 577 322 617 VI.
354 588 391 616 ³.
426 575 538 617 Diod.
568 575 632 615 IX.
665 576 728 616 70.
767 576 920 625 Fragm.
950 574 1117 615 LXXIII.
1147 574 1238 615 320.
1280 576 1321 616 Τ.
1353 576 1416 615 IX.
1456 576 1541 616 Lu-

72 643 174 683 oian.
203 642 394 683 Pseudol.
433 648 471 688 ς.
502 641 566 682 32.
614 646 857 692 exutumque
902 640 1081 680 dorismo
1122 640 1341 693 Καμαρίνῃ
1380 641 1541 691 Scymn.

72 709 213 748 Desor.
235 708 327 749 293.
361 707 434 748 sed
465 707 694 747 damnatum
722 718 745 746 a
765 707 927 746 (Iritiois
957 706 1051 757 quia
1078 710 1227 757 poetae
1260 706 1400 746 ultima
1428 705 1542 746 brevi

72 778 238 814 utuntur
269 786 303 814 v,
334 773 509 813 Boeokh.
543 772 593 812 ad
622 771 733 813 Pmd.
758 772 818 813 01.
852 773 892 813 V.
922 772 958 812 4.
989 783 1122 823 neque
1150 772 1241 823 ipse
1271 772 1542 824 probaverim,

74 840 151 880 elsi
188 839 291 878 hanc
325 839 568 889 scripturam
607 849 690 877 non
732 838 837 877 sorte
878 843 1028 877 temere
1068 838 1267 878 invectam
1305 836 1427 877 oredo
1469 836 1541 877 sed

72 905 166 956 quia
204 903 400 955 paragogi
439 903 618 953 speeiem
657 903 827 954 praebet
857 915 880 943 a
908 901 1072 955 καμάρα
1109 903 1238 954 duoti3
1274 913 1406 954 neque
1437 903 1542 943 enim

71 981 153 1009 uon
191 968 404 1021 probabile
443 967 600 1006 videtur
648 968 788 1007 urbem
836 978 983 1007 nomen
1019 970 1233 1020 accepisse
1268 980 1293 1008 a
1331 968 1541 1008 canalibus

71 1033 302 1087 Hipparidis
334 1032 439 1072 fluvii
470 1044 574 1083 quos
603 1032 800 1072 Pindarus
833 1032 892 1073 Ol.
926 1034 967 1072 V.
999 1033 1062 1073 27.
1094 1029 1257 1084 ὀχετούς
1285 1038 1429 1086 vocat,
1468 1044 1542 1073 oa-

71 1100 186 1140 nales
220 1104 353 1139 autem
391 1095 570 1150 καμάραι
609 1099 696 1138 sive
731 1093 884 1150 ἀμάραι
918 1102 1139 1150 vocantur,
1178 1099 1344 1150 proprie
1382 1098 1542 1149 quidem

75 1166 283 1206 fornicati:
315 1161 436 1212 ψάλις
456 1161 620 1216 καμάρα
641 1159 851 1217 ὑδροῤῥόη
873 1163 1009 1204 Schol.
1031 1163 1081 1204 ad
1100 1163 1305 1204 Plat.459.
1329 1162 1402 1204 sed
1422 1164 1543 1203 etiam

73 1232 140 1283 qui
170 1230 444 1272 concamerati
474 1240 556 1269 non
595 1235 707 1270 sunt:
749 1226 886 1283 ἀμάρα
915 1226 939 1269 ὁ
969 1224 1102 1281 ὀχετὸς
1132 1229 1172 1269 δι’
1202 1221 1253 1269 οὗ
1283 1226 1326 1268 ἐν
1353 1231 1438 1276 τοῖς
1464 1224 1545 1282 κή-

71 1310 164 1344 ποις
191 1293 355 1349 φέρεται
382 1292 511 1346 ὕδωρ,
542 1293 699 1348 τάφρος
727 1293 753 1349 ἢ
782 1292 991 1348 ὑδροῤῥοή
1018 1296 1104 1336 ΕΜ.
1127 1297 1191 1349 77,
1224 1295 1285 1337 12.
1319 1294 1544 1347 eodemque

73 1367 262 1414 spectant
298 1361 490 1412 Hesyehii
530 1361 698 1411 glossae
732 1364 946 1414 καλαρῖνες
973 1356 1103 1413 ὀχετοί
1134 1385 1186 1389 —-
1214 1361 1441 1413 καλαρυγαί
1470 1357 1547 1400 τά-

73 1428 236 1482 φροι.”’3
286 1429 389 1469 Hine
430 1428 548 1467 etiam
589 1428 780 1479 Suspicor
820 1428 860 1468 in
900 1427 1067 1467 oraculo
1098 1427 1167 1466 illo
1199 1423 1254 1479 μὴ
1284 1427 1382 1467 κίνει
1411 1422 1545 1479 καμά-

73 1509 192 1546 ριναν
212 1505 294 1534 non
320 1492 506 1545 paludem
528 1493 635 1533 illam
658 1494 895 1534 Camarinae
925 1493 1098 1533 vicinam
1128 1492 1201 1533 sed
1231 1493 1399 1545 quasvis
1429 1492 1548 1533 eloa-

76 1571 146 1600 cas
178 1559 387 1600 deolarari.
434 1560 657 1599 Aooentum
689 1571 711 1599 a
735 1559 948 1600 Techniois
979 1557 1168 1598 traditum
1199 1558 1438 1598 confirmant
1458 1559 1548 1598 Γα-

77 1622 222 1676 λάρινα
246 1623 427 1674 ejusdem
450 1625 613 1665 Siciliae
635 1625 825 1677 oppidum
850 1629 889 1665 et
914 1621 1134 1674 Μυκέρινα
1152 1625 1330 1675 Aegypti
1358 1629 1401 1664 ut
1428 1623 1547 1664 vide-

77 1694 152 1730 tur.
202 1689 335 1729 Semel
373 1700 449 1729 neo
488 1691 576 1729 sine
613 1691 698 1729 vitii
738 1690 975 1741 suspicione
1003 1688 1150 1741 Αἰγίνη
1180 1689 1326 1740 legitur
1354 1690 1395 1729 in
1424 1690 1469 1730 H.
1499 1690 1546 1731 H.

77 1754 185 1806 quod
215 1754 250 1794 si
282 1754 515 1805 Slephanus
546 1755 880 1807 comprobasset,
918 1754 1113 1805 gentilioii
1151 1755 1321 1794 sormam
1358 1754 1548 1794 usitatis—

79 1821 219 1860 simam
250 1816 470 1872 Αἰγινήτης
508 1819 600 1859 hine
637 1820 774 1870 pomus
815 1824 944 1859 ortam
980 1819 1152 1859 dixisset
1191 1829 1311 1871 quam
1349 1830 1399 1860 ex
1429 1823 1548 1872 trope

76 1885 233 1925 vocalis
263 1888 290 1924 ᾶ
318 1886 359 1924 in
389 1885 416 1937 ἧ
446 1896 477 1925 s.
512 1885 691 1937 Βεμβῐνα
720 1909 772 1914 -
796 1884 1032 1937 Βεμβινίτης
1061 1880 1116 1931 ὡς
1135 1883 1408 1937 Σταγειρίτης·
1437 1880 1550 1937 παρὰ

78 1948 120 1990 ὸὲ
139 1946 289 2005 Ῥιανῷ
311 1948 572 2003 Βεμβινάτης·
602 1948 731 1991 ἔοικεν
759 1942 837 1990 οὖν
867 1949 988 2000 (adde
1018 1946 1090 2002 ὡς)
1122 1947 1342 2002 Αἰγινάτης
1370 1947 1439 1990 καὶ
1467 1950 1549 1990 Αἶ-

77 2013 242 2069 γινήτης
269 2012 373 2056 κατὰ
400 2013 578 2068 τροπήν,
609 2013 716 2055 οὕτω
744 2013 814 2055 καὶ
844 2012 1093 2068 Βεμβινάτης
1120 2013 1188 2055 καὶ
1214 2012 1464 2069 Βεμβινήτης
1492 2012 1549 2064 ὡς

83 2079 299 2129 Πανύασις
326 2095 361 2121 κ.
381 2095 413 2121 τ.
433 2083 465 2121 λ.
495 2092 575 2133 quo
606 2082 700 2122 loeo
722 2078 902 2135 Βέμβινα
930 2080 1188 2122 scribendum
1218 2085 1304 2133 est3
1332 2092 1425 2121 nam
1446 2092 1548 2134 pro-

79 2147 312 2200 perispasin
345 2145 602 2187 Grammatioi
631 2147 861 2187 nominibus
890 2147 1040 2187 italicis
1070 2145 1287 2187 vindicant.
1331 2145 1442 2186 Idem
1458 2142 1550 2187 Ῥέ-

78 2222 172 2253 σινα
198 2236 253 2242 -—
281 2212 315 2253 εἰ
341 2209 415 2265 μὲν
444 2208 500 2260 ὡς
519 2212 669 2264 Αἴγινα
696 2208 1150 2266 τονωθείηῬεσινάτης,
1181 2211 1213 2251 εἰ
1242 2208 1287 2251 δὲ
1315 2207 1371 2259 ὥς
1401 2208 1550 2265 Τέρινα

72 2274 318 2329 Ῥεσιναῖος,
357 2277 425 2318 ubi
463 2288 547 2318 non
583 2277 723 2318 dubito
762 2279 859 2330 quin
895 2279 1042 2331 Τερῖνα
1071 2276 1328 2319 scribendum
1358 2277 1433 2330 sit,
1471 2279 1549 2319 etsi

81 2345 247 2396 saepius
284 2340 433 2395 Τὲρινα
461 2343 608 2395 legitur
639 2344 802 2394 Soymn.
832 2344 974 2385 Desor.
1003 2344 1094 2384 305.
1126 2348 1165 2384 et
1202 2340 1368 2394 Τέρεινα
1394 2343 1490 2394 Lyo.
1511 2356 1546 2386 v.

80 2408 170 2450 726.
202 2413 243 2449 et
272 2408 389 2450 1008.
419 2409 627 2461 quaesita,
665 2414 709 2449 ut
739 2410 907 2463 opinor,
948 2409 1223 2461 synempmffl',
1262 2419 1381 2461 quam
1419 2410 1552 2462 signi-

171 2563 230 2605 43)
255 2562 400 2599 Eckliel.
428 2564 527 2598 Num.
553 2564 628 2599 Vet.
659 2575 691 2608 p.
723 2565 775 2600 16.
800 2564 1002 2600 Camarinae
1037 2574 1163 2599 nomen
1188 2565 1228 2599 ab
1254 2566 1392 2601 arabico
1418 2568 1552 2601 Kamm-

84 2620 106 2651 i.
134 2627 164 2653 e.
191 2618 270 2652 luna
294 2618 431 2653 ductum
454 2619 608 2663 ideoque
639 2621 673 2653 in
698 2621 844 2654 nummis
873 2620 973 2655 lunae
999 2622 1134 2661 signum
1161 2630 1363 2665 expressum
1382 2631 1462 2658 esse
1482 2632 1548 2658 ex-

82 2675 218 2708 istimat.
266 2673 337 2710 Sed
363 2674 430 2709 hoc
454 2683 521 2709 non
550 2676 709 2711 convenit
733 2675 807 2710 urbi
835 2685 854 2711 a
880 2676 1022 2711 Graecis
1049 2675 1224 2711 conditae.
