1731 3021
134 183 227 227 506
603 175 1041 219 DISSERTATIO
1083 175 1144 217 Xl.

135 293 287 335 faciunt
336 288 585 342 appellativa
630 286 814 339 ejusdem
858 285 1077 338 potestatis
1114 285 1299 337 κερατίας
1348 292 1388 327 et
1425 289 1608 339 κερατᾶς,

134 355 277 411 ἀργίας
304 360 343 397 et
370 351 519 407 ἀργᾶς,
548 353 732 400 παππίας
760 353 1040 403 novitiumque
1074 351 1254 398 παππᾶς.
1271 349 1307 376 32
1365 351 1498 400 Quare
1527 364 1609 394 no-

133 426 254 467 minis
276 418 452 468 Ἀκεσᾶς
480 419 630 472 triplex
657 419 723 459 vel
759 417 1013 470 quadruplex
1055 417 1170 468 origo
1210 419 1388 469 patescit
1419 413 1610 466 Ἀκεσίας

130 487 330 541 'Anemo-g,
355 483 647 538 Ἀκέσανδρος,
680 481 979 536 Ἀκεσόδωρος.
1046 482 1089 523 Id
1127 483 1231 523 enim
1271 483 1396 524 affero
1435 484 1611 536 exempli

136 567 283 608 oausa3
315 554 388 596 sed
419 556 514 595 sunt
543 552 666 602 longe
697 550 868 602 plurima
899 562 921 590 a
952 549 1232 590 dissimillimis
1259 560 1356 589 orsa
1377 550 1608 602 principiis:

139 622 291 675 Θωμᾶς
318 617 388 661 καὶ
416 619 589 671 Κοσμᾶς
618 612 700 657 ἀπὸ
729 616 805 656 τοῦ
834 612 1068 667 θαυμάσιος
1096 613 1166 655 καὶ
1195 611 1364 667 κόσμιος
1391 615 1478 656 ΕΜ.
1519 615 1610 666 101,

135 689 200 732 52.
229 693 268 729 et
304 686 354 728 ab
387 686 477 726 aliis
516 694 659 724 rursus
700 682 859 732 Πτερᾶς
896 683 1142 733 Apterorum
1183 681 1372 722 conditor
1412 681 1532 722 Paus.
1561 680 1609 721 X.

136 755 174 808 5,
207 753 270 796 10.
303 748 509 805 ’Λμπελᾶς
547 750 672 790 Leon.
709 748 822 788 Diae.
852 747 933 787 vii.
974 746 1063 787 113.
1099 743 1336 799 Ἐπαφρᾶς,
1381 747 1612 798 Παρμενᾶς,

140 818 360 865 Παλλαδᾶς
389 822 430 858 et
461 819 624 856 caetera
653 813 694 852 in
723 812 855 852 medio
888 812 1034 863 posita.
1094 811 1272 860 Quorum
1299 811 1613 852 inenarrabilem

135 886 376 927 varietatem
406 886 568 922 veteres
600 883 793 931 quantum
824 878 998 918 facultas
1031 877 1120 918 tulit
1150 877 1334 928 digerere
1355 878 1493 918 conati
1517 881 1612 918 sunt

137 952 390 1005 primumque
416 948 487 988 illa
517 957 622 998 quae
662 944 867 995 legitimae
898 944 1195 984 contractionis
1227 944 1406 995 speciem
1437 954 1535 994 prae
1566 953 1612 983 se

139 1020 292 1069 ferunt,
333 1015 599 1056 secreverunt
640 1022 664 1051 a
694 1010 919 1050 decurtatis
956 1008 997 1049 id
1037 1008 1146 1060 quod
1185 1021 1235 1050 ex
1271 1008 1438 1049 Arcadii
1473 1008 1612 1049 verbis

138 1085 310 1137 apparet
338 1090 489 1121 nomen
510 1075 662 1129 Ἑρμᾶς
693 1080 884 1127 tanquam
926 1074 1065 1114 dorice
1097 1079 1351 1114 contractum
1380 1074 1614 1126 separantis

138 1149 189 1191 ab
222 1144 443 1198 Ἀρτεμᾶς,
483 1143 592 1196 quod
627 1137 948 1192 ὑποκοριστικόν
985 1144 1107 1180 vocat
1148 1151 1378 1192 quanquam
1415 1141 1450 1181 is
1489 1151 1612 1193 verus

136 1214 454 1267 hypocorismus
492 1221 577 1250 non
618 1213 682 1250 est
721 1206 795 1248 sed
836 1206 1047 1258 corruptio
1085 1205 1359 1259 irrationalis,
1398 1217 1479 1257 qua
1507 1217 1615 1247 nunc

138 1291 302 1335 quoque
331 1279 496 1320 nomina
524 1275 728 1316 hominum
759 1271 1026 1324 productiora
1055 1275 1094 1311 et
1120 1271 1428 1313 immoderatius
1464 1283 1615 1313 excur-

138 1347 270 1388 rentia
300 1343 350 1384 ad
380 1344 499 1383 unius
530 1339 714 1392 syllabae
743 1337 808 1377 vel
837 1336 1004 1376 duarum
1036 1337 1246 1388 angustias
1266 1337 1502 1388 rediguntur
1523 1338 1614 1378 Ra-

141 1411 321 1464 dulpltus
352 1408 518 1462 (Ralph)
541 1405 747 1446 Nicotaus
781 1402 942 1454 (Claus)
972 1401 1160 1443 Jacobus
1200 1403 1324 1455 (Jost)
1364 1403 1609 1453 Rodcrz'cus,

139 1475 392 1519 Elizabetlea
423 1475 510 1514 sive
539 1470 726 1512 Isabella
756 1473 829 1509 etc.
889 1468 1001 1516 Quae
1031 1479 1129 1508 vero
1171 1468 1350 1519 legitime
1391 1469 1613 1510 contractis

140 1541 396 1585 adnumerari
433 1549 518 1579 non
556 1539 753 1589 possunt,
794 1532 1082 1585 quadrifariam
1122 1533 1326 1587 dividunt,
1366 1535 1408 1575 in
1446 1535 1616 1586 propria

139 1608 320 1657 Λουκᾶς,
346 1605 591 1657 Φιλητᾶς-
606 1601 852 1642 deminutiva
872 1601 1063 1652 λαχανάς,
1085 1594 1615 1653 ὀστρακᾶςῧῧ-θρίδῡοῐῐι-

140 1679 249 1717 mata
277 1672 443 1720 δακυᾶς,
474 1670 633 1723 φαγᾶς,
672 1670 818 1718 quarto
857 1677 907 1706 ea
944 1677 1048 1717 quae
1093 1660 1174 1705 ἀπὸ
1205 1664 1506 1719 συμβεβηκότος
1535 1678 1616 1707 vo-

141 1744 235 1782 cant
264 1743 308 1779 ut
336 1734 541 1790 τρεσᾶς,34
572 1734 620 1774 de
652 1732 799 1784 quibus
833 1732 1020 1772 omnibus
1053 1730 1133 1772 dixi
1162 1732 1204 1772 in
1227 1732 1361 1773 Wolfii
1390 1732 1520 1773 Anall.
1550 1732 1615 1773 ΙΙΙ.

139 1805 204 1848 51.
236 1803 318 1846 Sed
348 1802 457 1855 quod
486 1802 615 1854 primo
646 1799 740 1839 loco
772 1798 951 1849 positum
982 1802 1044 1838 est
1078 1797 1265 1848 Λουκᾶς,
1304 1798 1425 1839 nobis
1464 1799 1505 1838 in
1538 1809 1615 1838 co-

139 1871 380 1923 gitationem
408 1869 534 1908 refert
564 1876 689 1917 supra
719 1863 883 1903 allatum
915 1867 953 1911 ς.
985 1863 1021 1904 4.
1052 1864 1210 1911 Λοῦκις
1241 1868 1280 1904 et
1310 1864 1347 1905 si
1381 1863 1476 1916 quid
1506 1863 1616 1906 aliud

141 1936 302 1987 syllaba
331 1925 367 1982 ᾧ
396 1934 545 1974 finitum
576 1931 756 1984 speciem
788 1931 890 1981 gerit
919 1930 1235 1983 imminutionis,
1264 1941 1349 1970 non
1385 1929 1507 1971 modo
1546 1929 1616 1970 illa

141 2003 289 2054 quibus
328 2011 410 2040 una
449 1999 500 2040 ad
529 1998 803 2049 integritatem
843 1996 960 2036 litera
1000 1994 1116 2036 deest
1150 1993 1339 2048 Θέογνις,
1374 1992 1547 2047 Θέομνις
1576 1998 1616 2035 et

141 2064 345 2120 Κλέομνις
375 2078 425 2106 ex
458 2061 668 2116 Θεογένης,
701 2058 933 2114 Κλεομένης
963 2060 1121 2102 deflexa
1150 2074 1186 2103 v,
1214 2061 1384 2103 Franck.
1416 2060 1466 2101 ad
1486 2060 1613 2101 Inscr.

141 2134 318 2176 Richter.
348 2132 440 2172 240.
482 2130 555 2171 sed
595 2130 816 2182 praecipue
856 2139 960 2180 quae
1002 2126 1259 2168 Grammatici
1297 2127 1563 2177 exsignarunt
1593 2137 1617 2165 a

143 2199 438 2252 primitivorum
488 2195 749 2236 similitudine
796 2194 960 2246 lougius
997 2193 1223 2233 abstracta:
1264 2189 1430 2244 ἅστριας
1465 2187 1618 2234 ὑποκο-

229 2366 289 2408 32]
316 2362 452 2400 mm&
475 2361 693 2405 περισπᾶται
719 2358 776 2392 ἐπὶ
802 2357 1022 2402 σκώμματος
1047 2356 1089 2390 ὅν
1115 2356 1240 2391 Art-ad,
1260 2358 1314 2393 22,
1338 2358 1431 2393 idem
1453 2363 1506 2393 est
1526 2358 1618 2402 quod

142 2420 274 2461 Πέλλης
296 2419 464 2458 πέλλητος
488 2415 505 2450 ὁ
540 2418 659 2461 γέρων
682 2416 764 2451 lles.
792 2415 859 2449 hoc
883 2417 936 2450 est
959 2411 1082 2450 πολιός
1110 2417 1144 2448 et
1169 2413 1209 2447 ab
1237 2413 1501 2457 e·ode1u';etymo
1526 2413 1617 2449 unde

142 2476 265 2512 πελίας
288 2478 323 2510 et
349 2473 488 2509 Πελίας.

230 2541 290 2584 33)
316 2540 377 2574 His
403 2538 554 2573 additum
581 2537 777 2575 πινακιδᾶς
802 2538 867 2573 etsi
901 2539 1017 2572 tuetur
1043 2533 1310 2569 Choeroboscus
1336 2534 1447 2569 Cram.
1472 2534 1517 2569 ΙΙ.
1541 2534 1618 2570 295.

143 2597 179 2630 in
201 2596 357 2632 πινακᾶς
381 2594 580 2629 mutandum
602 2593 751 2637 videtur,
778 2593 871 2638 quod
895 2601 1022 2627 nomen
1047 2591 1100 2626 Du
1126 2589 1278 2633 Gangius
1304 2591 1497 2626 catillorum
1530 2599 1620 2626 con-

143 2651 311 2687 sectorem
335 2651 590 2694 interpretatur.

233 2727 294 2771 34]
320 2727 379 2762 Sic
406 2727 533 2770 scripsi
559 2736 619 2770 pro
645 2728 783 2770 τρέσας,
807 2725 898 2770 quod
923 2725 1098 2769 participii
1123 2723 1228 2760 modo
1255 2723 1460 2762 declinatur.
