1699 3021
190 129 257 172 DE
289 128 414 172 ΝΟΜ.
446 128 664 179 QUORUM
695 128 950 172 CHARACT.
985 131 1086 172 EST
1119 133 1205 174 Μῦ.
1243 136 1283 176 C.
1303 137 1328 179 1.
1361 143 1398 186 ς.
1419 140 1455 181 4.
1515 142 1599 184 163

119 239 278 282 dustria
298 238 512 291 repudiata
532 243 639 280 sunt.
670 239 812 291 Neque
843 244 977 280 tamen
1008 251 1091 282 non
1123 245 1206 283 veri
1237 245 1368 288 simile
1390 254 1453 290 est
1472 252 1598 293 multa

118 304 352 358 hujusmodi
380 315 607 357 progressu
635 306 831 358 temporis
860 307 1148 357 praeformatis
1172 310 1307 352 afficta
1327 324 1435 367 esse,
1467 327 1596 369 eaque

117 371 301 424 suspicio
333 372 510 422 pertinet
541 370 591 411 ad
623 371 757 411 omnia
787 371 934 423 quibus
965 373 1118 425 antiqui
1151 379 1280 417 testes
1312 377 1479 420 desunt:
1519 378 1595 422 άλ-

114 435 301 490 λάξιμος,
332 433 532 489 βάψιμος,
563 433 757 488 ἱλάσιμος,
788 434 1065 490 κουρεύσιμος,
1095 438 1299 494 νεάσιμος,
1330 442 1592 499 νεκρώσιμος,

114 501 354 556 πετάσιμος,
387 498 686 554 άποῤῥίψιμος,
718 499 981 555 ἐκφεύξιμος,
1012 504 1343 560 καταπαύσιμος,
1374 511 1592 565 παραγρά-

113 575 258 623 ψιμος,
289 565 608 621 λιθοβολήσιμος
648 573 686 608 et
725 570 998 621 compositum
1029 565 1252 625 άχρήσιμος
1281 576 1422 629 Sopat‚
1455 578 1588 619 Diaer,

114 649 152 690 p.
186 636 247 678 10.
280 636 321 677 T.
345 635 442 676 VIII.
472 635 557 675 EM.
579 635 670 684 727,
692 634 756 676 53.
806 635 942 686 Atque
976 635 1079 677 liaeo
1117 649 1166 679 eo
1199 642 1353 692 justior
1392 645 1589 698 suspicio,

114 714 195 756 quo
236 701 442 753 antiquior
482 704 557 741 est.
604 700 857 751 Phrynichus
894 700 979 742 Eol.
1018 701 1110 744 226.
1141 703 1362 759 γελάσιμον
1397 704 1452 761 μὴ
1491 706 1588 762 λέγε.

111 769 267 810 Moeris
303 765 425 814 ὤνιος
450 763 630 816 άπικῶς,
661 763 862 820 πράσιμος
890 768 1049 815 κοινῶς.
1089 770 1387 824 Moschopulus
1416 773 1465 815 ad
1492 775 1588 817 Hes.

114 834 217 887 Opp.
247 846 283 875 V.
315 833 378 874 71.
411 828 459 872 τὸ
488 831 646 879 αἰδοῖος
680 828 754 885 μὲν
781 830 1016 886 ποιητικόν,
1063 831 1110 875 τὸ
1149 834 1192 877 δὲ
1228 835 1439 892 αἰδέσιμον
1476 839 1589 895 παρὰ

111 903 198 948 τοῖς
225 901 400 946 κοινοῖς.
438 899 562 939 Exco.
591 902 688 950 post
716 899 847 950 Etym.
873 898 970 940 Gud.
995 898 1088 954 634,
1108 901 1172 943 23.
1205 900 1389 954 ἐπίδοξος
1417 901 1440 947 ὁ
1460 921 1589 959 προς-

109 963 279 1018 δόκιμος
308 960 331 1005 ὁ
359 964 510 1010 κοινῶς
538 961 752 1015 λεγόμενος
779 963 1116 1018 προςδοκήσιμος.
1155 970 1438 1012 Antiatticista
1465 985 1502 1025 p.
1521 973 1586 1015 84.

109 1028 321 1087 βρώσιμον
348 1027 521 1083 βρωτόν,
552 1029 730 1082 Δίφιλος
761 1043 794 1071 v,
826 1032 944 1071 Mein.
978 1031 1089 1072 Com.
1122 1034 1208 1075 Vol.
1239 1036 1300 1076 IV.
1331 1036 1423 1078 380.
1475 1039 1586 1080 Haec

108 1102 274 1152 praeter
307 1092 529 1150 άχρήσιμος
567 1095 821 1137 commodius
857 1097 1001 1137 suturis
1034 1098 1305 1149 subjiciuntur
1334 1113 1453 1153 quam
1484 1105 1588 1146 sub-

109 1164 300 1205 stantivis
330 1163 493 1214 syllaba
522 1152 584 1209 ἇῖς
611 1163 860 1213 terminatis3
898 1174 991 1203 nam
1023 1163 1191 1215 δίκτισις,
1227 1164 1398 1218 γέλασις,
1429 1167 1584 1222 ὅρασις,

107 1231 247 1283 βίωσις
285 1233 325 1270 et
366 1229 446 1269 alia
484 1231 553 1268 aut
589 1228 700 1267 nullo
738 1232 921 1279 tempore
961 1229 1002 1269 in
1041 1232 1379 1274 consuetudinem
1417 1242 1583 1289 recepta

106 1298 201 1337 sunt
232 1298 300 1335 aut
329 1293 567 1335 novissimis
600 1292 758 1333 demum
789 1294 942 1335 seculis
974 1303 1280 1339 succreverunt.
1322 1299 1404 1341 Sed
1426 1307 1583 1344 restant

104 1361 233 1402 multa
271 1372 376 1413 quae
416 1371 506 1400 oum
543 1360 687 1399 suturis
716 1360 879 1400 usitatis
920 1361 1070 1402 nullam
1101 1363 1402 1406 similitudinem
1433 1367 1584 1409 habent

104 1427 311 1480 κρίσιμος,
341 1423 560 1478 πλύσιμος,
600 1421 822 1478 πράσιμος,
867 1423 1059 1480 ζώσιμος,
1100 1425 1325 1482 πτώσιμος,
1364 1429 1583 1487 πλώσιμος,

106 1493 322 1546 omniaque
356 1504 406 1534 ea
435 1492 582 1545 quibus
615 1503 718 1544 quae
750 1493 986 1544 anteposita
1016 1499 1112 1534 sunt
1141 1495 1267 1536 verba
1296 1497 1337 1537 in
1365 1497 1446 1540 hoe
1478 1504 1583 1543 tema—

104 1571 207 1613 pore
244 1559 430 1601 vocalem
470 1559 634 1610 longam
674 1557 825 1598 habent
864 1555 1076 1612 στάσιμος,
1123 1558 1314 1614 βάσιμος,
1362 1562 1580 1619 άὶρέσιμος,

102 1623 303 1678 θύσιμος,
333 1622 524 1677 λύσιμος,
556 1635 728 1676 quorum
759 1624 981 1666 collatione
1009 1627 1149 1679 patefit
1181 1629 1300 1670 etiam
1330 1628 1512 1684 φύσιμος
1543 1640 1581 1674 et

104 1691 140 1733 si
161 1690 256 1743 quid
277 1690 407 1731 simile
426 1690 612 1729 vocalem
637 1689 802 1730 brevem
822 1691 985 1745 habere,
1018 1703 1066 1732 ao
1097 1695 1250 1744 pariter
1279 1695 1348 1735 illa
1380 1708 1484 1748 quae
1504 1711 1580 1740 ve-

103 1761 213 1798 teres
243 1767 328 1796 non
360 1755 610 1795 admiserunt
639 1755 718 1794 nisi
758 1766 847 1795 eum
878 1758 1256 1808 praepositionibus
1287 1762 1481 1813 copulata
1510 1762 1579 1805 ἐυ-

102 1820 282 1875 δόσιμος,
314 1817 579 1873 άποθέσιμος,
607 1817 891 1873 περιθέσιμος,
924 1817 1132 1876 ἀφέσιμος.
1190 1825 1302 1866 Haec
1333 1827 1578 1871 Grammati—

102 1900 176 1930 oos
201 1900 224 1928 a
244 1887 513 1929 substantivis
534 1887 576 1926 in
594 1878 658 1934 οἷς
677 1888 922 1939 repetivisse
940 1889 1154 1940 probabile
1176 1890 1217 1930 fit
1235 1890 1369 1933 Photii
1389 1897 1576 1949 exemplo

100 1954 258 2008 φασίμη
295 1950 411 2002 κύλιξ
449 1949 562 2004 παρὰ
597 1949 675 2006 τὴν
712 1950 854 2006 φάσιν.
914 1955 1089 1995 Tertiam
1125 1956 1326 2008 quandam
1362 1959 1469 2000 viam
1510 1962 1576 2002 in-

98 2031 270 2073 gressus
309 2019 551 2060 Eustathius
585 2019 703 2072 1254,
734 2019 798 2060 22.
831 2017 1051 2073 μόρσιμος,
1085 2021 1195 2073 quod
1223 2023 1309 2064 EM.
1351 2035 1374 2064 a
1402 2023 1576 2080 μόριμος

98 2086 313 2139 epenthesi
343 2085 488 2126 sibilae
519 2084 704 2125 effectum
730 2089 858 2139 putat,
888 2086 938 2127 ad
967 2088 1187 2129 secundam
1216 2090 1386 2141 perfecti
1417 2095 1573 2144 passivi

96 2163 316 2206 personam
347 2151 484 2192 refert.
544 2151 625 2192 Sed
663 2152 870 2192 nonnullis
901 2152 1042 2194 harum
1079 2155 1196 2195 trium
1227 2156 1430 2198 rationum
1460 2160 1571 2201 nulla

94 2219 308 2272 convenit,
351 2221 396 2258 ut
428 2214 661 2270 θανάσιμος
690 2221 730 2258 et
759 2213 1032 2271 εὐθνήσιμος,
1076 2231 1179 2272 quae
1211 2221 1245 2260 si
1276 2233 1366 2263 oum
1397 2224 1569 2277 simplici

91 2281 297 2338 θνήσιμος
327 2288 367 2324 et
395 2286 644 2337 θνησιμαῖος
682 2285 953 2337 conserimus,
990 2285 1089 2325 nulli
1130 2288 1326 2339 propiora
1355 2292 1572 2342 reperiun-

94 2355 158 2391 tur
198 2362 318 2403 quam
356 2350 512 2391 verbali
550 2346 726 2403 θνητός,
765 2361 858 2390 nam
894 2352 1044 2404 θνῆσις
1074 2353 1223 2392 aetatiS
1254 2359 1461 2398 extremae
1491 2362 1566 2399 est.

91 2416 236 2469 quue
273 2421 394 2470 pacto
434 2418 554 2457 etiam
587 2417 658 2457 illa
696 2416 891 2469 explicari
931 2423 1107 2470 possunt
1145 2430 1250 2470 quae
1289 2432 1416 2473 supra
1453 2418 1568 2465 attuli

92 2479 297 2534 στάσιμος,
328 2478 582 2536 ἀποθέσιμος
612 2486 688 2524 eto.
716 2493 793 2523 nec
821 2483 954 2524 minus
984 2481 1277 2537 μεταβλήσιμος
1306 2487 1443 2529 Schol..
1472 2489 1566 2530 Hes,

95 2546 246 2599 Theog.
277 2547 342 2590 89.
374 2548 624 2601 (quanquam
653 2544 875 2601 σύμβλησις
896 2553 1008 2590 extat
1026 2550 1133 2602 apud
1153 2552 1339 2605 Sextum)
1373 2556 1412 2593 et
1436 2567 1566 2594 κατα-

90 2607 290 2666 κρίσιμος,
331 2625 413 2666 quo
443 2616 642 2656 Arrianus
672 2626 773 2655 usus
815 2618 880 2655 est
918 2626 992 2667 pro
1023 2613 1274 2669 κατάκριτος.
1343 2615 1567 2673 Εὕθνητος

91 2689 174 2719 non
203 2680 405 2731 reperitur
436 2679 596 2733 quidem
633 2681 712 2722 nisi
745 2680 853 2733 apud
882 2681 1181 2723 infantissimos
1213 2682 1287 2724 sed
1315 2683 1409 2737 tingi
1439 2684 1561 2726 licuit.

1200 2748 1286 2790 11*
