1699 3021
301 167 369 209 DE
400 168 521 210 MUT.
554 168 761 211 TERMIN.
793 169 991 214 CAUSIS.
1036 172 1077 215 C.
1098 171 1143 214 11.
1185 178 1222 222 ὃ.
1248 176 1308 217 11.
1494 181 1554 224 43

77 278 173 319 dato
205 281 328 329 atque
359 288 563 319 concesso
593 289 677 320 non
706 280 894 331 protinus
931 281 1117 332 sequitur
1147 283 1257 335 quod
1286 285 1554 332 Buttmannus

76 343 221 385 sumsit
250 347 293 383 ut
320 343 467 398 βασιλῆ
495 344 710 385 scribatur.
774 345 818 385 In
848 345 1041 396 Hesychii
1070 347 1163 389 loco
1195 349 1395 393 lacunoso
1425 356 1554 396 Βασιλ

78 410 176 462 (sic)
206 406 233 462 ἢ
261 409 442 462 βασίλεια
470 411 660 450 Musurus
692 408 742 449 de
773 421 850 450 suo
882 410 1006 451 edidit
1035 409 1182 466 βασιλή
1214 420 1446 471 oxytonon3
1478 421 1552 463 sed

73 474 276 515 Arcadius
309 487 346 527 p.
380 475 468 517 109.
503 473 553 516 τὰ
583 474 638 522 εἰς
677 478 742 528 ιλη
776 471 1105 531 ὑπερδισύλλαβα
1132 477 1351 532 βαρύνεται
1379 486 1551 540 παστίλη

75 540 283 594 (σπατίλη)
321 541 494 594 μαρίλη,
531 540 724 594 μυστίλη,
765 541 833 582 ubi
868 542 1014 595 βασΙλη
1055 544 1260 587 excidisse
1300 555 1470 601 apparet
1501 563 1551 592 ex

75 617 234 647 canone
265 607 518 658 Theognosti
549 619 585 659 p.
618 606 707 648 111.
744 607 948 658 barytona
975 609 1016 648 in
1046 599 1122 663 η-λῆ
1158 615 1198 652 et
1227 614 1291 666 ιλη
1321 617 1548 669 complexo

71 671 159 714 Nec
206 673 337 713 minus
381 673 493 713 clara
540 673 737 726 Stephani
784 674 1021 749 praeceptio
1060 671 1251 729 Ἀγάμεια
1288 676 1443 732 λέγεται
1479 681 1550 723 καὶ

69 732 222 790 Ἀγάμη
261 733 317 785 ὡς
349 735 538 791 πρέσβεια
565 735 719 791 πρέσβη
758 736 827 779 καὶ
854 739 1035 792 βασίλεια
1063 742 1218 797 βασίλη.
1289 742 1478 788 Δύναται
1507 746 1549 789 δὲ

72 801 142 843 καὶ
178 800 225 844 τὸ
257 799 448 856 Ἀγάμεια
486 801 530 844 ἐκ
566 805 642 844 τοῦ
675 799 838 857 Ἀγάμη.
898 805 1045 847 Verum
1075 808 1154 848 hoc
1189 809 1323 851 edicto
1355 819 1549 865 quantum

73 869 124 910 ad
152 875 346 910 accentus
379 870 653 920 cognitionem
685 871 930 924 proficimus,
963 875 1115 914 tantum
1147 886 1310 930 causae,
1342 889 1422 930 qua
1450 881 1550 921 niti—

73 940 148 988 tur,
179 935 355 975 claritati
388 935 572 975 officitur.
639 935 741 976 ΝἸιιι
780 937 814 976 5ἰ
844 936 1010 989 βασίλη,
1048 943 1090 979 ιιι
1120 940 1188 981 ille
1218 942 1458 999 arbitratur,
1498 958 1548 987 ex

71 1001 253 1054 βασίλεια
281 1004 469 1041 coactum
501 1005 576 1053 est,
609 1012 630 1040 e
660 1012 827 1041 numero
859 1007 1074 1057 motorum,
1105 1017 1185 1057 quo
1216 1018 1294 1048 nos
1322 1011 1547 1066 retulimus,

70 1068 193 1120 longe
222 1065 519 1118 segregandum
544 1034 632 1106 erit.
689 1065 771 1106 Sed
790 1067 869 1107 hoc
890 1068 1127 1120 priusquam
1151 1071 1330 1127 cedatur,
1362 1078 1548 1128 exempla

71 1132 339 1176 examinanda
368 1136 474 1173 sunt.
521 1132 697 1172 Primum
725 1127 879 1185 πρέσβη
908 1133 943 1172 si
974 1134 1122 1176 alicubi
1152 1137 1357 1180 inventum
1389 1142 1548 1197 fuisset,

71 1210 190 1240 nemo
223 1198 454 1239 dubitasset
491 1197 585 1238 hinc
623 1193 777 1250 πρέσβα
815 1209 1058 1241 conversum
1098 1201 1234 1244 dicere
1266 1209 1384 1257 trope
1412 1207 1548 1249 ionica

71 1270 115 1306 ut
143 1261 283 1317 τόλμα,
311 1259 479 1316 νύμφα,
518 1264 629 1317 τῆθα
659 1264 795 1305 Schol.
826 1265 869 1305 Il
900 1265 963 1306 Ill
996 1266 1084 1308 130.
1144 1269 1225 1310 Sed
1261 1281 1343 1311 non
1380 1273 1546 1315 invento

71 1331 206 1372 coacti
236 1335 330 1371 sunt
359 1325 514 1381 πρέσβα
544 1332 612 1368 aut
643 1340 666 1368 a
697 1326 914 1382 πρέσβειρα
943 1337 1131 1383 repetere
1164 1334 1272 1375 sacta
1304 1337 1421 1378 trium
1451 1339 1548 1380 lite-

70 1407 204 1438 rarum
230 1399 395 1447 jactura
423 1395 508 1435 EM.
539 1394 631 1436 687.
663 1395 799 1437 Schol.
822 1396 893 1438 Od.
915 1397 958 1438 V.
980 1397 1070 1438 215.
1103 1403 1171 1438 aut
1202 1411 1225 1439 a
1251 1399 1443 1455 πρέσβεια
1472 1416 1548 1445 ex-

72 1473 197 1504 cussa
227 1461 477 1514 diphthongo
509 1465 552 1500 ut
583 1461 903 1503 Choeroboscus
933 1463 1062 1505 Cram.
1089 1464 1134 1505 Il.
1155 1465 1247 1506 253.
1279 1471 1319 1507 et
1349 1470 1486 1512 Schol.
1507 1471 1548 1512 Il.

69 1528 171 1570 XIV.
198 1527 287 1569 194.
316 1526 417 1569 XIX.
449 1526 540 1568 491.
571 1521 627 1573 ὠς
654 1523 779 1579 ταχὺς
807 1531 944 1580 ταχεῖα
974 1526 1108 1577 οὕτως
1135 1528 1311 1585 πρέσβυς
1337 1532 1547 1589 πρέσβεια·

68 1594 190 1634 τοῦτο
209 1590 252 1633 ὁὲ
270 1593 419 1645 γίνεται
440 1589 542 1633 κατὰ
561 1590 775 1646 συγκοπὴν
792 1591 959 1647 πρέσβα.
989 1596 1071 1636 Αιιι
1090 1601 1265 1648 quatuor
1286 1600 1381 1642 illuc
1406 1614 1548 1644 escen-

70 1659 214 1701 derunt
244 1659 458 1711 gradibus:
489 1655 690 1711 πρέσβεια,
721 1656 896 1712 πρέσβεα
927 1660 988 1711 (ut
1004 1658 1152 1714 θήλεα)
1183 1660 1349 1718 πρέσβη,
1378 1664 1545 1721 πρέσβα,

70 1737 150 1778 quo
182 1725 351 1766 artificio
382 1724 632 1776 Stephanum
663 1735 778 1766 usum
802 1736 896 1765 esse
919 1727 1122 1780 suspicor,
1154 1740 1282 1780 eaque
1302 1732 1396 1771 mihi
1421 1744 1546 1774 causa

71 1795 136 1832 est
167 1801 238 1830 cur
267 1787 446 1842 πρέσβη,
479 1800 693 1842 quousque
725 1788 831 1829 desit
859 1791 976 1832 testis
1009 1793 1180 1846 certior,
1211 1794 1262 1835 ad
1291 1797 1545 1847 probandum

71 1867 212 1909 parum
252 1855 386 1896 habile
426 1854 580 1894 ducam.
646 1853 788 1905 Neque
836 1855 927 1906 plus
968 1856 1197 1899 adminiculi
1234 1860 1274 1900 in
1313 1863 1545 1906 nominibus

70 1922 271 1975 propriis,
311 1931 482 1973 quorum
513 1919 560 1960 de
581 1930 660 1959 uno
685 1918 794 1971 quod
817 1919 913 1960 dicit
935 1922 1181 1978 Stephanus,
1212 1926 1320 1966 valet
1341 1927 1390 1968 de
1412 1931 1546 1971 omni-

70 1988 146 2028 bus
177 1998 260 2027 non
289 1987 421 2027 solum
452 1986 636 2026 locorum
676 1984 749 2026 sed
790 1986 910 2027 etiam
941 1987 1145 2030 hominum
1174 1992 1387 2033 vocabulis
1420 1996 1545 2036 Πλει-

68 2050 244 2106 στοὸὀκη
266 2048 581 2093 Πλειστοὸὀκεια
605 2051 690 2091 EM.
710 2051 803 2102 397,
820 2051 885 2092 43.
915 2050 1116 2107 Λαοὸάμη
1136 2055 1295 2099 Maxim.
1315 2058 1378 2103 93.
1406 2061 1543 2104 Schol.

69 2119 163 2161 Eur.
192 2118 258 2160 Or.
287 2119 323 2159 5.
354 2114 609 2170 Λαοδάμεια,
634 2112 881 2171 Ἱπποκράτη
907 2133 1054 2170 -εια,
1086 2119 1276 2176 Διομήδη
1305 2139 1433 2176 -εια,
1472 2130 1544 2169 Ti-

68 2182 219 2238 μαρέτη
249 2198 393 2233 -εια,
436 2179 695 2237 Ἀριστολόχη
725 2197 854 2223 -εια
881 2185 1001 2226 Antll.
1042 2187 1144 2238 App.
1175 2187 1267 2232 305.
1303 2185 1546 2245 Ἀλεξάνδρα

71 2263 206 2300 -εια,
245 2249 297 2291 ib.
324 2249 415 2292 287.
447 2251 608 2303 aliaque
638 2262 673 2292 v.
704 2250 849 2291 Parall.
881 2248 1022 2291 321.51
1061 2261 1166 2303 quae
1196 2253 1231 2294 si
1263 2253 1435 2300 diversis
1468 2260 1544 2300 tri-

69 2438 126 2482 plo
152 2437 515 2473 illacrocatalectorum
538 2438 733 2479 chcvtcve'tj,
758 2438 918 2478 Ὠκαλίη.
967 2438 1038 2473 Sed
1063 2438 1272 2474 ῑιολυανθία
1303 2442 1451 2488 γλήχων
1465 2446 1541 2481 Nic,

70 2493 130 2528 Th.
155 2493 234 2529 877.
258 2494 287 2527 Si
313 2503 373 2537 pro
399 2493 607 2535 noxum-7155
625 2495 698 2529 sive
716 2492 941 2526 nahmen-‘nuc
959 2492 1013 2535 (ut
1030 2492 1204 2527 εὐάνθεια
1223 2495 1327 2540 Orph.
1348 2498 1389 2533 H.
1410 2499 1448 2534 X.
1472 2502 1542 2546 11.)

69 2549 172 2590 valet,
205 2550 500 2592 proparoxytonos
533 2549 754 2585 scribendum
786 2553 823 2583 ut
857 2549 953 2593 ἱέρεα
988 2549 1084 2583 Pind.
1119 2550 1154 2584 P.
1181 2550 1236 2585 lv.
1261 2551 1293 2588 9.
1331 2563 1410 2590 nam
1440 2557 1542 2603 alpha

70 2603 177 2639 breve
203 2606 266 2638 est.
314 2603 429 2639 Variat
452 2604 566 2646 θήλεα
592 2609 627 2641 et
651 2605 778 2646 ιἰηλέη,
805 2604 869 2639 sed
893 2604 977 2638 illud
1002 2604 1204 2648 praefertur.

159 2663 219 2706 51)
261 2663 454 2707 Stephanus
487 2675 577 2709 quae
603 2665 701 2701 allert
735 2666 895 2709 exempla
919 2675 961 2700 ex
987 2665 1134 2700 diversis
1159 2666 1312 2703 confudit
1335 2672 1540 2714 generibus:

71 2718 162 2759 Ζέλη
187 2719 329 2757 κέλεαι,
361 2719 505 2764 ’Λγιὶθη
527 2720 701 2766 ’Api-‘ma
728 2722 866 2765 aliaque
897 2730 1040 2765 quorum
1065 2730 1131 2757 nec
1155 2725 1268 2766 etyma
1292 2733 1547 2769 cognoscuntur
