1699 3021
318 149 385 189 DE
418 147 705 190 NOMINIBUS
735 146 789 188 IN
816 146 845 186 ῦ
872 143 1219 187 EXEUNTIBUS.
1258 147 1299 187 C.
1334 146 1397 187 Ill.
1510 146 1594 189 197

123 269 157 299 c.
193 257 256 298 XI.
294 256 386 298 800.
421 258 463 298 T.
504 256 565 297 VI.
607 261 647 297 et
686 252 798 303 οἶνος
838 251 1100 307 Περπερηνός
1138 266 1212 306 pro
1256 256 1506 307 Περπερῐνυς
1544 254 1593 296 dc

123 322 243 363 Meth.
274 322 365 362 Cur.
395 322 478 363 XII.
508 323 545 372 4,
575 322 668 364 833.
700 323 741 363 T.
770 321 818 362 X.
848 321 1103 361 homotonon
1132 319 1243 359 urbis
1274 322 1427 361 nomini
1450 325 1492 361 ut
1513 323 1591 360 Xo-

118 385 319 440 λοβοτηνή
350 412 403 417 -—
431 385 478 428 τὸ
507 385 679 428 ἐθυικόν
708 384 858 440 ὁμοίως
896 382 963 427 διὰ
989 381 1066 438 τὴν
1101 381 1309 436 πρόληψιν
1341 386 1430 438 (τῆς
1458 400 1587 425 κατα-

118 450 286 506 λήξεως)
315 450 360 493 ἐν
387 454 444 509 τῷ
471 451 728 509 πρωτοτύπῳ
759 458 798 494 et
828 446 1032 506 Σιβερηνή
1061 447 1108 490 τὸ
1146 447 1318 491 ἐθνικόν
1347 449 1586 503 Σιβερηνός

117 516 440 572 προκατελήφθη
468 516 547 572 γὰρ
581 515 604 560 ὁ
632 517 761 566 τύπος
789 517 833 559 ἐν
861 519 919 574 τῷ
948 512 1203 570 πρωτοτύπῳ
1236 517 1375 567 Steph.
1394 517 1427 541 ¹0
1474 516 1587 557 Unde

118 584 214 636 quid
244 585 401 626 differat
427 581 688 637 Ἄγκυρανός,
719 586 862 637 paucis
893 582 1120 635 explicabo,
1180 582 1413 633 Stephanus
1443 593 1475 622 s.
1497 579 1588 633 ’'Ay-

117 664 225 703 κυρα
254 662 303 690 ea
333 662 436 702 quae
466 663 489 691 a
518 653 696 703 genitivo
730 662 832 703 puro
864 649 1051 701 prosecta
1080 647 1174 698 sint,
1203 647 1244 686 in
1274 647 1496 699 penultima
1526 647 1590 687 al—

118 716 198 767 pha
227 716 391 767 longum
423 721 461 757 et¹
492 717 694 769 primitivo
726 727 807 756 una
826 713 986 766 syllaba
1015 714 1157 766 plus¹¹
1186 714 1337 753 habere
1364 712 1461 753 dicit
1484 710 1588 753 Ἀσι-

116 779 228 832 αυός,
260 780 508 835 Καρδιανός,
545 780 756 834 Παριανός
786 786 861 822 etc.
892 791 1018 831 quare
1049 776 1286 832 Βοτρυηνός
1324 779 1461 831 culpat
1492 782 1587 819 tan—

116 859 236 899 quam
269 845 513 899 παραλόγως
550 849 696 889 tioium.
754 848 847 898 Ipse
886 849 1020 885 tamen
1058 842 1213 898 Διηνός
1250 844 1365 885 affert
1403 855 1454 884 ex
1495 845 1586 896 epi—

115 917 338 963 grammate
376 913 496 952 Anlh.
527 913 712 965 Append.
743 924 780 952 n.
813 912 904 952 253.
946 910 1109 951 dialecti
1148 911 1309 951 ratione
1345 913 1585 950 excusatum

116 981 160 1018 ut
185 973 370 1030 Ἀριηνός
407 979 577 1029 Dionys.
616 990 652 1019 v,
684 978 801 1019 1098.
827 972 1039 1028 Ἀδριηνός
1068 977 1163 1017 Eur.
1192 977 1316 1028 Hipp.
1346 975 1438 1016 736.
1478 974 1585 1016 haud

115 1046 333 1084 constante
363 1047 518 1096 tamen,
549 1055 641 1083 nam
676 1039 833 1089 Κιανός
863 1041 1060 1091 scriptum
1092 1045 1155 1081 est
1185 1040 1378 1094 Apollon.
1408 1041 1434 1080 l.
1468 1040 1584 1081 1354.

115 1112 156 1149 el
186 1106 441 1160 Βακτριανός
478 1109 628 1149 Herod.
668 1109 695 1150 Ι.
734 1107 797 1149 92.
841 1107 909 1158 qui
946 1102 1184 1158 Σαρδιηυός
1222 1105 1357 1145 dicere
1397 1105 1506 1145 solet
1545 1111 1585 1145 et

110 1169 394 1227 Ὀλυμπιηυός,
426 1172 666 1227 Ματιηνός,
698 1174 819 1225 idque
858 1171 960 1211 adeo
1003 1171 1196 1212 Straboni
1237 1170 1424 1210 adhaesit
1462 1170 1488 1210 Ι.
1518 1169 1582 1210 49.

113 1239 186 1280 sed
216 1240 472 1293 redarguitur
502 1240 779 1291 compluribus
811 1237 1008 1288 exemplis
1038 1236 1243 1287 legitimae
1274 1236 1428 1275 formae
1447 1236 1583 1274 Ματι-

111 1302 220 1352 ανός.
278 1305 385 1345 Idem
415 1306 733 1358 Ethnographus
752 1301 909 1353 Ἴστρος
934 1299 1003 1342 καὶ
1017 1297 1176 1353 Ἰστρία·
1196 1299 1243 1341 τὸ
1262 1295 1582 1351 ἐθνικὸνἸστρι-

111 1367 211 1417 avos
249 1368 319 1410 καὶ
367 1368 471 1411 κατὰ
499 1368 656 1424 τροπὴν
681 1365 919 1422 ’[στριηνός,
963 1367 1073 1420 quod
1112 1372 1151 1408 et
1191 1369 1232 1408 in
1270 1367 1386 1407 libris
1425 1366 1582 1406 nostris

110 1436 256 1488 legitur
296 1440 336 1476 et
374 1437 416 1477 in
452 1438 625 1477 nummis
663 1449 699 1477 v.
730 1435 906 1477 -Eckhel
935 1434 1076 1475 Doctr.
1104 1434 1149 1474 II.
1186 1433 1247 1475 13.
1279 1435 1320 1473 et
1358 1431 1464 1472 idem
1503 1431 1583 1471 alia

110 1498 299 1554 Μαρσύοι
325 1498 373 1542 τὸ
401 1499 573 1543 ἐθνικόν
600 1498 862 1555 Μαρσυηνός
878 1501 936 1555 τῷ
964 1500 1036 1552 τῆς
1061 1494 1195 1547 Ἀσίας
1220 1496 1351 1554 τύπῳ,
1384 1498 1581 1549 Βολογεσ-

110 1564 200 1614 σιάς
230 1565 564 1621 Βολογεσσιηνός,
597 1565 725 1621 Βιζύη
756 1562 976 1619 Βιζυηνός,
1008 1576 1082 1616 pro
1115 1576 1195 1616 quo
1226 1565 1267 1605 in
1297 1563 1470 1604 nummis
1502 1563 1581 1602 Βι-

109 1629 257 1681 ζυανός
294 1633 486 1686 legimus,
525 1635 791 1685 similiterque
831 1626 1073 1684 Γορδυηνός
1109 1629 1312 1670 Plutarch.
1350 1624 1581 1679 Μοτυηνός

110 1697 226 1737 Diod.
257 1697 359 1738 XIII.
392 1698 456 1739 63.
486 1699 585 1739 XIV.
618 1700 683 1740 52.
707 1701 823 1749 cujus
855 1696 934 1736 alia
965 1697 1095 1735 forma
1124 1697 1344 1742 Μοπυαῖος
1366 1694 1576 1745 Stephano

107 1762 294 1815 probata,
320 1761 542 1816 Ἀρσυηυός
573 1764 710 1805 Galen.
742 1762 862 1803 Meth.
893 1761 984 1802 Cur.
1014 1760 1096 1800 XII.
1128 1760 1167 1809 4,
1186 1758 1279 1800 833.
1301 1760 1343 1801 T.
1356 1760 1445 1801 Χ.12
1465 1760 1577 1810 Καρ-

107 1824 287 1880 δουηυός
326 1827 475 1870 Zosim.
516 1830 579 1871 ΙΙΙ.
608 1829 676 1871 31.
707 1829 866 1880 (omiss.
906 1827 949 1866 iu
988 1825 1125 1877 Thes.)
1165 1822 1395 1878 Καπυηνός
1430 1825 1573 1876 Polyb.

196 1972 252 2013 10)
288 1971 347 2005 Sic
372 1973 475 2006 etiam
501 1970 664 2015 Αἰαμήιή
694 1971 779 2013 (sic)
810 1967 1127 2012 „ihc'uqugSteplr
1157 1967 1219 2002 sed
1240 1967 1306 2000 alia
1323 1966 1577 2010 quadrisyllaba

108 2030 267 2062 crescunt
290 2026 484 2071 Κορομιῖιή
513 2025 772 2070 Κορομαιίῑνός
799 2028 864 2060 ele.

195 2081 253 2123 11)
285 2084 452 2118 Σπανίως
478 2081 516 2114 δὲ
545 2081 627 2114 δυσὶ
651 2081 843 2123 συλλαβαῖς
865 2077 1063 2123 περιττεύει
1087 2077 1132 2114 ὡς
1154 2076 1192 2110 τὸ
1216 2074 1435 2121 Ταυριανός,
1461 2079 1573 2120 Σκορ-

106 2136 244 2173 πιιινός,
261 2135 455 2181 Ζυγιανός,
482 2135 572 2180 ἅπερ
599 2136 669 2169 ἀπὸ
692 2136 752 2168 τοῦ
770 2137 953 2179 Σκορπίου
978 2134 1039 2167 καὶ
1064 2131 1216 2176 Ταύρων
1234 2132 1295 2164 καὶ
1310 2131 1442 2174 Ζυγῶν
1458 2129 1573 2175 παρά-

106 2204 185 2237 γειν
217 2191 355 2225 ἐοίκασι
382 2192 569 2235 (εἰώθασι)
596 2190 784 2235 δυνάμενα
820 2191 881 2223 καὶ
908 2188 999 2222 αὐτὰ
1038 2187 1108 2221 ἀπὸ
1131 2188 1316 2232 προτέρων
1339 2184 1577 2229 παράγεσθαι

105 2247 273 2285 τοπικῶν,
299 2250 462 2292 Ζυγίων,
487 2249 690 2291 Σκορπίων,
717 2248 901 2289 Ταυρίων,
936 2245 995 2278 ubi
1030 2244 1132 2278 saelle
1166 2245 1263 2277 esset
1296 2242 1470 2283 corrigere
1503 2239 1574 2273 ἀπὸ

105 2302 176 2335 τῶν
199 2301 388 2345 Σκόρπων,
414 2305 444 2338 si
469 2303 571 2347 modo
596 2311 778 2337 nossemus
803 2301 954 2344 Scorpos
986 2300 1043 2334 vel
1065 2299 1228 2341 Scorpios
1262 2296 1318 2331 vel
1343 2296 1571 2338 Sc01·pianos;

105 2367 182 2392 nam
192 2361 425 2402 Σκορπιανοί,
449 2358 541 2402 quod
552 2368 594 2393 ex
607 2357 782 2393 Herodoto
801 2357 908 2398 affert,
927 2365 993 2390 non
1010 2355 1190 2397 reperitur.
1215 2353 1248 2387 Is
1262 2353 1366 2394 igttur
1387 2351 1572 2394 scripsisse

106 2413 243 2447 VIdetur
276 2411 388 2457 ὥςπερ
425 2413 495 2446 ἀπὸ
528 2413 593 2446 τοῦ
626 2412 769 2457 Κάρποι
807 2410 1012 2457 παράγεται
1044 2407 1202 2452 Κάρπιοι
1249 2408 1310 2439 καὶ
1355 2407 1571 2450 Καρπιανοί,

109 2467 282 2503 ethnicum
309 2468 350 2501 ab
376 2469 514 2503 ethnico
539 2472 576 2504 ut
599 2468 738 2512 Σόγδοι
762 2466 914 2511 Σόγδίοι
937 2464 1147 2509 Σογδιανοί.

198 2523 255 2565 12)
289 2523 380 2559 Male
403 2524 462 2557 hic
481 2522 661 2568 Ἀρσυϊνός
690 2523 818 2558 editum
838 2525 891 2557 est
909 2524 944 2556 et
967 2529 1035 2554 non
1055 2521 1150 2553 recte
1168 2515 1371 2560 Ἀρσυήιιιος
1389 2516 1433 2552 de
1451 2515 1571 2559 Comp.

107 2588 141 2621 p.
168 2577 271 2611 Locc.
298 2578 342 2612 11.
373 2580 450 2615 517.
478 2579 514 2613 Τ.
541 2578 614 2613 XII.
640 2576 831 2622 Ἀρσυη-νός
854 2577 1048 2620 Stephanus
1087 2583 1129 2609 ex
1149 2571 1376 2616 Ἀρσυσιηνός
1409 2574 1571 2607 contrac-

110 2637 180 2666 tum
207 2632 292 2666 dicit
315 2633 406 2666 κατὰ
431 2633 615 2677 συγκοπὴν
638 2634 698 2673 τῆς
717 2624 767 2665 In.
813 2629 1046 2676 Καρδουηνός
1070 2639 1089 2663 a
1120 2629 1248 2664 ceteris
1283 2627 1396 2664 differt
1433 2626 1574 2663 defectu

109 2689 271 2731 primitivi
299 2692 334 2722 ut
360 2687 554 2731 Γορδιηνός
579 2689 753 2732 proprium
778 2689 839 2723 viri
866 2691 902 2724 et
926 2688 994 2722 alia
1018 2694 1108 2729 quae
1127 2684 1240 2720 omisi.
