1731 3021
154 172 240 214 132
637 166 1065 210 DISSERTATIO
1115 167 1171 210 ΙΙ.

155 297 222 330 νες
261 281 348 323 sive
385 278 592 334 βουβῶνες
622 278 832 331 dicuntur,
869 278 982 319 bulla
1019 288 1150 329 aquae
1179 278 1374 331 βομβυλίς
1403 278 1490 320 sive
1519 292 1630 331 πομ-

155 346 288 403 φόλυξ
328 351 367 388 et
408 346 701 399 praetermissa
740 345 901 396 syllaba
939 345 1189 396 paragogica
1227 345 1377 397 πεμφίς
1411 341 1631 397 πομφόλυξ

154 416 250 457 Hes.
275 413 427 465 κυρίως
453 409 527 465 μὲν
553 408 772 463 πομφόλυξ
800 408 909 450 ἐστὶν
938 405 962 462 ἡ
993 407 1255 457 ἐπιπεσόντος
1280 408 1432 457 ὕδατος
1455 407 1499 450 ἐν
1521 406 1630 451 ὑπο-

153 479 323 536 κειμένῳ
342 477 464 521 ὕδατι
482 475 772 524 ἐπανάστασις·
801 477 883 516 νῦν
903 473 946 516 δὲ
967 474 1029 517 ε’πὶ
1047 473 1178 529 πυρὸς
1196 474 1472 529 κατεχρήσατο
1493 476 1631 517 Schol.

155 550 268 590 Arat.
298 546 389 588 980.
421 548 460 586 cl
489 545 670 584 vicissim
699 542 903 583 Nicander
935 543 1051 583 Ther.
1077 542 1170 583 213.
1201 539 1450 595 φλύκταιναι
1477 538 1631 596 πέμψι-

157 615 219 665 ξιν
248 609 470 665 ἐειδόμεναι
500 606 648 660 ὑέτοιο,
678 609 747 649 ubi
778 608 915 649 Sehol.
946 605 1126 661 πὲμφυξι
1156 607 1236 659 (Sic
1267 608 1345 648 duo
1378 607 1513 661 codd.)
1542 609 1632 656 ταῖς

156 678 309 734 φύσαις
344 680 432 724 ταῖς
461 673 505 716 ἐν
533 676 590 731 τῷ
620 672 739 715 ὕδατι
767 670 1000 726 γινομέναις
1028 671 1271 726 πομφόλυξι.
1340 672 1517 714 Galenus
1553 685 1632 714 au-

149 742 236 787 'tem
266 744 419 785 Desinn.
449 753 487 793 p.
520 739 611 781 399.
644 740 686 780 Τ.
716 736 1108 800 ΧΙΞπεμφιγώδης
1135 741 1428 790 interpretatur
1457 739 1631 791 φλυκτί-

154 812 228 859 δας
251 802 583 860 παρασκευάζων.
612 827 667 833 —-
695 805 740 844 In
770 807 840 844 ολλ
869 827 922 833 ——
952 809 1116 856 praeter
1141 800 1407 854 Μαύσολλος,
1439 805 1506 856 qui
1537 805 1631 857 ple-

154 887 323 927 rumque
353 868 594 918 Μαύσωλος
624 870 770 910 dicitur
798 883 834 912 v.
863 870 1003 911 Eckel.
1026 870 1163 911 Doctr.
1196 869 1303 910 1111.
1326 869 1417 911 596,
1447 870 1627 911 Bocckh.

154 942 205 982 ad
234 941 361 981 Inscr.
392 949 429 977 n.
453 936 573 979 2691.
606 948 643 988 p.
670 936 763 977 470.
797 941 836 977 et
867 936 1065 989 quaedam
1094 935 1332 987 ignobilium
1362 935 1519 976 urbium
1548 948 1631 977 no-

152 1009 262 1049 mina
299 1004 487 1056 (Abolla,
520 1002 712 1054 Acholla)
753 1014 874 1042 unum
917 1003 1154 1042 terminatur
1192 998 1367 1053 ἄβολλα,
1411 1001 1521 1053 quod
1550 1002 1630 1042 nisi

154 1072 315 1115 aliunde
346 1072 387 1110 in
418 1069 628 1110 Graeciam
657 1069 912 1121 iinmigravit⁷
955 1079 1005 1108 ex
1043 1063 1226 1120 ἀναβολή
1268 1069 1523 1106 contractum
1565 1070 1630 1108 est

153 1139 219 1181 vel
249 1137 452 1178 detortum
483 1135 533 1175 ab
564 1131 712 1187 ἄβολος
739 1133 779 1174 id
810 1137 874 1175 est
903 1129 1066 1184 ἁπλοῖς,
1110 1133 1175 1173 cui
1206 1133 1427 1184 opponitur
1456 1127 1482 1185 ἡ
1512 1131 1629 1186 δίβο-

152 1207 222 1252 λος
250 1203 385 1257 φᾶρος
414 1201 587 1241 διπλοῦν
616 1200 711 1240 Hes.

264 1274 303 1317 ς.
332 1268 369 1309 2.
425 1266 489 1308 Ad
513 1277 723 1318 paragoga
742 1277 874 1317 neque
894 1265 974 1305 hoc
996 1264 1173 1317 pertinet
1203 1275 1337 1316 neque
1366 1275 1469 1316 quae
1491 1264 1627 1306 Draco

153 1349 192 1390 p.
217 1336 282 1378 57.
314 1334 429 1374 affert
456 1336 795 1385 proparoxytona
821 1332 872 1384 τῇ
899 1326 965 1371 διὰ
991 1331 1069 1371 τοῦ
1093 1334 1122 1369 ῦ
1150 1327 1367 1385 διφθόγγῳ
1386 1328 1628 1384 παραληγό-

151 1417 265 1456 μενοι,
281 1400 458 1449 δίαυλος,
482 1399 633 1447 ἴουλος,
650 1395 895 1449 κούμουλος,
914 1408 1085 1448 quorum
1107 1395 1330 1436 secundum
1352 1408 1401 1436 ex
1421 1397 1626 1448 bisyllabo

153 1468 294 1520 erevit,
317 1466 477 1506 tertium
492 1466 558 1505 vix
575 1463 672 1504 illud
686 1468 748 1504 est
769 1462 877 1515 (laod
889 1462 1073 1502 Zonaras
1096 1458 1222 1502 σάτον
1242 1463 1535 1514 interpretatur
1554 1462 1628 1504 sed

151 1534 290 1587 potius
321 1532 463 1573 Martis
492 1542 641 1572 nomen
673 1529 876 1581 Camulus,
908 1528 1018 1580 quod
1047 1538 1195 1579 graece
1226 1525 1448 1580 Κάμουλος
1471 1532 1510 1569 et
1534 1525 1628 1568 Κά-

149 1601 277 1653 μυλος
307 1598 500 1639 scribitur
533 1609 569 1637 v.
601 1596 809 1636 Schaefer.
841 1593 890 1634 ad
920 1594 1023 1634 Plut.
1057 1595 1099 1634 T.
1132 1595 1176 1635 V.
1199 1594 1290 1635 466.
1338 1594 1434 1634 Plus
1467 1594 1628 1634 emolu-

150 1665 274 1706 menti
325 1663 566 1715 promittunt
612 1662 806 1712 Hesychii
854 1660 1023 1711 glossae
1068 1657 1339 1712 Σπὲργουλον
1381 1655 1629 1712 ὀρνιθάριον

149 1729 294 1784 ἶν’γριον
327 1733 366 1769 et
399 1729 639 1780 Περγοῦλον
668 1722 914 1779 ὀρνιθάριον
949 1722 1061 1777 ἄργει
1089 1722 1191 1777 λέγω
1224 1723 1388 1778 (ἄγριον
1405 1721 1626 1778 λέγουσιν).

149 1798 192 1838 Id
226 1795 452 1837 Salmasius
483 1794 684 1834 aeolicum
714 1795 830 1844 putat
861 1803 935 1843 pro
966 1788 1199 1843 σπεργύλος,
1231 1791 1311 1832 hoe
1334 1795 1467 1832 autem
1497 1791 1627 1831 demi-

149 1863 329 1902 nutivum
349 1871 444 1900 esse
471 1859 647 1899 nominis
666 1855 855 1910 σπέργυς,
888 1857 998 1908 quod
1028 1869 1102 1909 pro
1133 1854 1309 1911 πρέσβυς
1339 1858 1418 1898 diei
1439 1861 1626 1910 constat3

149 1929 209 1969 sic
238 1938 336 1967 vero
370 1925 585 1965 trochilum
614 1924 863 1976 appellatum
894 1924 1021 1963 luisse
1051 1923 1281 1975 Hesychius
1307 1927 1482 1964 testatur
1499 1919 1627 1977 πρέσ-

147 1995 223 2047 βυς
260 1988 283 2032 ὁ
321 1991 514 2044 τροχίλος.
581 1991 693 2030 Haec
732 1988 946 2030 admodum
983 1990 1086 2028 scite
1127 1991 1360 2041 excogitata
1399 1993 1462 2029 est
1491 1990 1625 2042 rati03

148 2070 242 2100 num
272 2069 370 2098 vera
401 2058 475 2110 sit,
516 2056 690 2097 dubitari
719 2056 825 2096 licet.
887 2054 1017 2094 Hodie
1049 2054 1210 2106 quidem
1239 2066 1435 2107 passeres
1465 2063 1626 2108 σπουρ-

147 2127 256 2177 γΐται
284 2126 485 2163 vocantur
515 2122 621 2163 sieut
659 2122 753 2161 olim
789 2118 990 2174 στρουθοὶ
1026 2125 1217 2172 πυργῐται
1248 2121 1297 2161 ab
1339 2132 1387 2161 eo
1420 2119 1529 2172 quod
1560 2124 1625 2162 est

148 2187 321 2243 πύργος,
361 2188 454 2227 huic
485 2192 619 2227 autem
651 2188 815 2238 cognita
845 2186 1032 2226 videntur
1068 2185 1279 2238 πέργαμον
1309 2190 1348 2227 et
1378 2185 1547 2238 pergula
1582 2186 1624 2228 id

148 2260 212 2296 est
240 2253 457 2306 πυργίδιον
486 2254 611 2293 Arist.
642 2252 744 2303 qu.
778 2251 868 2292 702.
899 2251 1005 2292 unde
1034 2249 1285 2304 περγούλους
1315 2252 1448 2292 dictos
1479 2252 1624 2303 suspi-

148 2332 240 2372 cor3
287 2320 366 2361 nisi
405 2320 543 2371 potius
584 2321 647 2358 est
687 2329 768 2357 vox
806 2318 1040 2368 germanica
1077 2319 1187 2369 Spar
1224 2317 1451 2370 (Sperling)
1487 2315 1624 2369 φάρος

148 2397 306 2439 passer.
374 2386 491 2426 Alius
534 2383 717 2424 aviculae
757 2394 906 2423 nomen
946 2388 1009 2423 est.
1039 2380 1279 2435 πυρῥούλας
1315 2383 1365 2423 ab
1395 2383 1622 2424 Aristotele

147 2452 236 2493 sine
265 2451 348 2491 ulla
376 2451 527 2502 figurae
560 2448 767 2489 colorisve
798 2448 1076 2500 descriptione
1104 2452 1396 2499 memoratum3
1446 2447 1556 2500 quod
1585 2449 1622 2489 si

148 2527 172 2557 a
199 2513 357 2567 πυῤῥός
388 2515 583 2566 originem
614 2514 756 2568 traxit,
794 2515 1015 2567 paragogis
1045 2514 1215 2555 accedit.
1276 2514 1424 2555 Cetera
1452 2514 1621 2566 propria

148 2584 244 2622 sunt
274 2582 493 2622 Γαιτοῦλοι
530 2577 605 2627 οὓς
629 2574 918 2633 Ἀθηνόδωρος
949 2582 981 2620 I
982 2580 1218 2626 ἀιτουλίους
1245 2574 1359 2631 λέγει.
1410 2573 1620 2630 Ἡρωδια-

145 2643 218 2694 νὸς
255 2642 298 2686 δὲ
334 2642 634 2700 προπαροξύνει
671 2641 802 2698 λέγων
837 2643 900 2685 ὅτι
935 2641 985 2685 τὰ
1022 2645 1078 2693 εἰς
1111 2635 1195 2692 ff
1217 2641 1533 2698 παραληγόμενα
1568 2645 1620 2698 τῇ

147 2708 215 2753 διὰ
256 2713 333 2753 τοῦ
366 2717 395 2753 ῢ
432 2708 785 2765 προπαροξύνεται
834 2711 949 2753 Eust.
997 2710 1047 2752 ad
1086 2711 1203 2752 Dion.
1244 2710 1336 2754 215.
1387 2711 1619 2752 Βαστουλοί
