1747 3005
254 155 320 196 DE
341 153 466 195 ΝΟΜ.
492 151 709 203 QUORUM
731 149 880 192 CHAR.
902 148 1003 190 EST
1027 147 1197 190 SIGMA.
1230 149 1271 190 C.
1293 149 1318 190 I.
1341 154 1378 198 §.
1398 150 1434 191 3.
1493 149 1575 193 2113

104 271 173 307 aut
213 264 370 306 urbium
409 263 571 304 nomina
618 265 686 303 aut
724 260 933 302 muncrum
960 256 1146 312 Ἴνησσα,
1188 255 1450 311 Μάρπησσα,
1498 256 1575 300 Τέ-

102 339 273 385 κμησσα.

211 410 252 453 §.
275 405 312 446 3.
369 404 583 445 Nominum
606 404 645 443 in
668 412 754 450 ισος
773 403 1003 443 exeuntium
1025 401 1101 441 tria
1122 404 1215 441 sunt
1237 410 1400 450 genera.
1433 399 1574 451 snum,

101 473 218 523 cujus
248 471 334 511 iota
364 474 509 509 natura
539 469 661 509 breve
693 473 756 509 est
786 480 862 509 nee
893 467 1098 520 positione
1131 465 1380 517 producitur,
1411 461 1577 511 κύτισος

101 542 141 578 et
170 533 339 588 τάμισος
377 535 426 575 ab
459 535 610 586 ignotis
641 534 786 585 etymis
819 537 929 585 orta,
973 537 1012 572 et
1042 542 1146 583 quac
1175 531 1368 583 Aloiphro
1410 531 1521 571 finxit
1553 542 1580 573 a.

104 603 238 642 futuro
266 601 497 652 composita
518 596 808 652 Χιδρολέπισος
837 598 900 638 111.
921 597 993 649 Ep.
1018 596 1081 637 62.
1106 592 1470 648 Ῥαγοστροὲγγισος
1500 596 1574 648 Ep.

102 668 165 708 42.
215 666 403 708 Secundo
436 666 693 705 continentur
724 663 925 703 vocabula
954 664 994 702 in
1024 672 1148 712 ισσος,
1180 674 1284 714 quae
1314 663 1466 714 pariter
1494 661 1575 701 illis

102 736 440 784 proparoxytona
471 735 583 770 sunt:
624 725 896 781 κυπάρισσος,
928 725 1166 780 νάρκισσος,
1197 724 1425 774 Μέλισσος·
1464 736 1577 780 σεση-

100 798 264 850 μείωται
290 794 336 837 τὸ
365 793 585 848 Τελμισσός
612 796 705 835 Are.
734 795 880 846 quibus
905 795 1194 845 Theognostus
1215 792 1277 834 73.
1303 792 1441 843 adJicit
1465 788 1576 844 Κύρ-

101 872 268 916 μισσος,
302 860 528 910 Πόλισσος,
555 857 810 912 Ἀρχῑ-μισσός
838 856 1030 911 ποταμός,
1063 858 1287 910 aequaliter
1316 858 1457 908 ignota
1472 857 1507 881 ¹⁰
1537 861 1576 897 et

102 940 226 980 porro
267 927 385 979 adJici
426 930 602 977 possunt
642 926 894 965 Calamissus
932 924 1118 965 Locridis
1160 923 1351 975 oppidum
1380 923 1480 962 Plin.
1512 923 1575 963 IV.

100 992 137 1034 3.
169 991 244 1046 (4.)
276 993 339 1033 cui
371 991 502 1033 simile
533 987 726 1042 Καλάμαι
754 991 986 1030 Messeniae
1015 991 1152 1042 vicus,
1185 987 1414 1041 ’Ἀμφισσος
1443 988 1576 1039 Apol—

101 1057 194 1097 linis
224 1057 328 1098 filius
360 1059 508 1097 Anton.
538 1057 622 1097 Lib.
652 1068 684 1095 c.
717 1055 780 1096 32.
821 1066 969 1096 nomen
1010 1067 1034 1095 a
1075 1055 1383 1107 praepositione
1415 1053 1576 1093 ductum

103 1127 144 1162 ut
162 1120 371 1176 ’Ἄμφισσα
399 1118 468 1162 διὰ
500 1117 546 1161 τὸ
577 1119 684 1173 ὄρεσι
714 1118 967 1173 περιέχεσθαι
997 1120 1120 1172 Harp.
1155 1124 1193 1159 et
1212 1116 1418 1169 ’Ἀντισσα,
1461 1117 1576 1159 ἔπισ-

102 1197 191 1238 σαι,
230 1185 430 1240 περισσός.
496 1188 681 1228 Priorum
731 1188 845 1238 origo
884 1186 1066 1226 nescitur
1108 1185 1181 1226 sed
1222 1189 1417 1225 accentus
1462 1189 1577 1225 extra

102 1254 232 1294 aleam
271 1255 433 1305 positus
472 1256 547 1293 est.
613 1252 672 1291 De
712 1252 832 1291 tertio
869 1262 1019 1302 genere
1059 1250 1259 1290 Arcadius
1300 1250 1443 1290 eodem
1481 1251 1574 1290 loco

100 1314 151 1358 τὰ
179 1315 205 1357 ι’
231 1314 492 1369 ἐκτεταμένον
520 1315 663 1369 ἔχοντα
692 1311 900 1365 ὀξύνεται,
931 1311 1144 1367 Κηφισός,
1181 1310 1342 1365 Ἰλισός,
1381 1311 1575 1366 κερδισός.

103 1382 157 1423 Εἰ
185 1379 228 1423 δέ
257 1397 294 1423 τι
311 1379 642 1435 βεβαρυτόνηται,
672 1377 927 1434 παρώνυμον
956 1378 1096 1434 ὤφθη,
1128 1377 1294 1431 ἄρκισος
1320 1377 1479 1433 ἄρκισα,
1510 1377 1578 1420 λά-

101 1458 214 1502 ρισος
259 1445 416 1500 λάρισα.
484 1449 558 1489 Hic
602 1459 676 1499 pro
720 1443 904 1499 κερδισός
941 1446 1235 1487 restituendum
1275 1450 1338 1487 est
1377 1443 1578 1498 Κεδρισός

103 1515 210 1556 unde
240 1514 449 1567 Κεδρίσιοι
479 1512 517 1553 οἱ
550 1513 818 1553 Κυδωνιᾶται
846 1513 941 1554 Hes.
973 1514 1021 1553 cs.
1052 1512 1232 1553 Hoeckh.
1261 1513 1302 1551 in
1325 1512 1446 1552 Creta
1473 1512 1502 1551 I.
1536 1511 1573 1552 5.

103 1580 246 1632 Ignota
285 1585 380 1622 sunt
410 1577 622 1633 ’Ἁρκισος,
667 1578 777 1631 quod
815 1579 971 1619 Coraes
1011 1589 1061 1618 ex
1099 1577 1200 1618 Plut.
1230 1577 1273 1618 V.
1303 1578 1443 1630 Pelop.
1473 1576 1574 1617 XIII.

104 1645 290 1698 sustulit,
333 1650 372 1686 et
400 1642 592 1696 ’Ἁρκισα,
633 1644 706 1684 sed
746 1655 795 1684 ex
835 1643 1101 1695 sequentibus
1142 1639 1369 1695 Λάρισος11
1400 1638 1574 1693 Λάρισα,

103 1722 208 1763 quae
238 1711 475 1763 plerumque
512 1710 642 1761 sigma
680 1709 829 1761 duplex
859 1709 1028 1761 liabent,
1069 1709 1260 1760 suspicor
1288 1708 1399 1748 illum
1428 1718 1577 1748 nomen

103 1777 216 1817 urbis
247 1777 455 1829 posuisse,
486 1775 595 1827 quod
624 1775 665 1814 in
696 1774 811 1815 codd.
841 1773 1048 1814 nonnullis
1069 1774 1191 1815 Thuc.
1209 1773 1271 1814 IV.
1299 1772 1386 1814 128.
1405 1770 1578 1825 ’Ἀρυισα

104 1842 300 1894 scriptum
337 1845 400 1882 est
438 1847 479 1882 ut
504 1839 676 1894 ’Ἀργισα
713 1841 754 1880 in
793 1839 1070 1891 compluribus
1110 1840 1152 1880 ll.
1183 1839 1228 1879 Il.
1260 1837 1350 1879 738.
1384 1849 1458 1890 pro
1476 1835 1578 1890 ’'Ap-

103 1916 236 1959 γισσα,
269 1911 308 1947 et
339 1907 509 1959 proinde
541 1903 869 1958 etiam’iAQmoog
899 1905 935 1945 ei
965 1909 1105 1945 notum
1135 1905 1263 1945 fuisse
1292 1915 1441 1944 nomen
1471 1904 1578 1944 fluvii

105 1984 128 2012 a
160 1973 425 2024 Theognosto
456 1977 720 2013 memoratum
761 1971 784 2012 l.
817 1981 849 2011 c.
882 1971 949 2022 qui
980 1970 1028 2010 de
1059 1969 1202 2010 eodem
1233 1980 1382 2020 genere
1412 1981 1577 2010 macro-

104 2037 406 2090 paraleetorum
436 2039 674 2090 praecipere
699 2036 857 2078 videtur
887 2035 960 2077 sed
990 2035 1186 2086 exemplis
1207 2034 1339 2075 dubiis
1363 2039 1402 2074 et
1424 2046 1577 2075 aceen-

105 2103 213 2144 tibus
244 2115 369 2156 Saepe
397 2104 625 2155 perversis:
656 2098 708 2141 τὰ
736 2099 804 2143 διὰ
833 2102 908 2142 τοῦ
938 2092 1027 2148 ἶσος
1054 2097 1265 2153 βαρύτονα
1293 2096 1417 2152 κύριοί
1443 2114 1483 2139 τε
1510 2098 1578 2140 καὶ

106 2166 379 2221 προςηγορικὰ
409 2166 476 2209 διὰ
504 2170 580 2209 τοῦ
606 2163 625 2208 ἶ
665 2165 895 2222 γράφονται
931 2163 1121 2220 δηλονότι
1158 2166 1230 2218 τῆς
1262 2162 1580 2219 παραληγούσης

201 2354 258 2397 10)
285 2354 313 2388 Α
339 2353 545 2402 Κύρλιιισᾳος
571 2364 638 2390 non
663 2355 766 2398 longe
791 2354 967 2399 discrepat
990 2351 1204 2399 Μυρμισσός
1229 2349 1329 2387 πόλις
1353 2349 1473 2393 Steph.
1511 2360 1577 2385 cu·-

105 2412 163 2453 jus
190 2411 224 2442 in
244 2409 443 2444 accentibus
463 2411 555 2445 nulla
571 2411 776 2454 auctorita53
802 2420 863 2454 pro
885 2409 1058 2446 Πόλισσος
1078 2409 1222 2443 fortasse
1242 2406 1418 2442 Βάλισσος
1441 2407 1579 2450 scripsit

110 2466 202 2500 iluvii
230 2475 355 2501 nomen
381 2467 436 2501 vel
463 2465 635 2503 Βάλισσος
671 2466 786 2508 urbis,
819 2465 874 2500 vel
909 2468 1018 2499 totum
1051 2465 1272 2508 depravatum
1306 2465 1359 2496 est
1392 2470 1435 2496 ex
1464 2460 1577 2498 πόλις.

106 2522 166 2553 Ἐν
204 2521 369 2565 Βορισσῷ
398 2521 602 2564 Philostorg.
632 2521 687 2556 IX.
715 2521 748 2563 9,
775 2520 851 2556 519.
879 2519 918 2552 ἐν
941 2521 1107 2564 Βηρίσοις
1132 2528 1174 2554 ex
1199 2517 1328 2552 Basilm
1354 2515 1452 2550 affert
1474 2515 1575 2550 Dind.

109 2579 141 2610 in
167 2576 228 2610 Th.

199 2641 256 2684 11)
281 2639 436 2685 Λάρισος
458 2640 567 2675 Strab.
594 2641 685 2676 vm.
714 2641 791 2679 387.
818 2639 996 2684 Λαρισσός
1020 2639 1106 2673 Plut.
1124 2638 1163 2673 V.
1183 2637 1316 2682 Philop.
1341 2636 1414 2672 Vll.
1436 2639 1471 2672 et
1493 2636 1575 2672 alibi

108 2694 286 2740 Λάρισσος
307 2705 337 2729 v.
363 2696 554 2731 Tzschuck.
581 2696 624 2731 ad
648 2695 758 2733 Strab.
786 2694 840 2730 IX.
869 2695 947 2731 649.
