1747 3005
261 147 327 188 DE
358 148 482 190 ΝΟΜ.
503 148 723 197 QUORUM
750 149 900 191 CHAR.
922 149 1023 190 EST
1046 148 1217 190 SIGMA.
1250 152 1291 190 C.
1316 151 1361 192 11.
1389 154 1476 200 §.3
1508 154 1601 196 427

129 255 339 296 vocant.¹⁷
394 257 444 297 Et
474 257 636 309 longius
669 257 884 299 deductum
922 254 1130 311 εἰρεσιώνη
1168 258 1218 299 31)
1257 254 1374 312 εἶρος,
1413 261 1524 313 quod
1560 263 1602 304 in

128 321 301 360 transitu
331 333 496 363 casuum
528 329 595 364 tau
625 335 707 363 non
736 324 892 376 recipit.
950 323 1223 364 Usitatissima
1259 336 1357 366 vero
1395 331 1458 367 est
1489 327 1601 369 deri-—

126 385 236 425 vatio
269 386 563 437 adjectivorum
592 390 631 429 in
659 399 786 442 ησιος,
817 389 987 429 maxime
1018 399 1041 428 a
1073 390 1304 430 nominibus
1338 392 1492 442 primae
1523 393 1599 435 de-

127 450 360 493 clinationis
403 455 624 508 femininis,
665 452 821 507 Ἀλώνη
855 450 1122 506 Ἀλωνήσιος,
1171 450 1314 508 Ἰθάκη
1347 451 1594 510 Ἰθακήσιος,

129 514 309 570 Μυκάλη
344 516 624 572 Μυκαλήσιος,
655 518 827 573 Στρύμη
858 515 1133 572 Στρυμήσιος,
1167 518 1434 574 Πεντελήσιος
1455 524 1594 576 Ξῑθρὴ.

126 592 158 622 s.
190 584 358 635 Δελφοί,
391 590 427 625 et
458 598 481 625 a
511 585 611 626 deae
643 587 805 626 nomine
828 581 1068 637 Ἑκατήσιος
1096 590 1138 625 nt
1162 581 1414 639 Ἐκαλήσιος,
1445 589 1495 629 31)
1518 600 1596 641 ap-

125 646 331 698 pellativis
374 648 552 703 λιτησιος
599 651 896 693 Nonn.XL111.
945 650 1034 692 137.
1077 646 1311 703 ἡμερήσιος,
1360 651 1598 707 πρυμνήσια

124 710 242 752 Diod.
274 713 374 756 XIV.
419 716 483 757 55.
528 716 577 757 de
614 728 694 768 quo
726 716 882 757 Pollux.
922 715 947 756 Ι.
987 715 1050 757 93.
1090 717 1270 757 sortasse
1304 719 1440 781 mitius
1477 731 1595 772 quam

123 787 198 828 par
229 784 290 819 est
312 779 470 830 judicat
500 779 668 834 ἐγχωρεῖ
691 782 748 837 τῷ
778 776 951 832 ὀνόματι
977 783 1169 834 χρῆσθαι,
1202 779 1281 822 κᾶν
1308 797 1334 836 ῃ
1372 783 1595 837 ποιητικόν,

125 846 164 882 et
193 842 271 884 hoc
313 845 492 888 deteiius
531 845 743 900 πρωρήσια
785 847 921 888 Schol.
961 847 1056 897 Lyc.
1088 847 1597 903 295.Ε1Ι.693,38.λι-

122 905 300 960 μνήσιον
344 911 496 952 herbae
535 924 683 953 nomen
727 925 846 965 quam
885 913 1138 964 antiquiores
1185 914 1398 966 λιμνήστιυ
1436 922 1596 959 vocant.

122 973 185 1014 Ab
215 975 291 1028 his,
322 987 427 1028 quae
457 978 497 1017 in
528 969 580 1025 οξ
604 978 810 1018 excidunt:
841 974 969 1025 Αἶνος
995 974 1193 1030 Αἰνήσιος
1221 979 1352 1021 Strab.
1390 979 1596 1035 Λιθήσιος

118 1035 328 1082 Ἀπόλλων
368 1038 391 1082 ὁ
430 1044 487 1098 τῷ
523 1041 567 1084 ἐν
605 1041 756 1099 Μαλέᾳ
794 1043 900 1098 λίθῳ
947 1041 1266 1095 προςιόρυμένος
1305 1042 1361 1092 ὡς
1397 1041 1480 1086 ἀπὸ
1516 1048 1593 1088 τοῦ

121 1103 336 1158 Μάραθος
361 1106 643 1162 Μαραθήσιος
672 1109 811 1162 Steph.
840 1105 976 1160 μύρον
995 1106 1264 1162 ιΜεγαλήσιον
1287 1105 1368 1150 ἀπὸ
1393 1109 1595 1163 Μεγάλου

122 1170 373 1214 Σικελιώτου
404 1174 504 1216 Ρο11.
535 1187 614 1226 quo
648 1179 781 1215 tamen
812 1175 1002 1214 testatior
1032 1179 1095 1214 est
1116 1176 1320 1227 scriptura
1339 1174 1595 1228 Μεγάλλειον

122 1234 204 1278 ἀπὸ
234 1236 458 1290 Μεγάλλου
489 1241 576 1280 sive
607 1237 838 1280 Μετάλλου.
899 1239 980 1280 Sed
1011 1240 1237 1281 consimilis
1270 1245 1333 1281 est
1363 1242 1492 1284 flexus
1518 1244 1595 1285 ad-

116 1304 363 1354 jectivorum
405 1301 552 1356 βροτός
591 1309 630 1345 et
659 1301 897 1357 βροτήσιος,
927 1300 1123 1355 νύκτερος
1152 1303 1439 1360 νυκτερήσιος,
1479 1313 1516 1349 et
1554 1310 1595 1351 in

123 1379 313 1409 sermone
343 1369 590 1410 Graecorum
621 1370 740 1421 huJus
773 1369 921 1409 aetatis
953 1365 1139 1420 ἐλαφειος
1167 1367 1411 1423 ἐλαφήσιος,
1442 1371 1594 1425 προβα-

120 1447 224 1482 τειος
251 1432 536 1488 προβατήσιος,
567 1435 808 1486 quibuscum
848 1435 1026 1475 conserri
1062 1434 1158 1475 licet
1197 1437 1364 1488 antiqua
1389 1432 1596 1487 Ἑκάλειος

122 1503 162 1541 et
185 1496 450 1553 Ἑκαλήσιον,
490 1500 586 1541 illud
624 1500 760 1552 Jovis‚
800 1500 880 1540 hoc
917 1499 1158 1540 solemnium
1196 1512 1366 1554 nomen,
1407 1507 1446 1544 et
1486 1505 1596 1556 quod

120 1566 367 1616 Apollonius
398 1566 558 1605 navium
589 1566 815 1606 retinacula
843 1565 964 1605 modo
995 1566 1192 1617 πείσματα
1222 1570 1433 1619 πρυμναῖα
1471 1576 1596 1612 vocat

122 1631 244 1671 modo
261 1631 532 1678 *substantive
561 1628 809 1683 πρυμνήσια,
830 1627 1121 1678 3111Ἑκατοιῖος
1140 1636 1178 1671 et
1192 1627 1440 1684 Ἑκατήσιος,
1460 1637 1594 1686 Στρυ-

120 1698 242 1747 μαῖος
271 1696 350 1748 (sic
380 1695 469 1736 cod.
500 1696 656 1749 Steph.)
689 1702 728 1736 et
758 1693 1082 1748 Στρυμήσιος.Ῑδ
1136 1698 1172 1736 Α
1199 1698 1430 1739 nominibus
1452 1702 1595 1742 tertiae

121 1763 270 1801 Έτειον
296 1757 343 1801 τὸ
372 1755 455 1801 κατ’
487 1759 586 1812 ἔτος,
618 1759 779 1814 ἐτήσιον
808 1762 903 1802 Hes.
936 1772 1039 1813 quae
1070 1761 1265 1802 discernit
1295 1764 1593 1817 Moschopulus

122 1827 268 1869 Sched.
302 1826 392 1868 109.
425 1824 548 1874 ἔτειος
577 1823 600 1867 ὁ
628 1824 803 1879 χρόνιος,
834 1823 992 1879 ἐτήσιος
1021 1823 1064 1866 δὲ
1092 1822 1139 1866 τὸ
1169 1821 1252 1867 κατ’
1275 1824 1373 1879 ἔτος,
1396 1841 1472 1870 neo
1496 1842 1591 1872 raro

121 1893 319 1933 differunt.
378 1894 414 1932 Α
450 1890 612 1945 κάρφος
654 1898 696 1933 ut
734 1892 905 1941 videtur,
942 1889 1194 1944 καρπήσιον,
1236 1895 1352 1944 cujus
1392 1892 1515 1935 λεπτὰ
1542 1892 1592 1936 τὰ

120 1955 260 2011 κάρφη
293 1958 429 1999 Galen.
469 1958 518 1999 de
548 1958 683 1999 Antid.
713 1958 740 1999 I.
772 1958 834 1998 72.
867 1958 909 1999 T.
945 1957 1046 1998 XIII.
1110 1959 1147 1997 Α
1185 1958 1390 2000 Charitum
1427 1962 1591 2003 nomine

121 2024 229 2065 dicta
276 2029 370 2065 sunt
410 2021 646 2076 Χαριτήσια.
717 2023 863 2064 Aliena
905 2034 1002 2063 vero
1043 2034 1067 2062 a
1112 2025 1329 2074 proposito
1369 2025 1437 2066 illa
1486 2038 1592 2078 quae

121 2090 354 2142 Stephanus
393 2090 576 2141 suggerit
616 2085 855 2141 Καβελλιών
885 2086 1238 2140 Καβελλιωνήσιος
1279 2085 1334 2136 ὡς
1369 2089 1592 2142 Ταρῤακω-

119 2152 282 2207 νήσιος·
310 2151 414 2195 κατὰ
443 2152 486 2195 ὁὲ
515 2151 588 2194 τὸν
616 2151 826 2207 ἕλληνικὸν
858 2151 1024 2205 (τύπον)
1058 2154 1364 2207 Καβελλωνίτης
1395 2151 1450 2203 ὡς
1486 2155 1590 2208 Tagi-

118 2219 358 2273 ῥακωνίτης,
387 2220 457 2260 illa
487 2222 592 2260 enim
624 2222 754 2261 forma
785 2221 1037 2271 semigraeca
1067 2224 1130 2259 est
1159 2223 1200 2258 nt
1225 2215 1486 2274 Ἰταλικήσιος
1514 2234 1589 2274 pro

117 2287 361 2339 lunicensis,
395 2283 636 2338 Παρμήσιος
665 2298 738 2338 pro
770 2286 1004 2326 Parmensis
1036 2291 1111 2326 etc.
1142 2298 1177 2325 v.
1208 2286 1352 2327 l’arall.
1381 2287 1445 2328 32.
1476 2299 1590 2328 eam·

119 2363 198 2404 que
229 2352 281 2392 ob
313 2362 478 2395 causam
509 2363 635 2405 supra
664 2348 909 2405 Μεγαλήσια
938 2352 1194 2404 praetermisi
1225 2353 1362 2393 sciens
1402 2354 1587 2404 quamvis

212 2517 269 2560 17)
304 2517 355 2551 De
397 2517 544 2560 propriis
566 2516 752 2549 Ἀντεσίων
783 2516 893 2551 Noun.
919 2515 1067 2550 XXVIII.
1096 2516 1169 2551 112.
1197 2518 1232 2552 et
1256 2515 1436 2550 Αὖτεσίων
1460 2517 1587 2554 Herod.

120 2571 201 2606 nihii
230 2572 394 2615 explorati
424 2571 548 2606 habeo.

211 2627 268 2669 18)
286 2625 472 2669 Ὑβλήσιος
494 2626 695 2661 navicularii
720 2636 845 2661 nomen
870 2629 924 2661 est
946 2625 1124 2660 Demosth.
1151 2636 1184 2669 p.
1212 2627 1289 2664 926.
1310 2624 1474 2671 ’Υβλαῖος
1496 2637 1589 2672 gen-

122 2682 277 2716 silicium.
328 2680 556 2725 Εὗανδρησία
582 2690 642 2724 pro
668 2680 840 2725 εὐανδρία
865 2683 1063 2724 suspectum
1090 2680 1215 2717 habeo.
