1747 3005
114 301 203 350 ζειν.
262 295 478 348 Στασιάζω
502 293 760 349 Ἡρωδιανὸς
786 293 892 338 κατὰ
920 293 1179 349 πλεονασμὸν
1214 297 1290 338 τοῦ
1321 297 1348 337 ἆ
1376 298 1462 341 ΕΜ.
1494 299 1587 353 725,

113 365 151 406 7.
183 364 302 416 quasi
333 374 356 403 a
385 364 529 404 στασία
558 368 600 404 ut
629 363 758 403 θυσία
785 360 982 412 θυσιάζω.
1053 363 1156 404 Huie
1196 363 1367 404 similem
1407 365 1588 417 speciem

114 433 154 471 et
184 429 315 470 simile
345 429 586 480 principium
617 429 740 469 habet
768 424 1071 480 κλειτοριάζειν,
1103 427 1213 480 quod
1251 432 1291 469 et
1331 429 1587 481 κλειτορίζειν

114 493 271 547 dieitur,
301 498 341 534 et
372 489 574 546 ὀσιριτὲζω,
608 495 815 547 discrepat
843 505 942 535 vero
983 488 1208 542 ἀδωνιάζω.
1266 493 1422 534 Eodem
1461 494 1583 536 modo

112 559 161 600 de
189 559 422 600 nominibus
454 559 681 612 disputant:
712 557 891 600 Δαύνιοι
918 556 988 600 καὶ
1016 559 1181 598 Δαυνία
1214 554 1262 598 τὸ
1299 555 1489 611 θηλυκὸν
1515 559 1585 601 καὶ

111 621 301 678 Δαυνική
330 620 434 664 κατὰ
462 621 676 678 συγκοπὴν
705 621 786 666 ἀπὸ
815 625 891 666 τοῦ
932 624 1166 665 Δαυνιᾶται
1200 621 1269 664 καὶ
1307 622 1586 674 Δαυνιατικός

112 690 253 743 Steph.
290 690 359 730 ubi
400 694 496 742 post
534 688 748 743 συγκοπήυ
785 690 1022 732 exciderunt
1060 692 1264 729 Δαυνῖται
1291 686 1360 729 καὶ
1390 693 1584 732 Δαυυιτι·

109 752 182 803 κός
211 751 291 795 ἀπὸ
320 755 395 795 τοῦ
425 757 657 796 Δαυνιᾶται
685 754 754 796 καὶ
781 751 1067 802 Λαυνιατικός.
1126 754 1207 796 Sed
1239 754 1302 796 his
1333 766 1496 808 quoque
1521 757 1584 797 si-

109 831 162 862 ne
200 820 322 861 dubio
369 820 532 863 diversa
570 823 731 862 suerunt
770 820 990 874 primordia
1029 821 1198 868 Δαῦνος
1236 824 1276 861 et
1318 818 1504 869 Δαύνιος
1541 826 1584 864 ut

111 883 294 934 Βοιωτός
311 890 350 928 et
370 885 579 937 Βοιώτιος,
607 888 840 939 pariterque
865 887 1099 927 Priscianus
1118 887 1163 927 ΙΙ.
1184 886 1222 940 8,
1243 884 1308 928 86.
1329 886 1531 938 Cypricus
1547 886 1582 912 ⁷²

110 957 150 994 et
178 952 345 993 Italicus
377 952 539 993 aliunde
571 957 662 993 orta
692 952 787 992 dicit
818 963 936 1004 quam
967 963 1072 1004 quae
1102 951 1261 1003 syllaba
1290 951 1382 1002 plus
1416 951 1579 993 habent.

108 1016 223 1058 Adde
250 1017 314 1058 his
344 1014 607 1070 Σπαρτιάτης
635 1018 877 1073 πλεονασμῷ
906 1018 980 1057 τοῦ
1011 1019 1037 1057 ἆ
1077 1013 1134 1064 ὡς
1164 1012 1456 1069 Κροτωνιάτης
1492 1016 1580 1059 ΕΜ.

109 1083 201 1137 722,
230 1084 296 1126 48.
327 1083 435 1137 quod
466 1095 516 1124 ex
546 1083 766 1124 Herodiani
794 1083 898 1124 libro
930 1080 1020 1134 περὶ
1048 1083 1211 1132 παθῶν,
1243 1081 1349 1122 unde
1383 1082 1580 1134 pleraque

108 1151 386 1204 superiorum,
427 1150 741 1201 transscriptum
772 1152 846 1189 est.
904 1149 1176 1201 Νωνακρίτης
1211 1144 1280 1187 καὶ
1316 1143 1420 1186 κατὰ
1456 1149 1581 1188 πλεο-

106 1212 266 1268 νασμὸν
307 1211 607 1267 Νωνακριάτης
646 1213 786 1265 Steph.
835 1213 903 1265 qui
944 1213 1088 1254 eodem
1126 1212 1248 1254 modo
1293 1208 1503 1266 Φασιάτης
1541 1217 1580 1255 et

111 1278 396 1333 Φρικωνιάτης
427 1284 517 1320 orta
537 1279 659 1320 tradit
678 1283 717 1319 et
734 1289 758 1318 a
777 1279 938 1325 Μῶλυς
957 1276 1169 1331 ΝῙωλύτης
1188 1282 1311 1331 atque
1331 1275 1579 1332 Μωλυάτης.

193 1445 253 1488 72)
278 1445 317 1480 In
339 1444 456 1479 Schol.
482 1443 562 1478 Eur.
588 1443 752 1478 Androm.
777 1441 855 1478 880.
885 1439 903 1474 ὃ
928 1440 992 1479 τὰς
1027 1441 1240 1487 Κυπριακάς
1278 1442 1436 1487 ἱστορίας
1471 1442 1576 1476 συνά-

104 1508 180 1546 ψας
202 1499 483 1546 (συγγράψαςῖ)
509 1499 587 1534 cod.
617 1497 765 1541 Guelph.
789 1496 976 1541 Κυπρικὰς
999 1498 1162 1543 praebet;
1188 1498 1271 1533 alibi
1295 1507 1363 1532 non
1388 1498 1471 1542 legi.

1207 2779 1294 2821 31*
