1699 3021
296 157 363 199 DE
393 156 682 199 NOMINIBUS
712 155 764 198 IN
796 159 818 197 ῡ
846 155 1190 200 EXEUNTIBUS.
1224 159 1266 201 c.
1286 160 1366 202 vn.
1478 162 1570 206 249

97 280 240 320 χονται
277 266 536 308 scribendum
575 266 734 307 videtur
774 263 948 319 ἀνδράσι
975 263 1046 307 καὶ
1085 264 1295 308 νεπόδεσσι
1324 273 1368 310 ιιι
1399 270 1444 312 ΙΙ.
1475 271 1569 314 235.

99 329 253 384 ἄνδρας
300 327 553 385 ἅγρευτῆρας
594 330 663 372 καὶ
702 329 924 384 κρέσσονας
960 331 1092 385 ἰχθῦς,
1159 333 1204 374 In
1241 334 1338 386 Cyn.
1374 336 1438 377 III.
1477 336 1569 379 205.

99 394 239 438 λύκων
277 397 385 438 εἴδεα
422 395 672 451 τεκμήραντο
710 395 856 452 ἄνδρες
892 393 1117 452 ἀμορβῆες,
1160 403 1291 440 τοῖσιν
1328 398 1437 453 μάλα
1476 401 1572 456 δήια

98 464 214 517 φῦλα
243 464 365 505 scrib.
395 467 527 505 τοῖσιν
555 461 659 517 μέλε,
686 468 725 505 et
755 475 829 516 pro
861 463 1010 518 δηΐοισι
1038 470 1254 516 κεραυνοῖς
1282 466 1345 508 IV.
1372 467 1572 509 1G3.s01·-

99 533 213 570 tasse
245 528 378 570 δίοισι.
433 526 629 580 Έκταὸά,
669 529 779 582 quod
809 530 957 571 Nonno
997 530 1200 571 vindicavi
1230 532 1271 572 in
1299 532 1446 573 Parall.
1480 533 1570 575 153.

98 595 392 636 restituendum
425 597 602 637 arbitror
630 595 762 637 XLVI.
796 595 885 637 152.
923 593 1135 650 κόρυμβον
1171 592 1329 650 ἀφειδέϊ
1362 595 1462 650 χειρὶ
1498 612 1571 638 πι-

96 656 198 710 έζων
227 661 282 709 εἰς
313 659 439 702 πέδον
456 695 466 713 ,
511 661 567 710 εἰς
603 657 729 701 πέδον
757 655 859 701 εἷλκε
887 657 991 702 κατὰ
1018 659 1173 715 χθονὸς
1201 659 1351 703 ἐκταδὰ
1382 660 1572 712 Πενθεὺς

98 723 259 767 θαλλὸν
299 723 592 781 εἷέρσιπότητον
629 738 703 779 pro
739 724 844 767 κατὰ
868 725 1005 780 χθόνα
1034 724 1067 769 δ’
1099 726 1250 769 ἔκτοθι.
1319 729 1439 782 Apud
1469 741 1574 770 eun—

100 790 189 832 dem
219 793 319 834 XXI.
353 793 442 835 116.
481 790 689 846 φυλλάδος
716 789 816 846 ὕλης
846 806 920 847 pro
949 791 1142 847 φωλάδος
1171 799 1211 835 et
1239 794 1448 837 XXXVIII.
1481 795 1572 838 166.

98 857 228 908 πικρὰ
256 859 544 911 προθεσπίζων
572 857 876 911 φαεθοντιάδος
903 860 995 901 λίνα
1021 860 1166 913 μοίρης
1194 872 1269 914 pro
1298 862 1572 914 φαεθοντίδος

100 922 248 963 αἴλινα.
305 924 350 965 In
379 925 501 965 Anth.
532 925 574 966 P.
605 925 668 966 LX.
699 925 791 967 272.
824 938 898 978 pro
930 923 982 967 σὺ
1011 922 1046 967 ὁθ
1077 926 1132 974 εἰς
1159 924 1304 980 τέχνην
1331 923 1448 980 ὄρνιν
1466 925 1571 969 ἐκαι-

99 985 288 1041 ρονόμεις
329 991 465 1042 aptius
516 990 634 1031 suerit
680 988 946 1044 ἑχειρονόμεις
982 991 1023 1033 id
1070 996 1134 1033 est
1177 989 1460 1045 ἐχειραγώγεις.
1526 995 1571 1036 In

102 1054 224 1106 Orph.
254 1055 300 1095 H.
329 1055 429 1097 XIV.
459 1053 592 1096 πότνα
614 1052 709 1097 Ῥέα
738 1081 791 1086 -
819 1054 846 1109 ἢ
875 1051 905 1096 τ’
936 1055 1001 1096 ἐπὶ
1036 1054 1304 1110 ταυροφόρον
1340 1056 1573 1113 ἱερότροχον

101 1117 211 1172 ἅρμα
239 1122 424 1169 τιταίνεις
453 1123 708 1163 Hermannus
739 1123 905 1174 sor1psit
934 1137 960 1175 η
989 1124 1049 1169 λῖς
1067 1119 1330 1175 ταυροφόνος
1350 1149 1404 1154 —
1422 1126 1571 1168 Lenior

102 1191 166 1228 est
195 1188 398 1229 correctio
428 1180 455 1241 ᾗ
484 1184 533 1229 θ’
564 1186 648 1229 ὕπο
676 1184 940 1242 ταυροφόνος
968 1185 1052 1242 θὴρ
1081 1185 1276 1242 εὔτροχον
1307 1214 1359 1220 —
