1699 3021
722 687 862 727 CAP.
911 687 941 727 l.

317 813 390 855 De
434 812 699 855 uome'm'bus
744 815 793 855 in
832 837 889 843 —
929 813 989 856 αλ
1029 838 1086 844 -
1126 815 1341 870 defleat-ix.

208 977 248 1020 ξ.
283 971 318 1014 1.
375 972 484 1013 Inter
513 973 626 1014 varia
655 974 989 1025 pleonasmorum
1017 986 1190 1028 genera,
1219 987 1324 1028 quae
1354 976 1566 1019 Gramma-

91 1038 159 1079 tiei
190 1041 379 1091 tractant,
408 1049 491 1079 non
522 1039 703 1079 ultimum
734 1039 870 1080 locum
901 1041 1086 1081 obtinent
1115 1041 1300 1091 syllabae
1331 1044 1565 1094 epentheti—

91 1114 178 1156 cae,
208 1103 355 1156 quibus
386 1104 616 1145 terminatio
642 1116 666 1145 a
687 1105 816 1156 stirpe
838 1104 1055 1155 divellitur,
1087 1110 1127 1146 et
1148 1105 1289 1146 harum
1315 1108 1565 1157 syllabarum

90 1169 203 1209 nulla
235 1174 314 1209 tam
348 1169 522 1211 celebris
553 1174 617 1211 est
647 1182 767 1223 quam
799 1182 904 1222 quae
935 1183 985 1211 ex
1015 1172 1145 1212 literis
1169 1162 1223 1211 ἆλ
1253 1177 1430 1226 constat,
1460 1175 1565 1215 inter

89 1235 257 1287 stirpem
289 1239 328 1275 et
359 1235 697 1288 terminationem,
729 1239 772 1276 ut
796 1236 854 1276 illi
879 1237 1109 1290 opinantur,
1137 1237 1378 1289 interjectis.
1425 1238 1563 1282 Orion.

88 1311 126 1352 p.
155 1299 221 1353 48,
248 1299 286 1342 8.
317 1299 407 1348 δαίς
437 1325 488 1330 -
518 1297 679 1348 δαιτεύς
708 1299 776 1342 καὶ
800 1303 1046 1358 πλεονασμῷ
1071 1303 1143 1355 τῆς
1163 1293 1222 1343 ’ᾗ
1242 1305 1446 1358 συλλαβῆς
1467 1305 1562 1346 δαι-

85 1361 239 1412 ταλεύς.
278 1366 365 1407 ΕΜ.
396 1366 487 1421 769,
518 1366 581 1408 25.
610 1363 723 1421 παρὰ
750 1364 798 1408 τὸ
826 1364 964 1422 τρέφω
992 1368 1132 1422 τρεφίς
1159 1367 1229 1410 καὶ
1256 1372 1389 1425 τροπῇ
1417 1372 1563 1425 τροφίς

86 1428 157 1472 καὶ
175 1432 417 1487 πλεονασμῷ
432 1432 638 1485 τροφαλίς.
698 1432 825 1482 Quem
854 1434 1137 1486 pleonasmum
1158 1447 1232 1488 per
1253 1448 1411 1479 omnem
1434 1449 1562 1479 ocea-

86 1497 246 1539 sionem
284 1498 495 1551 ingerunt,
533 1509 618 1538 non
657 1499 790 1539 solum
825 1500 1033 1541 nominum
1071 1501 1404 1553 explicandorum
1435 1516 1562 1545 eausa

86 1562 161 1604 sed
191 1568 231 1604 et
260 1563 500 1615 verborum,
532 1563 660 1606 Orion
678 1564 743 1617 62,
765 1565 829 1606 23.
858 1561 991 1619 τρέπω
1020 1568 1192 1618 τροπίζω
1214 1566 1284 1608 καὶ
1303 1566 1561 1610 πλεονάσαν-

84 1643 154 1676 τος
180 1630 257 1669 τοῦ
287 1620 341 1669 αἶ
363 1630 588 1681 τροπαλίζω
611 1625 666 1677 ὡς
694 1627 850 1683 πύκτης
878 1632 1128 1683 πυκταλίζω,
1171 1634 1235 1673 cui
1266 1635 1403 1676 Schol.
1432 1637 1480 1677 A.
1511 1636 1561 1677 ad

84 1695 128 1736 Il.
157 1695 220 1736 IV.
250 1694 342 1737 472.
373 1695 600 1745 δνοπαλίζω
627 1700 850 1747 comparat.
870 1697 1109 1737 Eustatliius
1133 1697 1224 1751 072,
1248 1699 1284 1739 4.
1314 1701 1390 1740 τοῦ
1416 1696 1560 1753 Ἐρευ-

84 1762 244 1801 θαλίων
271 1758 536 1815 πρωτόθετον
564 1758 612 1801 τὸ
637 1756 880 1812 Ἐρευθίων·
927 1757 953 1814 ἡ
983 1758 1025 1801 δὲ
1055 1753 1106 1802 072.
1133 1761 1313 1817 συλλαβὴ
1343 1762 1560 1807 ἐπλεόνασε

84 1823 152 1866 διὰ
178 1825 360 1880 λειότητα
389 1827 534 1880 φωνῆς
563 1824 660 1879 ὅπερ
689 1823 733 1866 ἐν
765 1829 850 1873 τοῖς
879 1822 1054 1879 ὀνόμασι
1091 1829 1244 1881 γίνεται
1271 1832 1357 1878 τοῖς
1386 1827 1455 1872 διὰ
1482 1833 1559 1873 τοῦ

84 1888 201 1943 {effi}
219 1892 289 1935 καὶ
308 1891 352 1934 ἐν
369 1894 426 1949 τῷ
445 1890 588 1946 μάσσω
607 1889 817 1946 μαλασσω,
843 1890 972 1943 στάζω
989 1892 1216 1945 σταλάσσω,
1241 1897 1387 1947 quibus
1409 1909 1446 1949 p.
1463 1898 1556 1948 527,

85 1961 148 2004 15.
179 1960 290 2002 addit
318 1956 463 1999 πάσσω
491 1956 709 2010 παλάσσω,
750 1959 965 2012 pleraque,
999 1964 1097 2011 puto
1131 1973 1181 2002 ex
1210 1961 1422 2003 Philoxeni
1452 1963 1557 2003 libro

85 2027 134 2069 de
165 2027 445 2080 diplasiasino,
476 2036 594 2077 quem
624 2026 665 2065 in
695 2025 772 2065 hae
803 2036 928 2065 eausa
960 2026 1087 2066 Orion
1117 2028 1284 2079 saepius
1318 2032 1463 2069 testem
1495 2030 1559 2069 sa—

84 2094 160 2145 cit3
198 2088 310 2144 παρὰ
342 2087 389 2131 τὸ
418 2090 542 2138 εἴκιος
569 2087 734 2137 ἐνείκιος
758 2088 828 2130 καὶ
853 2089 974 2143 χωρὶς
1000 2093 1075 2132 τοῦ
1096 2095 1119 2132 ἒ
1139 2092 1209 2133 καὶ
1224 2093 1463 2146 προςίοντος
1482 2095 1559 2134 τοῦ

84 2150 139 2200 (ἦ
162 2157 232 2199 καὶ
259 2155 562 2204 πλεονάσαντος
589 2157 665 2197 τοῦ
693 2159 722 2208 ᾦ
752 2153 977 2208 ἐναλίγκιος
1005 2169 1041 2209 p.
1063 2158 1126 2199 63.
1156 2156 1267 2209 παρὰ
1295 2155 1342 2199 τὸ
1366 2154 1471 2206 εἶδος
1497 2159 1557 2199 εἴ-

83 2225 200 2277 διμος
227 2220 282 2272 ὦς
310 2221 439 2276 πεύκη
468 2220 681 2274 πεύκιμος,
712 2222 839 2270 κῦδος
867 2220 1050 2275 κύδιμος,
1080 2222 1149 2263 καὶ
1174 2226 1415 2280 πλεονασμῷ
1444 2223 1557 2266 εἰδα-

82 2292 216 2343 λιμος,
247 2286 515 2341 πευκάλιμος,
554 2285 777 2341 κυδάλιμος
806 2300 842 2340 p.
874 2288 937 2329 62.
968 2290 1143 2340 repetita
1173 2290 1223 2330 ab
1253 2291 1339 2331 EM.
1368 2290 1462 2344 465,
1492 2291 1556 2332 20.

83 2356 197 2397 Eust.
231 2355 348 2407 1006,
378 2355 441 2396 35.
472 2355 618 2395 Zonar.
648 2366 685 2406 p.
707 2354 798 2397 613.
830 2355 977 2406 quibus
1000 2355 1170 2396 similem
1193 2357 1557 2408 sententiampro—

85 2422 162 2462 sert
201 2421 249 2462 de
287 2418 437 2468 ἄκαλος
467 2420 564 2473 (sic)
605 2433 641 2473 p.
672 2419 738 2473 24,
770 2420 831 2461 10.
873 2419 946 2461 sed
978 2421 1132 2461 omisso
1172 2421 1263 2460 libri
1303 2426 1343 2462 et
1373 2423 1555 2463 auctoris

84 2487 261 2540 nomine,
300 2486 409 2539 quod
439 2486 619 2528 servavit
647 2486 778 2537 Etym.
810 2484 908 2526 Gud.
938 2485 1003 2538 24,
1031 2485 1124 2527 35.¹
1181 2487 1327 2528 Verum
1357 2488 1555 2540 syllabam

175 2633 210 2676 1)
245 2633 309 2667 Hic
347 2638 381 2669 et
416 2644 470 2678 ap.
505 2634 621 2669 Orion.
656 2632 710 2676 62,
734 2633 789 2669 22.
827 2631 964 2667 ἃᾰᾱίῑυῐ
987 2630 1096 2665 πάλιν
1123 2630 1387 2669 πλεονάσαντος
1413 2632 1473 2666 τοῦ
1493 2623 1552 2671 ᾗ,

84 2689 267 2724 continuae
294 2691 504 2725 tractationis
531 2690 707 2724 indicium.
