1699 3021
223 157 292 199 DE
324 157 505 199 NOMIN.
538 158 590 199 IN
626 148 681 198 (ἶ
702 159 769 201 ΕΤ
800 150 859 199 ὧλ
885 158 1233 203 EXEUNTIBUS.
1267 164 1309 204 C.
1324 164 1364 204 V.
1389 164 1476 211 §.2
1529 164 1611 206 133

130 265 290 317 (omiss.
320 266 361 306 in
387 267 475 319 Th.)
506 269 698 310 Mareian.
727 268 773 309 ΙΙ.
804 267 869 309 69.
906 265 1163 323 Τούρδουλοι
1195 283 1232 323 p.
1263 271 1327 312 70.
1367 269 1609 324 Κάρσουλοι

130 332 292 383 (omiss.
311 333 350 371 in
373 333 463 385 Th.)
485 334 618 375 Strab.
640 335 683 375 V.
703 334 796 375 227.
818 338 858 374 et
882 334 961 374 alia
983 339 1155 376 accentu
1176 337 1368 377 instabili.
1411 338 1605 389 Μίρτου-

124 398 200 437 λον
227 397 345 449 μίσος
372 399 526 450 μίασμα
555 400 648 440 Hes.
680 399 797 439 facile
828 400 889 440 sie
918 401 1114 441 restituas
1138 399 1384 453 Μιρτούλου
1406 401 1536 455 μύσος
1563 404 1602 444 id

125 467 189 504 est
209 467 349 503 notum
371 464 468 504 illud
491 465 693 516 piaculum
707 465 868 515 Myrtili.
898 465 959 505 Ex
980 470 1155 517 quatuor
1173 467 1343 517 syllabis
1365 473 1601 509 contextum

118 524 358 582 Ἰαμβοῦλος
386 541 449 580 ap.
473 530 586 570 Diod.
613 535 652 570 et
673 531 836 571 Lueian.
861 530 915 581 (v,
940 532 1115 572 Wessel.
1141 532 1190 572 ad
1212 532 1325 573 Diod.
1348 534 1493 583 11.54.)
1519 533 1598 573 hoe

121 599 307 648 accentu,
329 596 435 647 apud
450 596 640 636 Tzetzam
663 600 1032 649 proparoxytonon
1050 602 1125 638 est.
1156 598 1441 650 Diphthongus
1463 590 1595 641 οἵω(-

119 661 358 700 terminatur
379 661 635 703 Grammatioi
657 667 880 714 praecepto
903 663 987 702 EM.
1013 663 1074 716 11,
1095 663 1133 704 8.
1158 659 1208 703 τὰ
1230 661 1297 703 διὰ
1317 665 1392 704 τοῦ
1410 655 1508 713 iffi
1527 665 1596 708 διὰ

116 726 193 766 τοῦ
220 729 249 766 ῦ
277 724 476 779 γράφεται
495 751 548 756 —
566 725 674 781 πλὴν
699 729 776 768 τοῦ
801 729 949 776 κοῖλος.
989 729 1163 769 Nomina
1179 730 1219 769 in
1244 732 1348 777 ωλος
1367 730 1595 774 desinentia

117 792 319 833 Arcadius
348 798 688 845 proparoxytona
718 804 812 834 esse
837 795 891 834 ait
911 794 945 835 εἰ
965 790 1019 847 μὴ
1040 792 1122 847 ἔχοι
1140 792 1219 846 πρὸ
1236 797 1311 835 τοῦ
1335 786 1465 837 οἶδύο
1485 796 1593 852 σύμ-

118 873 243 911 φωνα
271 854 356 898 κατ’
387 856 610 912 ἐπιπλοκὴν
638 851 699 899 ὦν
726 857 772 899 τὸ
803 857 993 912 δεύτερόν
1016 857 1096 900 ἔστι
1113 851 1146 910 ἶ,
1175 862 1378 913 Κίμωλος,
1402 859 1593 916 εὐρύσω-

115 927 197 977 λος,
228 921 460 977 φάσκωλος.
521 921 743 972 Καστωλὸς
771 923 814 965 δὲ
844 922 1052 975 ὀξύνεται·
1091 923 1137 965 τὸ
1166 923 1305 978 μέντοι
1336 927 1593 980 Σπάρτωλος

115 987 354 1043 βαρύνεται·
383 986 434 1028 τὰ
462 985 540 1041 γὰρ
569 987 647 1029 δύο
671 987 878 1042 σύμφωνα
909 987 986 1031 οὐκ
1016 989 1060 1031 ἐν
1081 990 1295 1044 συλλήψει·
1323 990 1370 1032 τὸ
1391 991 1434 1033 δὲ
1453 995 1590 1035 Αἰτω-

112 1053 183 1103 λός
210 1051 403 1107 τριγενές·
443 1056 590 1107 quibus
623 1055 732 1096 addit
762 1057 942 1097 verbalia
973 1058 1006 1097 si
1037 1058 1394 1108 antepenultimam
1428 1060 1588 1112 longam

114 1123 291 1163 habeant
323 1122 411 1161 acui
440 1118 668 1171 Φειόωλός,
700 1119 904 1171 Αἰτωλός,
936 1119 1194 1174 ἁμαρτωλός·
1222 1119 1268 1161 τὸ
1297 1121 1434 1175 μέντοι
1462 1124 1587 1175 ἕωλος

111 1186 464 1240 προπαροξύνεται
483 1183 538 1234 ὡς
557 1184 811 1239 παρώνυμον
826 1186 894 1227 καὶ
916 1185 1014 1239 (ὅτι)
1038 1185 1114 1241 τὴν
1130 1189 1268 1241 τρίτην
1285 1190 1478 1242 βραχεῖαν
1501 1190 1586 1245 ἔχει.

112 1255 401 1307 Exemplorum
434 1254 547 1304 primi
579 1255 741 1304 generis
773 1254 994 1294 seeundum
1018 1253 1127 1306 quod
1148 1255 1187 1293 in
1214 1254 1302 1294 eod.
1325 1251 1588 1308 εὐρύσμωλος

110 1320 324 1372 scribitur,
369 1320 549 1370 ignotum
590 1324 674 1373 est,
721 1331 854 1371 neque
897 1320 1005 1359 aliud
1044 1320 1391 1371 quadrisyllabum
1422 1325 1583 1374 reperio

110 1390 273 1438 praeter
293 1380 536 1437 Ἐρίγβωλος
557 1385 688 1425 Nonn.
709 1385 864 1426 XXXII.
882 1385 977 1427 223.
1007 1385 1219 1438 (omissin
1234 1386 1373 1439 Thes.)
1396 1391 1435 1427 et
1452 1383 1584 1441 Ἀγλί-

106 1451 280 1504 βωλος,0
318 1450 531 1501 trisyllaba
571 1450 688 1502 plura
714 1447 917 1501 ’Ἁυωλος,
964 1447 1126 1502 Ἴοκλος,
1170 1453 1361 1505 Κίμωλος
1399 1458 1438 1493 et
1478 1466 1583 1506 quae

107 1517 397 1568 Theognostus
424 1516 537 1556 allert
560 1517 604 1557 lt.
625 1517 688 1557 (52.
714 1513 952 1568 Μάγδωλος
972 1516 1042 1557 καὶ
1055 1515 1265 1570 ’Ἁῤῥωλος
1295 1516 1478 1571 ὀνόματα
1501 1519 1582 1562 πό-

103 1585 218 1632 λεων,
247 1578 439 1629 Ἐτὲωλος
467 1579 638 1634 λιμένος,
671 1594 841 1634 quorum
864 1583 1032 1634 primum
1056 1584 1226 1624 inlibris
1248 1585 1394 1626 Herod.
1421 1587 1465 1627 n.
1491 1587 1579 1628 159.

102 1651 130 1689 6
158 1652 197 1688 et
217 1652 249 1687 οῖ
266 1649 305 1687 in
328 1647 459 1687 media
483 1648 617 1687 habet.
660 1646 885 1695 Καστωλός
910 1660 1007 1688 vero
1029 1650 1187 1689 aeuitur
1209 1652 1303 1701 quia
1323 1652 1482 1702 syllaba
1508 1665 1580 1693 se-

105 1713 236 1754 cunda
276 1713 431 1753 orditur
462 1724 485 1752 a
516 1712 675 1753 duobus
708 1715 919 1767 consonis,
950 1725 1117 1765 quarum
1140 1715 1269 1754 altera
1290 1721 1352 1754 est
1369 1719 1408 1769 f,
1440 1717 1578 1757 Αἰτω-

103 1775 174 1826 λός
205 1779 256 1819 ob
290 1779 366 1818 tria
391 1788 553 1829 genera.
613 1778 694 1819 Sed
713 1779 856 1819 horum
876 1779 994 1819 aliam
1017 1779 1216 1818 rationem
1239 1779 1370 1821 reddit
1394 1783 1574 1834 Stepha-

101 1856 177 1885 nus
208 1845 373 1884 nomiua
412 1845 449 1883 in
480 1846 584 1891 ωλος
620 1845 847 1885 masculina
885 1849 928 1885 ut
967 1841 1235 1891 Μαύσωλος7
1281 1852 1493 1888 accentum
1534 1850 1574 1889 in

102 1910 421 1961 antepenultima
460 1910 611 1951 habere
651 1915 824 1962 excepto
867 1912 902 1951 si
940 1912 1125 1962 proxima
1166 1922 1189 1950 a
1218 1902 1246 1949 τ-
1271 1911 1451 1951 ordiatur
1483 1914 1576 1953 Κα-

98 1971 264 2024 στωλός,
300 1972 544 2025 Πακτωλός,
579 1971 838 2028 ἁμαρτωλός,
870 1976 979 2027 quod
1011 1977 1087 2016 etsi
1119 1976 1220 2016 duas
1252 1988 1461 2017 consonas
1492 1990 1573 2019 non

95 2042 201 2081 inter
242 2052 287 2081 se
327 2041 594 2092 eomplieatas
634 2042 757 2081 habet
794 2042 867 2082 sed
906 2043 946 2081 iu
984 2042 1154 2081 diastasi
1196 2046 1238 2081 ut
1279 2039 1573 2097 Σπάρτωλος,8

97 2111 230 2147 tamen
253 2118 302 2146 ex
323 2106 486 2146 Arcadii
517 2109 721 2147 sententia
752 2109 909 2147 aeuitur
941 2109 1035 2158 quia
1066 2120 1088 2147 a
1119 2107 1243 2147 verbo
1277 2107 1451 2150 duotum.
1512 2111 1569 2150 De

96 2169 220 2219 ἕωλος
251 2172 441 2212 dissentit
472 2172 721 2213 Philoxenus
756 2174 836 2213 EM.
868 2173 960 2225 352,
985 2173 1045 2213 15.
1076 2184 1158 2211 non
1190 2184 1444 2223 paronymon
1475 2186 1569 2215 esse

96 2238 286 2279 dictitans
313 2237 385 2277 sed
404 2249 427 2277 a
447 2238 572 2278 verbo
605 2236 658 2278 ἕω
687 2236 734 2279 τὸ
765 2235 975 2292 κορεννύω
1006 2235 1060 2285 ὡς
1090 2237 1189 2277 αἰτῶ
1218 2236 1414 2289 Αἰτωλός,
1441 2240 1568 2292 φείόω

179 2402 217 2444 6)
246 2400 436 2445 Ἐριβιιὶλου
465 2402 523 2434 τοῦ
550 2401 704 2435 ἕηινιίου
733 2404 797 2437 Dio
826 2402 921 2437 Cass.
943 2403 1116 2436 lxxviii.
1138 2403 1190 2437 39.
1212 2404 1418 2436 nominativo
1438 2405 1564 2446 ignoto.

179 2468 216 2510 7)
248 2467 444 2510 Legebatur
469 2469 679 2506 ,11141115‹u>,‹5;,
707 2480 774 2512 quo
800 2470 983 2503 ,tm-obsius
1016 2472 1189 2512 permotus
1218 2472 1269 2503 est
1294 2472 1329 2501 ut
1357 2469 1565 2503 Grammati-

91 2531 151 2557 eos
177 2523 270 2565 ipsos
299 2524 549 2559 inconstantiae
576 2529 737 2567 argueret
764 2525 805 2558 ad
830 2525 930 2558 Auth.
960 2536 991 2567 p.
1020 2525 1095 2559 464.

163 2588 216 2630 8)
244 2586 289 2619 ’Π
313 2589 530 2633 animantia„-
555 2590 863 2635 ῐιροῐιαροῖὖιέ(αι
893 2591 973 2625 διἸι.
1003 2590 1106 2623 Titne.
1145 2591 1185 2623 Π.
1215 2591 1269 2625 79.
1309 2591 1389 2632 qula
1422 2590 1562 2625 semini-

89 2652 167 2676 num
195 2646 248 2677 est
272 2647 307 2677 ut
330 2643 524 2688 Stephanus
547 2646 641 2679 dicit.
691 2647 815 2682 Verum
850 2647 883 2680 in
918 2646 982 2681 hoe
1018 2655 1156 2689 quoque
1191 2645 1316 2679 librarii
1353 2651 1497 2689 peccant
1531 2657 1559 2681 ν.

89 2697 240 2733 Meinek.
268 2697 363 2734 Com.
391 2699 523 2743 Fragni.
550 2701 575 2735 1.
602 2702 679 2737 436.
