1747 3005
223 154 291 196 DE
321 154 447 197 NOM.
478 152 697 203 QUORUM
726 152 875 194 CHAR.
904 151 1005 194 EST
1034 151 1286 195 LABIALIS.
1321 152 1363 195 C.
1382 152 1448 195 III.
1488 154 1581 198 297

100 261 308 316 Ὄνουφις
344 263 457 303 urbis
497 273 645 303 nomen
688 261 827 314 Steph.
857 257 1110 313 κουκούφας.
1167 261 1311 314 Neque
1339 268 1364 303 δ
1392 263 1579 317 longum;

112 339 203 369 nam
234 340 307 380 pro
339 324 507 380 ἀλωφός
534 325 677 375 λευκός
700 327 796 369 Hes.
826 327 1034 378 corrigunt
1063 322 1206 379 ἀλφός.
1252 327 1303 367 Et
1322 327 1363 368 in
1385 330 1577 371 universo

112 395 191 435 hoo
219 405 369 446 genere
398 393 600 445 adjectiva
628 403 711 434 non
747 392 839 445 plus
872 402 991 445 quam
1020 391 1099 433 duo
1130 392 1388 444 reperiuntur
1415 391 1580 449 φλήνα-

112 473 193 512 φος
223 464 263 500 et
292 456 490 513 ἄργυφος.

711 587 743 628 C
757 587 790 627 A
806 587 852 628 Ρ.
910 586 983 627 111.

619 681 693 724 De
728 679 1065 736 affectionibus,

222 786 508 841 Mutationum,
548 798 650 839 quas
681 786 977 827 terminationis
1009 786 1209 827 clementa
1238 787 1434 842 subeunt,
1474 789 1580 831 ratio

115 851 215 892 haec
246 856 336 903 est3
368 854 537 904 primum
567 851 676 904 quod
706 851 756 892 ad
786 851 953 892 vocales
974 852 1130 905 attinet,
1160 848 1366 906 ἀττέλεβος
1385 855 1582 907 scriptum

113 917 339 957 invenimus
370 921 409 957 et
437 912 653 969 ἀπέλαβος
679 918 720 957 in
748 917 862 957 libris
891 916 1101 970 Herodoti,
1133 917 1405 969 Theophrasti
1427 921 1583 961 etAri-

115 982 292 1035 stotelis,
323 983 566 1034 tertiumque
596 979 832 1034 ἀττέλαφος,
864 993 939 1022 nec
971 981 1148 1022 discerni
1178 987 1317 1034 potest
1347 983 1443 1035 quid
1471 985 1584 1026 veri-

116 1052 178 1088 tas
219 1048 421 1101 postulet,
464 1048 609 1088 nedum
638 1049 678 1088 in
709 1048 899 1099 propriis.
958 1045 1214 1099 Νεκτάναβις
1250 1047 1516 1101 Νεκτανεβώς
1544 1063 1582 1092 v.

116 1113 290 1154 Wessel.
334 1113 385 1154 ad
423 1113 538 1153 Diod.
570 1113 651 1153 XV.
684 1113 748 1154 92.
774 1108 957 1164 Ἀναφᾶς
984 1111 1121 1152 XXXI.
1152 1112 1238 1153 Ecl.
1266 1112 1303 1153 3.
1335 1117 1375 1153 et
1400 1108 1585 1167 Ὀνόφας

115 1177 231 1218 Phot.
263 1177 360 1219 Cod.
390 1179 541 1219 LXXII.
571 1178 635 1219 36.
683 1179 780 1219 Tum
811 1178 977 1229 saepius
1006 1173 1237 1229 μάρσιππος
1267 1179 1354 1219 sive
1382 1175 1585 1231 μάρσιπος

116 1246 156 1282 et
183 1239 407 1295 μάρσυπος,
435 1240 600 1295 μόλιβος
628 1247 668 1283 et
695 1241 886 1295 μόλυβος,
919 1243 982 1282 cui
1009 1243 1215 1296 vocalem,
1244 1254 1349 1295 quae
1378 1244 1583 1296 hisyllabo

116 1306 321 1358 plumbum
355 1307 484 1360 deest,
514 1319 596 1348 non
625 1309 802 1348 nativam
834 1319 928 1348 esse
959 1307 1032 1348 sed
1061 1307 1278 1348 insiticiam
1309 1313 1352 1348 ut
1380 1310 1422 1349 in
1451 1308 1585 1365 στέρι-

116 1386 197 1424 φος
227 1376 266 1412 et
296 1369 517 1426 σκάριφος,
558 1374 637 1414 alio
668 1373 762 1413 loco
795 1374 967 1425 exposui
997 1373 1142 1414 Parall.
1171 1372 1237 1414 95.
1286 1374 1449 1416 Fluvius
1479 1376 1586 1418 idem

118 1437 239 1478 modo
276 1435 445 1491 ’Ἀραβις
494 1444 666 1480 vocatur
710 1438 831 1479 modo
864 1434 1003 1491 ’Ἀρβις
1049 1442 1089 1478 et
1121 1432 1309 1491 Ἀράβιος
1347 1451 1510 1493 quoque
1548 1455 1585 1485 v.

117 1503 318 1545 Muetzcll.
349 1504 398 1545 ad
429 1504 537 1545 Curt.
571 1505 613 1545 T.
644 1504 688 1545 ΙΙ.
716 1503 808 1546 874.
855 1503 1021 1544 Vocalis
1052 1508 1268 1555 correptae
1300 1507 1481 1557 suspicio
1515 1508 1588 1549 suit

118 1568 225 1620 apud
254 1574 416 1611 veteres
447 1571 628 1623 criticos,
660 1571 727 1622 qui
755 1570 796 1610 in
825 1569 911 1610 Nic.
939 1569 1007 1609 Th.
1028 1568 1119 1610 614.
1148 1570 1352 1621 Apollinis
1376 1572 1586 1623 epitheton

121 1634 359 1683 Κοροπαῖος
399 1639 645 1686 acceperunt
685 1646 759 1687 pro
793 1630 1049 1685 Ὡρωπαῖος,
1095 1634 1168 1674 scd
1208 1637 1447 1685 conjectura
1484 1637 1586 1679 haec

120 1698 314 1739 audacior
353 1704 428 1740 est.
493 1700 636 1751 Neque
670 1695 828 1751 Ἀλώπη
867 1699 1012 1749 legitur
1042 1710 1115 1750 pro
1141 1694 1291 1752 Ἀλόπη
1328 1701 1407 1740 nisi
1446 1713 1587 1745 errore

118 1763 386 1806 librariorum.
443 1764 730 1805 Productionis
761 1765 940 1816 speciem
969 1763 1140 1815 praebet
1168 1765 1334 1805 verbum
1363 1763 1588 1821 ἐγκοληβά-

121 1830 199 1878 ζειν
237 1831 272 1869 si
303 1841 325 1869 a
354 1826 552 1882 κόλλαβος
581 1830 803 1870 derivatum
833 1829 938 1869 est.1
986 1829 1103 1869 Aliae
1132 1830 1299 1870 vocales
1330 1836 1399 1871 aut
1427 1832 1587 1875 addun-

122 1899 186 1934 tur
212 1900 279 1934 aut
303 1895 514 1935 demuntur
536 1893 695 1948 κάρφος
716 1893 929 1948 σκάριφος,
960 1894 1082 1947 οἴσπη
1101 1892 1263 1947 οἰσύπη,
1294 1893 1466 1949 Κύρβας
1494 1900 1588 1941 Κο-

121 1957 283 2012 ρύβοις,2
311 1957 448 2013 κορφή
479 1961 585 2013 apud
613 1963 675 2002 Du
694 1962 887 2013 Cangium
916 1972 990 2013 pro
1017 1957 1194 2012 κορυφή,
1221 1956 1381 2014 Θόρβος
1399 1960 1494 2017 ζάλη
1513 1979 1589 2006 τα-

121 2022 222 2078 ραχή
244 2026 337 2066 Hes
356 2026 422 2066 ubi
437 2025 614 2066 Vossius
632 2031 764 2068 tamen
786 2027 1054 2067 obliterarum
1075 2026 1221 2066 seriem
1233 2023 1415 2079 θόρυβος
1430 2031 1585 2072 scribit.

121 2092 247 2132 Multo
290 2096 423 2132 autem
463 2092 628 2143 saepius
662 2093 796 2133 vocali
835 2092 1108 2145 paralecticae
1146 2090 1282 2131 addita
1311 2096 1376 2133 est
1404 2104 1591 2137 consona

216 2240 250 2282 1)
274 2239 468 2282 Hesychius
489 2239 747 2283 Ἔνεκολάβησε
770 2239 939 2273 κατέπιεν
963 2236 980 2278 ἢ
1008 2236 1193 2282 ἐπέραινεν·
1220 2238 1254 2270 οἱ
1278 2236 1316 2270 δὲ
1339 2237 1588 2283 ἕνεκολὴβασε,

124 2294 215 2338 quod
241 2304 329 2328 nunc
361 2299 539 2339 receptum
574 2298 627 2331 est
657 2296 761 2330 Arist.
799 2295 887 2338 qu.
921 2294 997 2330 263.
1036 2303 1101 2328 nec
1133 2297 1246 2327 tamen
1283 2296 1443 2330 convenit
1474 2295 1590 2331 verbis

124 2350 341 2393 palaestricis
367 2360 456 2393 quae
482 2350 712 2386 antecedunt:
737 2351 937 2394 ἄνθρωπον
961 2348 1182 2393 ἀπράγμονα
1201 2347 1396 2392 ἦγκύρισας
1418 2348 1479 2383 εἶτ’
1502 2350 1589 2384 ἀπο-

126 2407 285 2449 στρέψας
316 2405 378 2438 τὸν
400 2401 501 2449 ὦμὸν
520 2406 629 2439 αὐτὸν
653 2405 925 2448 ἐνεκολήβασας.
973 2405 1095 2448 Aptius
1133 2404 1220 2439 soret
1253 2403 1394 2439 verbum
1420 2414 1439 2439 a
1464 2404 1591 2448 κώληψ

127 2461 276 2503 ductum,
302 2464 339 2495 ut
363 2466 506 2505 apparet
539 2471 582 2498 ex
616 2461 792 2497 homerico
830 2459 914 2504 κόψ’
951 2460 1081 2493 ὄπιθεν
1114 2459 1260 2500 κώληπα
1292 2458 1410 2503 τυχών
1441 2458 1592 2496 ὑπέλυσε

128 2514 167 2548 δὲ
193 2519 291 2558 γυῖα.

217 2581 255 2622 2)
280 2581 476 2625 Stephanus
493 2580 705 2626 Ἰεραπύτνα
731 2580 748 2623 ἦ
774 2580 951 2626 πρότερον
976 2580 1098 2624 Κύρβα
1127 2579 1263 2623 (omiss.
1298 2581 1333 2614 in
1356 2579 1436 2624 Th.)
1470 2580 1592 2616 Strabo

128 2636 167 2671 Χ.
193 2637 269 2672 472.
294 2637 355 2678 τῆς
373 2637 467 2678 Ἴδης
489 2635 602 2680 λό([ος
627 2636 748 2670 Πύτνα
773 2637 837 2681 ἀφ’
865 2630 906 2671 οὗ
926 2635 1020 2681 Ἱερὰ
1043 2634 1165 2670 notua
1185 2634 1203 2677 ἢ
1222 2634 1333 2675 πόλις,
1364 2645 1407 2672 ex
1427 2645 1495 2680 quo
1513 2636 1591 2672 col·-

130 2692 267 2735 ligimus
293 2690 416 2736 Κύρβιι
440 2691 637 2736 significare
662 2691 838 2737 κορυφήν.
