1747 3005
94 286 246 326 clarum
277 287 339 324 est
367 293 451 323 non
470 292 559 322 cum
581 280 744 333 γαστρίς
762 282 948 332 Junctum
979 293 1075 323 esse
1103 285 1148 322 ut
1164 279 1471 336 φιλόγυννις,47
1497 279 1566 326 ἀν-

93 347 283 402 δρόσινις,
314 344 557 400 λοξότροχις,
599 346 669 388 sed
702 358 724 386 a
754 343 1023 399 ζωνογάστωρ
1053 347 1118 388 vel
1148 345 1427 402 ζωνόγαστρος
1455 349 1568 391 deri-

92 421 238 457 vatum.
296 416 477 455 Accentu
499 414 630 453 minus
656 415 771 464 justo
803 414 996 465 scriptum
1028 418 1091 453 est
1118 414 1236 453 Anth.
1267 414 1331 455 XI.
1365 416 1453 456 140.
1482 418 1568 464 τοῖς

91 477 156 522 ἄπ’
184 477 447 533 Ἀριστάρχου
475 478 896 531 γραμματολικριφίσι,
941 478 1073 518 fictum
1106 479 1286 519 sortasse
1311 480 1358 520 ad
1390 480 1567 522 irriden-

92 547 165 588 das
205 545 565 587 Grammaticorum
606 545 819 596 captiones
860 548 899 584 et
938 542 1353 596 παραπλαγιασμούς,
1395 557 1567 598 quorum

92 613 274 653 nonnulli
303 612 481 662 λίκριφις
510 609 752 661 adjectivum
783 620 877 649 esse
908 614 1146 662 statuerunt,
1177 610 1244 650 alii
1272 622 1361 651 cum
1381 611 1566 652 AriStar-

92 680 168 719 cho
199 678 378 729 λικριφίς
406 676 651 717 adverbium.
717 671 964 727 Δυςδήλιδες
991 677 1212 723 κακοῦντες
1242 676 1337 717 Hes.
1368 677 1566 717 substan-

92 744 161 784 tivi
193 744 372 794 speciem
403 743 524 782 habet
554 753 577 781 a
607 737 806 793 dugdtthg
826 740 1017 792 derivati3
1048 742 1227 781 seminini
1257 743 1427 784 similius
1459 744 1566 784 foret

91 813 381 861 paroxytonon
411 814 452 847 ut
483 819 505 847 a
537 803 755 858 ζωθαλπής
785 807 999 855 ζωθαλπίς,
1028 818 1065 848 v.
1096 812 1134 855 δ.
1163 806 1200 849 8.
1230 808 1333 849 Adn.
1362 808 1426 850 32.
1457 808 1568 861 quod

92 885 307 927 perperam
348 870 554 922 ζώθαλπις
593 872 807 922 scribitur3
863 882 940 912 nec
978 877 1090 913 recte
1126 869 1326 925 βούπαλις
1361 875 1402 915 in
1443 875 1564 916 Thes.

92 951 182 980 nam
222 950 296 991 pro
338 935 595 991 ἀεθλοσύνης
628 935 866 990 βουπάλεως
901 938 1021 978 Antii.
1059 939 1170 979 Plan.
1204 939 1267 981 (57.
1306 939 1566 981 scribendum

94 1011 156 1046 est
191 1001 418 1057 βουπαλέος
456 1016 479 1043 a
515 1004 666 1043 nomin.
706 1000 927 1056 βουπαλής.
985 1005 1029 1044 ln
1058 1005 1204 1045 Eubuli
1234 1006 1389 1057 Fragm.
1423 1006 1466 1046 T.
1497 1007 1564 1047 111.

93 1070 185 1112 270.
213 1069 280 1109 ubi
312 1070 480 1121 parasiti
511 1073 710 1109 vocantur
736 1066 960 1121 ἀλλοτρίων
988 1068 1170 1111 κτεάνων
1189 1070 1498 1123 παραδειπνίδες
1524 1070 1567 1112 id

94 1141 158 1177 est
187 1132 469 1186 παράδειπνοι,
501 1135 727 1176 Meinekius
756 1135 1068 1187 παραδειπνίδαι
1097 1137 1315 1178 substituit.
1345 1133 1565 1187 Λύςαυλις,

93 1202 202 1255 quod
234 1202 466 1254 Stephanus
498 1213 529 1242 ε.
559 1197 676 1254 Αὐλή
708 1201 758 1242 ab
789 1194 905 1248 αὖλις
935 1204 1207 1254 compositum
1239 1202 1352 1255 dicit,
1391 1202 1568 1253 adjecti-

93 1279 184 1309 vum
223 1271 286 1307 est
324 1266 430 1306 haud
467 1266 587 1306 dubie
617 1278 698 1307 non
737 1268 1036 1307 substantivum
1069 1269 1228 1308 malam
1258 1267 1567 1309 habitationem

92 1334 326 1385 significans
366 1337 406 1371 ut
442 1332 740 1383 Lexicograplii
778 1333 910 1372 nostri
949 1332 1131 1382 tradunt3
1178 1333 1258 1373 nisi
1296 1334 1402 1373 sorte
1438 1329 1568 1381 Αὐλίς

94 1402 146 1442 ob
176 1398 408 1452 Iphigeniae
438 1396 756 1436 immolationem
786 1398 842 1438 ita
867 1398 974 1438 dicta
1003 1402 1066 1438 est
1092 1402 1134 1438 ut
1154 1395 1376 1450 Δύςπαρις.
1414 1399 1567 1439 Heroi-

93 1467 165 1508 des
207 1465 370 1506 Atticae
408 1458 662 1514 Ἀγραυλίὸες
707 1462 993 1504 denominatae
1037 1468 1132 1504 sunt
1170 1464 1221 1504 ab
1258 1463 1439 1515 Agraulo
1479 1465 1568 1505 sive

91 1534 295 1585 Aglaur03
342 1527 539 1580 ὕδραυλις
575 1525 812 1581 ὑδραύλεως
850 1529 1097 1570 substantivi
1136 1534 1347 1569 accentum
1377 1529 1501 1570 habet
1530 1542 1567 1572 v,

90 1600 264 1641 Reimar.
295 1596 344 1636 ad
374 1596 491 1636 Dion.
524 1596 641 1636 Cass.
662 1595 758 1635 LIII.
783 1594 846 1635 26.
875 1595 1090 1647 dupliciter
1120 1594 1345 1635 declinatur
1372 1606 1567 1647 aquarum

93 1675 242 1705 nomen
271 1660 481 1714 ἔγγραυλις
499 1657 749 1712 ἐγγραύλεως
770 1665 808 1700 et
830 1658 1041 1712 ἐγγραυλίς
1064 1658 1337 1713 ἐγγραυλίδος,
1368 1671 1444 1701 nec
1462 1671 1568 1701 con-

93 1735 177 1772 stat
207 1729 336 1780 origo.
395 1727 472 1767 Pro
503 1723 759 1779 σητοδόκιδες
787 1727 927 1779 ψυχαί,
957 1723 1091 1778 πτηνὰ
1117 1727 1199 1776 ζῶα
1228 1727 1323 1767 Hes.
1353 1726 1568 1778 corrigen—

94 1795 186 1836 dum
203 1794 362 1834 videtur
383 1792 648 1845 σητοτοκίδες,
679 1804 769 1833 nam
802 1793 1033 1845 papiliones
1064 1804 1208 1833 revera
1227 1797 1321 1833 sunt
1340 1790 1568 1846 σητοτόκοι.

203 1885 242 1930 §.
275 1881 338 1922 11.
379 1880 526 1920 Verum
558 1880 659 1920 haec
690 1885 884 1920 accentus
915 1880 1189 1920 inconstantia
1218 1891 1325 1920 nunc
1354 1891 1436 1920 non
1468 1878 1569 1921 tanti

91 1948 211 1988 nobis
242 1951 306 1987 est
344 1947 553 1998 momenti,
585 1946 723 1998 quanti
762 1947 969 1986 mobilitas
1009 1945 1223 1998 vocalium,
1260 1948 1376 1997 cujus
1416 1957 1565 1986 causas

95 2012 351 2055 Grammatici
382 2010 502 2051 modo
544 2011 593 2052 ad
633 2011 794 2062 ellipsin
823 2013 1003 2052 referunt
1043 2010 1164 2051 modo
1196 2011 1245 2051 ad
1274 2012 1568 2064 pleonasmum.

97 2078 178 2120 Sed
208 2078 414 2118 nominum
443 2078 483 2117 in
505 2068 561 2124 ῖς
592 2082 628 2118 et
658 2068 721 2124 ἧς
752 2078 980 2118 exeuntium
1012 2088 1103 2117 rara
1134 2081 1197 2117 est
1227 2078 1481 2118 concertatio
1511 2076 1568 2118 δι-

94 2141 177 2193 ψάς
206 2139 355 2193 διψιάς,
386 2140 483 2191 εὔας
512 2138 635 2193 εὐιάς,
666 2139 817 2189 κυκλάς
846 2141 1024 2193 neumas,
1058 2141 1213 2196 τυμβάς
1240 2143 1423 2196 τυμβίας,
1454 2139 1571 2191 οἰνάς

95 2207 123 2263 ἢ
152 2206 282 2256 οἰνιάς
313 2209 515 2259 (aviculae
534 2210 700 2261 nomen)
732 2208 831 2249 Poll.
851 2207 916 2249 VI.
937 2208 1000 2249 22.
1031 2209 1070 2249 in
1096 2210 1243 2261 quibus
1266 2208 1437 2249 detineri
1456 2207 1568 2248 nolo.

97 2277 273 2327 Saepius
303 2285 401 2314 vero
431 2276 538 2315 inter
567 2286 612 2315 se
642 2275 800 2326 litigant
830 2265 865 2322 ἴς
896 2280 933 2315 et
963 2265 1038 2323 icc—g,
1069 2286 1170 2326 quas
1199 2273 1505 2314 terminationes
1535 2273 1571 2314 si

96 2340 305 2395 praecedit
334 2340 511 2390 vocalis,
544 2344 703 2381 cautum
735 2352 829 2381 esse
861 2345 1031 2392 apparet
1062 2351 1112 2381 ne
1143 2340 1330 2392 epallelia
1361 2339 1570 2379 existeret.

97 2407 206 2460 Ergo
242 2417 346 2460 quae
385 2405 506 2458 alpha
542 2406 607 2447 vel
638 2397 686 2447 ἀἶ
724 2408 764 2447 in
794 2407 1015 2459 penultima
1042 2406 1204 2460 habent,
1236 2405 1504 2446 deflectuntur
1530 2405 1574 2473 in

190 2616 249 2658 47)
286 2615 506 2660 (Ῐηλυγύννις
541 2616 800 2661 ογι).ογι’·ιίἰό“ος
835 2616 931 2650 Suid.
968 2620 1002 2651 et
1035 2614 1243 2660 λοέοτρόχις
1269 2615 1371 2649 Anth.
1404 2614 1459 2650 IX.
1496 2615 1573 2651 185.

102 2680 376 2716 proparoxytona
403 2681 484 2707 esse
510 2671 637 2706 debent
661 2675 749 2706 sicut
776 2683 817 2708 ea
843 2677 920 2707 snnt
945 2681 1034 2715 quae
1069 2681 1144 2705 cum
1171 2672 1393 2707 substantivis
1420 2670 1574 2707 seminini

101 2728 240 2767 generis
270 2727 471 2760 coaluerunt
499 2726 748 2770 npmhpcqnssu
777 2727 1026 2770 χρυσόῤῥιιῖιις
1051 2731 1116 2762 etc.
