1699 3021
273 184 342 226 DE
373 183 556 227 NOMIN.
584 184 639 227 IN
667 173 719 226 2352
746 182 1093 227 EXEUNrfflUS.
1124 184 1174 234 c.
1194 184 1257 226 1v.
1289 192 1328 237 §-
1349 188 1386 230 2.
1480 189 1565 242 123

85 293 342 337 referendum
382 298 446 335 est
486 294 537 335 ad
568 290 646 348 ἆγή
677 293 787 347 quod
818 292 955 335 Schol.
993 294 1106 335 Arat.
1138 292 1231 336 668.
1270 295 1565 349 interpretatur

85 356 239 413 καμπή.
257 360 272 385 ⁷
318 360 655 412 Reduplicatione
686 363 902 400 creverunt
921 355 1125 400 κοικύλλω
1143 356 1190 399 τὸ
1208 357 1434 413 περιβλὲπω
1453 359 1566 414 παρὰ

84 421 135 467 τὰ
170 426 278 466 κῦλοε
314 426 410 467 Hes.
451 431 491 467 et
527 423 736 479 μοιμύλλω
768 437 791 465 a
819 421 933 477 μύω,
973 436 1146 477 quorum
1182 425 1240 465 illi
1271 426 1470 468 adnexum
1501 433 1566 469 est

87 492 298 545 proprium
329 493 566 532 Κοικυλίωυ
596 492 753 533 Aelian.
784 492 828 533 V.
858 491 903 532 H.
935 491 1036 532 XIII.
1069 491 1130 532 15.
1169 490 1327 544 (omiss.
1358 493 1399 532 in
1425 493 1563 545 Thes.)

84 561 128 598 ut
157 568 181 598 a
210 555 431 610 καμπύλλω
463 557 731 610 Καμπυλίων,
759 557 833 597 sed
863 557 942 597 hoc
968 557 1248 598 intercedente
1272 560 1435 600 nomine
1458 574 1565 613 καμ-

83 620 234 674 πύλος,
265 628 309 664 ut
339 620 527 676 ἀγκύλλω
561 619 738 676 ἀγκύλος
762 618 1007 675 Ἀγκυλίων,
1037 621 1207 675 μικύλος
1230 624 1449 664 Μικυλίων
1474 626 1566 678 Ap-

85 689 192 741 pian.
232 689 316 730 Civ.
346 691 390 731 V.
422 690 485 732 78.
517 685 798 739 Σκονθύλλω,
845 688 955 741 quod
986 689 1286 741 Glosscgraphi
1323 688 1565 742 τονθορύζω

86 755 407 807 interpretantur
436 760 480 796 ut
508 751 761 808 σκογχούλας
789 752 1060 807 γογγυσμούς,
1091 756 1170 795 nisi
1202 757 1308 796 forte
1338 767 1361 796 a
1381 754 1566 809 γογγύζω

85 820 284 862 deflexum
316 826 392 872 est,
424 827 558 873 etymo
592 824 703 862 caret
732 831 815 861 non
834 821 966 862 minus
987 832 1107 873 quam
1131 818 1327 874 αἵμύλλω,
1359 823 1469 874 quod
1491 835 1568 865 ve-

87 891 198 927 teres
228 887 350 927 modo
383 886 434 927 ad
464 883 547 939 ἅμα
577 887 776 939 referunt,
820 886 941 927 modo
982 887 1033 927 ad
1063 887 1197 939 αἴμων
1226 888 1377 941 scitus,
1418 893 1458 929 et
1487 890 1567 931 alia

84 952 292 993 nonnulla.
361 952 424 992 Ab
455 952 688 1003 hujusmodi
717 953 839 1004 igitur
868 952 1006 993 verbis
1041 954 1226 993 criuntur
1257 953 1460 1005 adjectiva
1488 967 1568 1007 pa-

84 1018 302 1072 risyllaba,
330 1014 513 1070 αἱμύλος,
544 1012 743 1069 ἀγκύλος,
774 1014 993 1070 γογγύλος,
1025 1016 1184 1066 eleetos
1213 1016 1428 1073 (ι’δύλημα)
1459 1035 1568 1073 καμ-

85 1081 236 1134 πύλος,
267 1079 463 1136 ὀγκύλος,
494 1080 754 1135 στρογγύλος.
819 1083 921 1123 Pars
951 1086 1083 1135 major
1110 1095 1208 1124 vero
1242 1086 1568 1128 terminationem

88 1150 314 1189 asciticiam
345 1149 479 1190 habet.
547 1149 723 1189 Primum
761 1149 965 1202 verbalia,
1005 1160 1108 1201 quae
1141 1148 1400 1190 Grammatici
1431 1152 1567 1193 futuro

88 1214 335 1265 subjiciunt:
372 1211 544 1264 ’Ἁξυλος
581 1210 693 1266 παρὰ
731 1210 779 1254 τὸ
815 1211 927 1267 ἄγειν
967 1215 1060 1255 Sch.
1090 1214 1132 1255 Il.
1162 1215 1224 1256 VI.
1258 1215 1319 1256 12.
1350 1216 1515 1265 οἴσυλος
1545 1213 1568 1259 ὁ

86 1276 310 1332 προύνικος
340 1280 434 1322 Hes.
464 1280 504 1321 id
535 1285 599 1321 est
624 1281 787 1332 bajulus
819 1280 869 1320 ab
901 1279 1002 1320 οἴσω
1032 1293 1066 1321 v,
1086 1280 1287 1332 Aglaoph.
1319 1281 1436 1323 1325.
1467 1285 1570 1322 Σω-

87 1342 232 1396 σύλος,
272 1341 500 1399 Ὀνήσυλος
538 1350 577 1387 et
608 1343 846 1394 Νικάσυλος
884 1347 1134 1398 Tlieognost.
1164 1345 1219 1387 ¹11.
1251 1346 1314 1387 01.
1353 1348 1462 1399 quod
1493 1361 1568 1401 pro

89 1408 329 1464 Νικασύλης
358 1412 588 1453 Pausaniae
616 1413 678 1454 VI.
706 1412 767 1454 14.
798 1413 978 1453 restituit
1008 1413 1208 1463 Siebeli53
1254 1412 1425 1453 alterum
1461 1415 1570 1467 apud

87 1477 339 1519 Herodotum
370 1478 414 1519 V.
447 1478 535 1520 108.
568 1482 607 1519 et
629 1480 797 1531 saepius
823 1481 863 1520 in
884 1479 1152 1531 sequentibus
1169 1473 1392 1531 Ὀνήσιλος
1418 1481 1571 1522 scrIbi-

89 1548 164 1585 tur.
208 1544 393 1585 Aliorum
413 1543 556 1584 'ortum
586 1544 767 1586 declarat
787 1546 1033 1597 Apollonius
1055 1544 1104 1585 de
1125 1543 1226 1585 Adv.
1249 1544 1341 1598 583,
1369 1545 1429 1586 13.
1458 1543 1572 1600 παρὰ

88 1606 164 1663 τὴν
196 1606 365 1650 εὐθεῖαν
388 1607 492 1663 ἡδύς
510 1606 672 1662 aciatos,
695 1612 805 1663 quod
825 1611 945 1652 hodie
964 1622 1047 1651 non
1071 1610 1219 1662 legitur
1246 1611 1325 1650 nisi
1345 1613 1568 1666 proprium,

90 1681 131 1717 et
160 1677 252 1717 huic
282 1677 430 1716 similia
463 1673 658 1728 Πραΰλος
687 1677 801 1728 Diog.
825 1677 888 1718 IX.
916 1677 1005 1718 115.
1024 1674 1212 1726 ’‘ogmtog,
1244 1674 1456 1728 Δριμύλος
1484 1680 1571 1719 Lu-

91 1742 193 1782 cian.
235 1740 333 1781 Gall.
365 1752 397 1781 c.
428 1742 518 1782 141.5
554 1741 880 1793 adjectivumque
917 1739 1132 1793 ὄριμύλος,
1181 1752 1205 1780 a
1236 1741 1435 1783 similibus
1465 1744 1572 1797 βρα-

89 1803 212 1859 χυλός
248 1807 344 1846 Hes.
384 1811 424 1847 et
458 1807 538 1847 hoc
575 1807 700 1846 tutius
748 1807 983 1847 adverbium
1026 1806 1216 1858 παχυλεός
1252 1807 1377 1848 Arist.
1414 1809 1570 1852 Nicom.

91 1873 120 1914 Ι.
146 1873 179 1914 1.
211 1884 248 1924 p.
274 1871 390 1913 1094.
410 1873 447 1913 b.
470 1873 533 1913 20.
564 1872 706 1913 ecdem
734 1877 907 1913 accentu
930 1885 992 1924 ap.
1015 1873 1221 1913 Eustrath.
1246 1872 1396 1914 Comm.
1419 1874 1469 1915 ad
1490 1875 1525 1916 h.
1546 1876 1571 1917 l.

93 1951 130 1992 p.
160 1938 196 1979 6.
229 1950 263 1978 a.
295 1942 335 1978 et
364 1938 478 1979 Eust.
508 1938 601 1991 570,
630 1938 668 1979 8.
699 1949 749 1978 ex
779 1950 859 1990 quo
892 1940 1099 1992 sequitur,
1139 1938 1249 1991 quod
1278 1939 1480 1981 Arcadius
1511 1942 1574 1981 si-

92 2005 218 2045 lentio
252 2005 540 2057 praetermisit,
570 2004 772 2055 adjectiva
803 2005 997 2044 tribrevia
1030 2009 1212 2055 oxytona
1243 2015 1349 2045 esse.
1387 2006 1450 2046 Ab
1481 2007 1572 2048 aliis

92 2070 447 2112 terminationibus
480 2062 595 2121 Ἦγις
616 2065 796 2121 Ἡγύλος
834 2082 868 2110 v.
901 2070 1076 2111 Siebelis
1115 2070 1166 2110 ad
1195 2070 1315 2111 Faus,
1345 2070 1406 2111 VI.
1440 2071 1502 2126 19,
1532 2075 1570 2115 5.

92 2139 215 2188 κεῖρις
241 2133 437 2187 κειρύλος,
469 2137 505 2176 si
535 2147 633 2176 vera
655 2141 718 2175 est
746 2136 1030 2187 interpretatio
1054 2136 1246 2186 Hesychii
1264 2138 1388 2187 κεῖρις
1408 2133 1575 2179 ἀλκυών

93 2204 260 2255 verique
301 2202 559 2243 Grammatici
597 2202 665 2254 qui
695 2201 857 2241 Atticos
887 2197 960 2241 τὸν
989 2198 1171 2254 κηρύλον
1210 2202 1270 2241 sic
1301 2200 1455 2243 dixisse
1487 2208 1575 2244 tra-

96 2268 205 2322 dunt,
236 2280 260 2309 a
288 2266 420 2320 κίρῥις
448 2268 614 2321 κίρυλος
643 2268 764 2320 ἰχθῦς
793 2268 888 2308 Hes.
921 2268 970 2308 ab
1001 2264 1108 2319 ὀσμή
1139 2263 1316 2319 ὄσμυλος
1340 2267 1503 2310 Nemes.
1524 2269 1574 2310 de

96 2334 187 2375 Nat.
216 2333 332 2375 Hom.
363 2334 408 2375 11.
441 2322 512 2376 742
537 2338 576 2375 et
605 2335 698 2375 Ath.
728 2334 809 2373 vn.
837 2332 928 2375 318.
959 2333 1004 2374 F
1039 2333 1148 2385 quod
1178 2332 1410 2374 Dindorfius
1442 2331 1576 2387 ὀσμύ-

94 2400 185 2450 λος,
225 2404 270 2440 ut
311 2399 418 2452 apud
447 2400 660 2440 Aelianum
691 2400 860 2453 legitur,
902 2400 1070 2453 scripsit
1100 2403 1245 2439 contra
1273 2398 1476 2452 regulam3
1524 2401 1574 2442 ab

183 2569 221 2612 7)
260 2568 372 2603 Gloss.
400 2567 556 2612 suffr-ayo
581 2567 719 2612 καμπή,
751 2568 844 2612 quod
869 2578 931 2603 nos
958 2568 1104 2603 dicimus
1130 2570 1218 2610 Buff,
1244 2567 1442 2612 mmm-buy.
1489 2570 1577 2605 Ilinc

97 2622 202 2659 etiam
227 2623 418 2666 suffragari
443 2628 478 2659 et
501 2624 689 2667 resraycaeri.

186 2678 224 2721 8)
256 2678 471 2714 Jacobitzius
498 2688 517 2715 e
542 2679 644 2714 codd.
674 2677 829 2722 Διμύλος
855 2678 984 2722 edidit,
1015 2678 1107 2723 quod
1140 2680 1170 2715 si
1205 2681 1436 2725 compositum
1464 2686 1518 2718 est
1542 2687 1577 2717 ut

98 2733 257 2773 δίιυλος,
285 2735 354 2770 alio
381 2736 527 2770 accentu
550 2734 738 2770 notandum
764 2738 848 2771 erat.
