<?xml version="1.0" encoding="UTF-8"?>
<!DOCTYPE html PUBLIC "-//W3C//DTD XHTML 1.0 Transitional//EN"
    "http://www.w3.org/TR/xhtml1/DTD/xhtml1-transitional.dtd">
<html xmlns="http://www.w3.org/1999/xhtml" xml:lang="en" lang="en">
 <head>
  <title>
</title>
<meta http-equiv="Content-Type" content="text/html;charset=utf-8" />
  <meta name='ocr-system' content='tesseract 3.04.00' />
  <meta name='ocr-capabilities' content='ocr_page ocr_carea ocr_par ocr_line ocrx_word'/>
</head>
<body>
  <div class='ocr_page' id='page_1' title='image "./pathologiaesermo00lobeuoft_0477.png"; bbox 0 0 1747 3005; ppageno 0'>
   <div class='ocr_carea' id='block_1_1' title="bbox 788 167 1132 178">
    <p class='ocr_par' dir='ltr' id='par_1_1' title="bbox 788 167 1132 178">
     <span class='ocr_line' id='line_1_1' title="bbox 788 167 1132 178; baseline -0.015 -1"><span class='ocrx_word' id='word_1_1' title='bbox 788 167 1132 178; x_wconf 75' lang='grc'>.-.-.--.--</span> 
     </span>
    </p>
   </div>
   <div class='ocr_carea' id='block_1_2' title="bbox 92 285 1564 670">
    <p class='ocr_par' dir='ltr' id='par_1_2' title="bbox 92 285 1564 670">
     <span class='ocr_line' id='line_1_2' title="bbox 92 285 1562 343; baseline -0.003 -13"><span class='ocrx_word' id='word_1_2' title='bbox 92 294 135 330; x_wconf 90' lang='lat' dir='ltr'>ut</span> <span class='ocrx_word' id='word_1_3' title='bbox 164 290 258 330; x_wconf 87' lang='lat' dir='ltr'>Mat.</span> <span class='ocrx_word' id='word_1_4' title='bbox 290 290 335 331; x_wconf 87' lang='grc' dir='ltr'>ΙΙ.</span> <span class='ocrx_word' id='word_1_5' title='bbox 370 290 458 333; x_wconf 86' lang='grc'><strong>156.</strong></span> <span class='ocrx_word' id='word_1_6' title='bbox 489 303 526 343; x_wconf 93' lang='lat' dir='ltr'>p.</span> <span class='ocrx_word' id='word_1_7' title='bbox 566 291 658 332; x_wconf 78' lang='lat'><strong>272.</strong></span> <span class='ocrx_word' id='word_1_8' title='bbox 703 291 840 332; x_wconf 84' lang='lat' dir='ltr'>Galen.</span> <span class='ocrx_word' id='word_1_9' title='bbox 878 291 980 343; x_wconf 89' lang='lat' dir='ltr'>Eup.</span> <span class='ocrx_word' id='word_1_10' title='bbox 1008 289 1056 330; x_wconf 88' lang='grc' dir='ltr'>ΙΙ.</span> <span class='ocrx_word' id='word_1_11' title='bbox 1088 288 1124 329; x_wconf 85' lang='grc'>6.</span> <span class='ocrx_word' id='word_1_12' title='bbox 1154 286 1246 328; x_wconf 86' lang='grc'>420.</span> <span class='ocrx_word' id='word_1_13' title='bbox 1287 285 1396 337; x_wconf 88' lang='lat' dir='ltr'>quod</span> <span class='ocrx_word' id='word_1_14' title='bbox 1434 298 1562 338; x_wconf 85' lang='lat' dir='ltr'>saepe</span> 
     </span>
     <span class='ocr_line' id='line_1_3' title="bbox 93 351 1562 408; baseline -0.003 -13"><span class='ocrx_word' id='word_1_15' title='bbox 93 355 199 407; x_wconf 87' lang='lat' dir='ltr'>apud</span> <span class='ocrx_word' id='word_1_16' title='bbox 230 355 335 396; x_wconf 89' lang='lat' dir='ltr'>hunc</span> <span class='ocrx_word' id='word_1_17' title='bbox 367 357 512 408; x_wconf 86' lang='lat' dir='ltr'>legitur</span> <span class='ocrx_word' id='word_1_18' title='bbox 543 357 615 398; x_wconf 85' lang='lat' dir='ltr'>sed</span> <span class='ocrx_word' id='word_1_19' title='bbox 647 358 772 397; x_wconf 88' lang='lat' dir='ltr'>multo</span> <span class='ocrx_word' id='word_1_20' title='bbox 805 357 971 408; x_wconf 85' lang='lat' dir='ltr'>saepius</span> <span class='ocrx_word' id='word_1_21' title='bbox 1001 351 1195 407; x_wconf 76' lang='grc' dir='ltr'><em>ἐφηλίδες.</em></span> <span class='ocrx_word' id='word_1_22' title='bbox 1255 352 1482 404; x_wconf 82' lang='lat' dir='ltr'>Postremo,</span> <span class='ocrx_word' id='word_1_23' title='bbox 1511 364 1562 392; x_wconf 86' lang='lat' dir='ltr'>ne</span> 
     </span>
     <span class='ocr_line' id='line_1_4' title="bbox 93 417 1559 475; baseline -0.001 -15"><span class='ocrx_word' id='word_1_24' title='bbox 93 420 188 471; x_wconf 88' lang='lat' dir='ltr'>quid</span> <span class='ocrx_word' id='word_1_25' title='bbox 219 420 345 465; x_wconf 80' lang='lat' dir='ltr'>desit,</span> <span class='ocrx_word' id='word_1_26' title='bbox 386 419 530 475; x_wconf 80' lang='grc' dir='ltr'><strong><em>ἐφηλίν</em></strong></span> <span class='ocrx_word' id='word_1_27' title='bbox 568 428 686 463; x_wconf 85' lang='lat' dir='ltr'>acuto</span> <span class='ocrx_word' id='word_1_28' title='bbox 729 434 833 463; x_wconf 89' lang='lat' dir='ltr'>sono</span> <span class='ocrx_word' id='word_1_29' title='bbox 874 422 1025 462; x_wconf 78' lang='lat' dir='ltr'>finitum</span> <span class='ocrx_word' id='word_1_30' title='bbox 1065 421 1210 461; x_wconf 79' lang='lat' dir='ltr'>sorau.</span> <span class='ocrx_word' id='word_1_31' title='bbox 1241 417 1334 458; x_wconf 82' lang='lat' dir='ltr'><strong>Mul.</strong></span> <span class='ocrx_word' id='word_1_32' title='bbox 1364 417 1464 459; x_wconf 88' lang='lat' dir='ltr'><strong>XIV.</strong></span> <span class='ocrx_word' id='word_1_33' title='bbox 1494 418 1559 459; x_wconf 81' lang='lat'>42.</span> 
     </span>
     <span class='ocr_line' id='line_1_5' title="bbox 94 480 1564 540; baseline 0 -16"><span class='ocrx_word' id='word_1_34' title='bbox 94 484 226 526; x_wconf 85' lang='lat' dir='ltr'><strong>Noun.</strong></span> <span class='ocrx_word' id='word_1_35' title='bbox 268 498 301 526; x_wconf 90' lang='lat' dir='ltr'><strong>c.</strong></span> <span class='ocrx_word' id='word_1_36' title='bbox 334 488 397 529; x_wconf 72' lang='lat'><strong>97.</strong></span> <span class='ocrx_word' id='word_1_37' title='bbox 430 489 496 528; x_wconf 89' lang='lat' dir='ltr'>uhi</span> <span class='ocrx_word' id='word_1_38' title='bbox 533 488 622 529; x_wconf 88' lang='lat' dir='ltr'>cod.</span> <span class='ocrx_word' id='word_1_39' title='bbox 662 489 813 529; x_wconf 85' lang='lat' dir='ltr'>rectius</span> <span class='ocrx_word' id='word_1_40' title='bbox 846 484 1016 540; x_wconf 75' lang='grc' dir='ltr'>ἐφήλεις.</span> <span class='ocrx_word' id='word_1_41' title='bbox 1075 486 1153 525; x_wconf 87' lang='lat' dir='ltr'>Pro</span> <span class='ocrx_word' id='word_1_42' title='bbox 1187 480 1395 530; x_wconf 80' lang='grc' dir='ltr'><em>ὑπόκιστις</em></span> <span class='ocrx_word' id='word_1_43' title='bbox 1426 483 1564 524; x_wconf 87' lang='lat' dir='ltr'>Galen.</span> 
     </span>
     <span class='ocr_line' id='line_1_6' title="bbox 96 548 1563 605; baseline -0.001 -15"><span class='ocrx_word' id='word_1_44' title='bbox 96 550 144 590; x_wconf 86' lang='lat' dir='ltr'>de</span> <span class='ocrx_word' id='word_1_45' title='bbox 178 551 279 593; x_wconf 84' lang='lat' dir='ltr'>Med.</span> <span class='ocrx_word' id='word_1_46' title='bbox 322 554 459 605; x_wconf 71' lang='lat' dir='ltr'>simpl.</span> <span class='ocrx_word' id='word_1_47' title='bbox 504 554 565 595; x_wconf 87' lang='lat' dir='ltr'>IX.</span> <span class='ocrx_word' id='word_1_48' title='bbox 605 554 790 594; x_wconf 83' lang='lat' dir='ltr'>Prooem.</span> <span class='ocrx_word' id='word_1_49' title='bbox 834 554 922 595; x_wconf 71' lang='lat'><strong>100.</strong></span> <span class='ocrx_word' id='word_1_50' title='bbox 965 553 1006 594; x_wconf 93' lang='grc' dir='ltr'>Τ.</span> <span class='ocrx_word' id='word_1_51' title='bbox 1044 551 1127 592; x_wconf 86' lang='lat' dir='ltr'><strong>Xll.</strong></span> <span class='ocrx_word' id='word_1_52' title='bbox 1163 550 1311 601; x_wconf 80' lang='lat' dir='ltr'>Zopyr.</span> <span class='ocrx_word' id='word_1_53' title='bbox 1352 550 1393 589; x_wconf 90' lang='lat' dir='ltr'>in</span> <span class='ocrx_word' id='word_1_54' title='bbox 1432 548 1563 590; x_wconf 87' lang='lat' dir='ltr'>Medd.</span> 
     </span>
     <span class='ocr_line' id='line_1_7' title="bbox 94 614 1266 670; baseline -0.001 -14"><span class='ocrx_word' id='word_1_55' title='bbox 94 616 227 668; x_wconf 88' lang='lat' dir='ltr'>Mosq.</span> <span class='ocrx_word' id='word_1_56' title='bbox 257 629 295 669; x_wconf 88' lang='lat' dir='ltr'>p.</span> <span class='ocrx_word' id='word_1_57' title='bbox 325 620 416 661; x_wconf 78' lang='lat'><strong>350.</strong></span> <span class='ocrx_word' id='word_1_58' title='bbox 448 619 597 670; x_wconf 85' lang='lat' dir='ltr'>ubique</span> <span class='ocrx_word' id='word_1_59' title='bbox 627 620 922 660; x_wconf 83' lang='lat' dir='ltr'>restituendum</span> <span class='ocrx_word' id='word_1_60' title='bbox 954 623 1017 659; x_wconf 85' lang='lat' dir='ltr'>est</span> <span class='ocrx_word' id='word_1_61' title='bbox 1046 614 1266 663; x_wconf 79' lang='grc' dir='ltr'>ὑποκιστίς.</span> 
     </span>
    </p>
   </div>
   <div class='ocr_carea' id='block_1_3' title="bbox 76 701 1588 2336">
    <p class='ocr_par' dir='ltr' id='par_1_3' title="bbox 76 701 1588 2336">
     <span class='ocr_line' id='line_1_8' title="bbox 207 701 1567 758; baseline -0.004 -12"><span class='ocrx_word' id='word_1_62' title='bbox 207 708 244 751; x_wconf 84' lang='lat'>§.</span> <span class='ocrx_word' id='word_1_63' title='bbox 289 705 349 746; x_wconf 90' lang='lat'><strong>10.</strong></span> <span class='ocrx_word' id='word_1_64' title='bbox 416 706 567 746; x_wconf 86' lang='lat' dir='ltr'>Eorum</span> <span class='ocrx_word' id='word_1_65' title='bbox 616 717 720 758; x_wconf 85' lang='lat' dir='ltr'>quac</span> <span class='ocrx_word' id='word_1_66' title='bbox 757 707 875 747; x_wconf 81' lang='lat' dir='ltr'>aliam</span> <span class='ocrx_word' id='word_1_67' title='bbox 914 705 1113 747; x_wconf 88' lang='lat' dir='ltr'>orationis</span> <span class='ocrx_word' id='word_1_68' title='bbox 1153 706 1311 755; x_wconf 84' lang='lat' dir='ltr'>partem</span> <span class='ocrx_word' id='word_1_69' title='bbox 1348 701 1389 741; x_wconf 94' lang='lat' dir='ltr'>in</span> <span class='ocrx_word' id='word_1_70' title='bbox 1432 702 1567 742; x_wconf 85' lang='lat' dir='ltr'>fronte</span> 
     </span>
     <span class='ocr_line' id='line_1_9' title="bbox 96 766 1569 824; baseline 0.002 -17"><span class='ocrx_word' id='word_1_71' title='bbox 96 766 267 821; x_wconf 79' lang='lat' dir='ltr'>habent,</span> <span class='ocrx_word' id='word_1_72' title='bbox 307 775 483 822; x_wconf 85' lang='lat' dir='ltr'>quatuor</span> <span class='ocrx_word' id='word_1_73' title='bbox 522 772 684 822; x_wconf 87' lang='lat' dir='ltr'>species</span> <span class='ocrx_word' id='word_1_74' title='bbox 715 773 964 824; x_wconf 74' lang='lat' dir='ltr'>cogitatione</span> <span class='ocrx_word' id='word_1_75' title='bbox 993 769 1203 810; x_wconf 79' lang='lat' dir='ltr'>informari</span> <span class='ocrx_word' id='word_1_76' title='bbox 1233 773 1421 820; x_wconf 88' lang='lat' dir='ltr'><strong>possunt.</strong></span> <span class='ocrx_word' id='word_1_77' title='bbox 1476 769 1569 810; x_wconf 90' lang='lat' dir='ltr'>Pri-</span> 
     </span>
     <span class='ocr_line' id='line_1_10' title="bbox 85 830 1569 890; baseline 0.001 -17"><span class='ocrx_word' id='word_1_78' title='bbox 85 844 202 874; x_wconf 63' lang='lat' dir='ltr'>›mum</span> <span class='ocrx_word' id='word_1_79' title='bbox 241 836 274 875; x_wconf 90' lang='lat' dir='ltr'>si</span> <span class='ocrx_word' id='word_1_80' title='bbox 316 836 459 877; x_wconf 78' lang='lat' dir='ltr'>Gracci</span> <span class='ocrx_word' id='word_1_81' title='bbox 488 834 592 889; x_wconf 71' lang='grc' dir='ltr'><strong><em>μυὸς</em></strong></span> <span class='ocrx_word' id='word_1_82' title='bbox 620 830 703 877; x_wconf 77' lang='grc' dir='ltr'>ὦτα</span> <span class='ocrx_word' id='word_1_83' title='bbox 736 839 800 878; x_wconf 85' lang='lat' dir='ltr'>vel</span> <span class='ocrx_word' id='word_1_84' title='bbox 837 835 996 890; x_wconf 79' lang='grc' dir='ltr'><em>μύρτου</em></span> <span class='ocrx_word' id='word_1_85' title='bbox 1024 837 1131 889; x_wconf 72' lang='grc' dir='ltr'><strong><em>χείλη</em></strong></span> <span class='ocrx_word' id='word_1_86' title='bbox 1160 835 1201 874; x_wconf 92' lang='lat' dir='ltr'>in</span> <span class='ocrx_word' id='word_1_87' title='bbox 1231 845 1352 874; x_wconf 90' lang='lat' dir='ltr'>unum</span> <span class='ocrx_word' id='word_1_88' title='bbox 1382 835 1569 875; x_wconf 85' lang='lat' dir='ltr'>vocabu-</span> 
     </span>
     <span class='ocr_line' id='line_1_11' title="bbox 98 898 1567 956; baseline 0.003 -18"><span class='ocrx_word' id='word_1_89' title='bbox 98 898 177 939; x_wconf 87' lang='lat' dir='ltr'>lum</span> <span class='ocrx_word' id='word_1_90' title='bbox 218 907 432 942; x_wconf 80' lang='lat' dir='ltr'>coarctare</span> <span class='ocrx_word' id='word_1_91' title='bbox 480 902 695 942; x_wconf 86' lang='lat' dir='ltr'>voluerunt</span> <span class='ocrx_word' id='word_1_92' title='bbox 738 904 991 956; x_wconf 78' lang='lat' dir='ltr'>femininum,</span> <span class='ocrx_word' id='word_1_93' title='bbox 1031 906 1168 941; x_wconf 86' lang='lat' dir='ltr'>natum</span> <span class='ocrx_word' id='word_1_94' title='bbox 1208 904 1271 940; x_wconf 86' lang='lat' dir='ltr'>est</span> <span class='ocrx_word' id='word_1_95' title='bbox 1309 900 1405 940; x_wconf 89' lang='lat' dir='ltr'>illud</span> <span class='ocrx_word' id='word_1_96' title='bbox 1437 912 1567 952; x_wconf 82' lang='lat' dir='ltr'>genus</span> 
     </span>
     <span class='ocr_line' id='line_1_12' title="bbox 99 965 1570 1021; baseline 0.002 -17"><span class='ocrx_word' id='word_1_97' title='bbox 99 965 206 1016; x_wconf 92' lang='lat' dir='ltr'>quod</span> <span class='ocrx_word' id='word_1_98' title='bbox 238 978 363 1018; x_wconf 85' lang='lat' dir='ltr'>supra</span> <span class='ocrx_word' id='word_1_99' title='bbox 392 967 627 1018; x_wconf 79' lang='lat' dir='ltr'>Henecdyin</span> <span class='ocrx_word' id='word_1_100' title='bbox 659 969 968 1019; x_wconf 78' lang='lat' dir='ltr'>appellavimus,</span> <span class='ocrx_word' id='word_1_101' title='bbox 999 967 1217 1021; x_wconf 78' lang='grc' dir='ltr'><em>μυοςωτίς,</em></span> <span class='ocrx_word' id='word_1_102' title='bbox 1258 967 1570 1019; x_wconf 77' lang='grc' dir='ltr'><em>μυρτοχειλίς.39</em></span> 
     </span>
     <span class='ocr_line' id='line_1_13' title="bbox 98 1031 1568 1086; baseline 0.003 -16"><span class='ocrx_word' id='word_1_103' title='bbox 98 1031 239 1072; x_wconf 88' lang='lat' dir='ltr'>Altera</span> <span class='ocrx_word' id='word_1_104' title='bbox 270 1034 432 1085; x_wconf 86' lang='lat' dir='ltr'>specics</span> <span class='ocrx_word' id='word_1_105' title='bbox 463 1033 749 1085; x_wconf 68' lang='lat' dir='ltr'>complectitur</span> <span class='ocrx_word' id='word_1_106' title='bbox 779 1034 969 1085; x_wconf 72' lang='lat' dir='ltr'>syntheta</span> <span class='ocrx_word' id='word_1_107' title='bbox 999 1033 1258 1085; x_wconf 75' lang='grc' dir='ltr'><em>δρυοπτερίς,</em></span> <span class='ocrx_word' id='word_1_108' title='bbox 1298 1034 1568 1086; x_wconf 77' lang='grc' dir='ltr'><em>λευκομαινίς,</em></span> 
     </span>
     <span class='ocr_line' id='line_1_14' title="bbox 97 1096 1572 1152; baseline 0.003 -16"><span class='ocrx_word' id='word_1_109' title='bbox 97 1098 430 1150; x_wconf 78' lang='grc' dir='ltr'><em>χρυσοκαυθαρίς</em></span> <span class='ocrx_word' id='word_1_110' title='bbox 460 1099 611 1139; x_wconf 74' lang='lat' dir='ltr'>Anecd.</span> <span class='ocrx_word' id='word_1_111' title='bbox 644 1099 767 1140; x_wconf 55' lang='lat' dir='ltr'>Betik.</span> <span class='ocrx_word' id='word_1_112' title='bbox 800 1096 1056 1152; x_wconf 72' lang='grc' dir='ltr'><em>ὁλοφλυκτίς,</em></span> <span class='ocrx_word' id='word_1_113' title='bbox 1086 1098 1234 1152; x_wconf 74' lang='grc' dir='ltr'><em>γλυφίς</em></span> <span class='ocrx_word' id='word_1_114' title='bbox 1262 1096 1329 1137; x_wconf 80' lang='grc' dir='ltr'>καὶ</span> <span class='ocrx_word' id='word_1_115' title='bbox 1355 1096 1458 1138; x_wconf 75' lang='grc' dir='ltr'>κατὰ</span> <span class='ocrx_word' id='word_1_116' title='bbox 1476 1097 1572 1140; x_wconf 81' lang='grc' dir='ltr'><em>σύν-</em></span> 
     </span>
     <span class='ocr_line' id='line_1_15' title="bbox 99 1159 1573 1218; baseline 0.003 -17"><span class='ocrx_word' id='word_1_117' title='bbox 99 1164 218 1202; x_wconf 78' lang='grc' dir='ltr'><em>θεσιν</em></span> <span class='ocrx_word' id='word_1_118' title='bbox 255 1159 484 1217; x_wconf 51' lang='lat' dir='ltr'>&amp;wyte-&lt;pig</span> <span class='ocrx_word' id='word_1_119' title='bbox 513 1166 598 1205; x_wconf 81' lang='lat' dir='ltr'>EM.</span> <span class='ocrx_word' id='word_1_120' title='bbox 631 1165 723 1218; x_wconf 81' lang='lat'>235,</span> <span class='ocrx_word' id='word_1_121' title='bbox 757 1166 817 1206; x_wconf 73' lang='lat'><strong>17.</strong></span> <span class='ocrx_word' id='word_1_122' title='bbox 859 1167 975 1218; x_wconf 87' lang='lat' dir='ltr'>eique</span> <span class='ocrx_word' id='word_1_123' title='bbox 1014 1176 1182 1205; x_wconf 86' lang='lat' dir='ltr'>numero</span> <span class='ocrx_word' id='word_1_124' title='bbox 1224 1164 1358 1204; x_wconf 86' lang='lat' dir='ltr'>omnia</span> <span class='ocrx_word' id='word_1_125' title='bbox 1395 1164 1573 1206; x_wconf 82' lang='lat' dir='ltr'>adscribi</span> 
     </span>
     <span class='ocr_line' id='line_1_16' title="bbox 101 1229 1574 1282; baseline 0.002 -14"><span class='ocrx_word' id='word_1_126' title='bbox 101 1234 278 1279; x_wconf 87' lang='lat' dir='ltr'>possunt</span> <span class='ocrx_word' id='word_1_127' title='bbox 314 1230 461 1282; x_wconf 86' lang='lat' dir='ltr'>quibus</span> <span class='ocrx_word' id='word_1_128' title='bbox 499 1231 661 1281; x_wconf 85' lang='lat' dir='ltr'>species</span> <span class='ocrx_word' id='word_1_129' title='bbox 702 1233 790 1281; x_wconf 82' lang='lat' dir='ltr'>ejus</span> <span class='ocrx_word' id='word_1_130' title='bbox 827 1232 884 1271; x_wconf 84' lang='lat' dir='ltr'>rei</span> <span class='ocrx_word' id='word_1_131' title='bbox 919 1231 1190 1282; x_wconf 82' lang='lat' dir='ltr'>significatur,</span> <span class='ocrx_word' id='word_1_132' title='bbox 1236 1240 1355 1281; x_wconf 86' lang='lat' dir='ltr'>quam</span> <span class='ocrx_word' id='word_1_133' title='bbox 1394 1229 1574 1271; x_wconf 81' lang='lat' dir='ltr'>declarat</span> 
     </span>
     <span class='ocr_line' id='line_1_17' title="bbox 101 1290 1575 1348; baseline 0.002 -15"><span class='ocrx_word' id='word_1_134' title='bbox 101 1304 250 1334; x_wconf 83' lang='lat' dir='ltr'>nomen</span> <span class='ocrx_word' id='word_1_135' title='bbox 289 1295 482 1347; x_wconf 83' lang='lat' dir='ltr'>simplex,</span> <span class='ocrx_word' id='word_1_136' title='bbox 520 1296 764 1348; x_wconf 65' lang='grc' dir='ltr'><strong><em>πυρολαβίς,</em></strong></span> <span class='ocrx_word' id='word_1_137' title='bbox 791 1296 1107 1348; x_wconf 60' lang='grc' dir='ltr'><em>χρυσολαβίς,4“</em></span> <span class='ocrx_word' id='word_1_138' title='bbox 1135 1290 1442 1346; x_wconf 80' lang='grc' dir='ltr'><em>ὀπωροβασιλίς,</em></span> <span class='ocrx_word' id='word_1_139' title='bbox 1474 1311 1575 1348; x_wconf 78' lang='grc' dir='ltr'>φορ-</span> 
     </span>
     <span class='ocr_line' id='line_1_18' title="bbox 100 1357 1576 1412; baseline 0.003 -15"><span class='ocrx_word' id='word_1_140' title='bbox 100 1357 318 1411; x_wconf 77' lang='grc' dir='ltr'><em>μοῤῥαφίς,</em></span> <span class='ocrx_word' id='word_1_141' title='bbox 350 1359 628 1412; x_wconf 77' lang='grc' dir='ltr'><em>στηθοδεσμίς.</em></span> <span class='ocrx_word' id='word_1_142' title='bbox 686 1361 773 1401; x_wconf 89' lang='lat' dir='ltr'>Hoc</span> <span class='ocrx_word' id='word_1_143' title='bbox 805 1366 938 1402; x_wconf 85' lang='lat' dir='ltr'>tamen</span> <span class='ocrx_word' id='word_1_144' title='bbox 967 1361 1068 1401; x_wconf 86' lang='lat' dir='ltr'>adeo</span> <span class='ocrx_word' id='word_1_145' title='bbox 1100 1370 1183 1399; x_wconf 91' lang='lat' dir='ltr'>non</span> <span class='ocrx_word' id='word_1_146' title='bbox 1215 1364 1278 1399; x_wconf 88' lang='lat' dir='ltr'>est</span> <span class='ocrx_word' id='word_1_147' title='bbox 1298 1364 1452 1400; x_wconf 85' lang='lat' dir='ltr'>certum</span> <span class='ocrx_word' id='word_1_148' title='bbox 1473 1373 1576 1412; x_wconf 82' lang='lat' dir='ltr'>syn-</span> 
     </span>
     <span class='ocr_line' id='line_1_19' title="bbox 106 1424 1576 1479; baseline 0.002 -15"><span class='ocrx_word' id='word_1_149' title='bbox 106 1424 234 1465; x_wconf 82' lang='lat' dir='ltr'>thesis</span> <span class='ocrx_word' id='word_1_150' title='bbox 265 1425 455 1466; x_wconf 88' lang='lat' dir='ltr'>indicium</span> <span class='ocrx_word' id='word_1_151' title='bbox 493 1429 536 1465; x_wconf 90' lang='lat' dir='ltr'>ut</span> <span class='ocrx_word' id='word_1_152' title='bbox 575 1426 843 1479; x_wconf 76' lang='grc' dir='ltr'><em>στηθοδεσμίς</em></span> <span class='ocrx_word' id='word_1_153' title='bbox 885 1431 923 1468; x_wconf 91' lang='lat' dir='ltr'>et</span> <span class='ocrx_word' id='word_1_154' title='bbox 961 1427 1054 1467; x_wconf 88' lang='lat' dir='ltr'>huic</span> <span class='ocrx_word' id='word_1_155' title='bbox 1100 1425 1286 1477; x_wconf 83' lang='lat' dir='ltr'>proxima</span> <span class='ocrx_word' id='word_1_156' title='bbox 1325 1424 1375 1465; x_wconf 89' lang='lat' dir='ltr'>ad</span> <span class='ocrx_word' id='word_1_157' title='bbox 1415 1427 1576 1468; x_wconf 88' lang='lat' dir='ltr'>tertiam</span> 
     </span>
     <span class='ocr_line' id='line_1_20' title="bbox 76 1488 1578 1546; baseline 0.002 -16"><span class='ocrx_word' id='word_1_158' title='bbox 76 1500 85 1508; x_wconf 88' lang='lat'>··</span> <span class='ocrx_word' id='word_1_159' title='bbox 105 1490 281 1532; x_wconf 87' lang='lat' dir='ltr'>classem</span> <span class='ocrx_word' id='word_1_160' title='bbox 320 1492 462 1533; x_wconf 81' lang='lat' dir='ltr'>referri</span> <span class='ocrx_word' id='word_1_161' title='bbox 502 1493 665 1543; x_wconf 88' lang='lat' dir='ltr'>possint</span> <span class='ocrx_word' id='word_1_162' title='bbox 707 1504 786 1545; x_wconf 84' lang='lat' dir='ltr'>qua</span> <span class='ocrx_word' id='word_1_163' title='bbox 826 1503 1035 1544; x_wconf 82' lang='lat' dir='ltr'>paragoga</span> <span class='ocrx_word' id='word_1_164' title='bbox 1074 1491 1354 1542; x_wconf 81' lang='lat' dir='ltr'>continentur3</span> <span class='ocrx_word' id='word_1_165' title='bbox 1401 1488 1578 1546; x_wconf 77' lang='grc' dir='ltr'><em>κρεάγρα</em></span> 
     </span>
     <span class='ocr_line' id='line_1_21' title="bbox 103 1552 1578 1612; baseline 0.001 -16"><span class='ocrx_word' id='word_1_166' title='bbox 103 1557 307 1610; x_wconf 74' lang='grc' dir='ltr'><em>κρεαγρίς,</em></span> <span class='ocrx_word' id='word_1_167' title='bbox 350 1555 639 1611; x_wconf 79' lang='grc' dir='ltr'><em>σμηματοδόκη</em></span> <span class='ocrx_word' id='word_1_168' title='bbox 678 1558 977 1612; x_wconf 76' lang='grc' dir='ltr'><em>σμηματοδοκίς</em></span> <span class='ocrx_word' id='word_1_169' title='bbox 1019 1557 1132 1607; x_wconf 83' lang='lat' dir='ltr'>(Hes.</span> <span class='ocrx_word' id='word_1_170' title='bbox 1164 1567 1195 1596; x_wconf 91' lang='lat' dir='ltr'>S.</span> <span class='ocrx_word' id='word_1_171' title='bbox 1216 1552 1396 1608; x_wconf 81' lang='grc' dir='ltr'>Ῥὺμμα)</span> <span class='ocrx_word' id='word_1_172' title='bbox 1427 1571 1578 1610; x_wconf 80' lang='grc' dir='ltr'><em>χαμαι-</em></span> 
     </span>
     <span class='ocr_line' id='line_1_22' title="bbox 104 1618 1580 1676; baseline 0.002 -15"><span class='ocrx_word' id='word_1_173' title='bbox 104 1619 211 1675; x_wconf 83' lang='grc' dir='ltr'>τύπη</span> <span class='ocrx_word' id='word_1_174' title='bbox 237 1624 479 1675; x_wconf 78' lang='grc' dir='ltr'><em>χαμαιτυπίς</em></span> <span class='ocrx_word' id='word_1_175' title='bbox 509 1635 532 1664; x_wconf 90' lang='lat' dir='ltr'>a</span> <span class='ocrx_word' id='word_1_176' title='bbox 563 1625 716 1664; x_wconf 81' lang='lat' dir='ltr'>Thema</span> <span class='ocrx_word' id='word_1_177' title='bbox 746 1625 1050 1676; x_wconf 79' lang='lat' dir='ltr'>reprehensum⁷</span> <span class='ocrx_word' id='word_1_178' title='bbox 1081 1618 1302 1673; x_wconf 77' lang='grc' dir='ltr'><em>σεισοπύγη</em></span> <span class='ocrx_word' id='word_1_179' title='bbox 1341 1625 1382 1661; x_wconf 89' lang='lat' dir='ltr'>ut</span> <span class='ocrx_word' id='word_1_180' title='bbox 1418 1622 1459 1662; x_wconf 93' lang='lat' dir='ltr'>in</span> <span class='ocrx_word' id='word_1_181' title='bbox 1495 1623 1580 1664; x_wconf 89' lang='lat' dir='ltr'>Ba-</span> 
     </span>
     <span class='ocr_line' id='line_1_23' title="bbox 108 1683 1580 1741; baseline 0.001 -13"><span class='ocrx_word' id='word_1_182' title='bbox 108 1689 175 1729; x_wconf 85' lang='lat' dir='ltr'>Stii</span> <span class='ocrx_word' id='word_1_183' title='bbox 211 1689 353 1730; x_wconf 80' lang='lat' dir='ltr'>codice</span> <span class='ocrx_word' id='word_1_184' title='bbox 392 1690 539 1740; x_wconf 77' lang='lat' dir='ltr'>legitur</span> <span class='ocrx_word' id='word_1_185' title='bbox 574 1690 705 1741; x_wconf 84' lang='lat' dir='ltr'>Epist.</span> <span class='ocrx_word' id='word_1_186' title='bbox 745 1702 781 1741; x_wconf 88' lang='lat' dir='ltr'>p.</span> <span class='ocrx_word' id='word_1_187' title='bbox 813 1690 876 1730; x_wconf 78' lang='lat'><strong>36.</strong></span> <span class='ocrx_word' id='word_1_188' title='bbox 908 1688 1157 1739; x_wconf 73' lang='grc' dir='ltr'><em>σεισοπυγίς,</em></span> <span class='ocrx_word' id='word_1_189' title='bbox 1188 1683 1425 1740; x_wconf 74' lang='grc' dir='ltr'><em>πυριλάμπη</em></span> <span class='ocrx_word' id='word_1_190' title='bbox 1454 1703 1580 1740; x_wconf 80' lang='grc' dir='ltr'><em>πυρι-</em></span> 
     </span>
     <span class='ocr_line' id='line_1_24' title="bbox 106 1752 1579 1807; baseline 0.001 -14"><span class='ocrx_word' id='word_1_191' title='bbox 106 1754 273 1806; x_wconf 79' lang='grc' dir='ltr'><em>λαμπίς,</em></span> <span class='ocrx_word' id='word_1_192' title='bbox 313 1755 592 1807; x_wconf 72' lang='grc' dir='ltr'><em>πυγολαμπίς,</em></span> <span class='ocrx_word' id='word_1_193' title='bbox 622 1756 896 1807; x_wconf 75' lang='grc' dir='ltr'><em>κυσολαμπίς,</em></span> <span class='ocrx_word' id='word_1_194' title='bbox 945 1753 1092 1806; x_wconf 84' lang='lat' dir='ltr'>quibus</span> <span class='ocrx_word' id='word_1_195' title='bbox 1133 1752 1439 1804; x_wconf 80' lang='lat' dir='ltr'>adaequandum</span> <span class='ocrx_word' id='word_1_196' title='bbox 1480 1760 1579 1806; x_wconf 85' lang='lat' dir='ltr'>puto</span> 
     </span>
     <span class='ocr_line' id='line_1_25' title="bbox 107 1817 1580 1875; baseline 0.001 -15"><span class='ocrx_word' id='word_1_197' title='bbox 107 1817 386 1873; x_wconf 77' lang='grc' dir='ltr'><em>χρυσόλαμπις</em></span> <span class='ocrx_word' id='word_1_198' title='bbox 414 1821 567 1861; x_wconf 90' lang='lat' dir='ltr'>Anecd.</span> <span class='ocrx_word' id='word_1_199' title='bbox 597 1822 721 1862; x_wconf 81' lang='lat' dir='ltr'><strong>Bekk.</strong></span> <span class='ocrx_word' id='word_1_200' title='bbox 753 1822 827 1875; x_wconf 46' lang='lat'>725</span> <span class='ocrx_word' id='word_1_201' title='bbox 847 1821 911 1861; x_wconf 91' lang='lat'>21.</span> <span class='ocrx_word' id='word_1_202' title='bbox 968 1819 1079 1859; x_wconf 86' lang='lat' dir='ltr'>Haec</span> <span class='ocrx_word' id='word_1_203' title='bbox 1111 1818 1205 1869; x_wconf 87' lang='lat' dir='ltr'>quia</span> <span class='ocrx_word' id='word_1_204' title='bbox 1225 1818 1385 1870; x_wconf 81' lang='lat' dir='ltr'>singula</span> <span class='ocrx_word' id='word_1_205' title='bbox 1409 1820 1580 1872; x_wconf 79' lang='lat' dir='ltr'>singulis</span> 
     </span>
     <span class='ocr_line' id='line_1_26' title="bbox 109 1884 1583 1940; baseline 0 -13"><span class='ocrx_word' id='word_1_206' title='bbox 109 1887 233 1927; x_wconf 88' lang='lat' dir='ltr'>rebus</span> <span class='ocrx_word' id='word_1_207' title='bbox 273 1887 460 1938; x_wconf 87' lang='lat' dir='ltr'>privatim</span> <span class='ocrx_word' id='word_1_208' title='bbox 500 1888 712 1939; x_wconf 80' lang='lat' dir='ltr'>assignata</span> <span class='ocrx_word' id='word_1_209' title='bbox 751 1891 866 1940; x_wconf 84' lang='lat' dir='ltr'>sunt7</span> <span class='ocrx_word' id='word_1_210' title='bbox 911 1896 985 1937; x_wconf 90' lang='lat' dir='ltr'>pro</span> <span class='ocrx_word' id='word_1_211' title='bbox 1026 1884 1296 1924; x_wconf 82' lang='lat' dir='ltr'>substantivis</span> <span class='ocrx_word' id='word_1_212' title='bbox 1334 1885 1471 1925; x_wconf 89' lang='lat' dir='ltr'>valent</span> <span class='ocrx_word' id='word_1_213' title='bbox 1509 1885 1583 1928; x_wconf 84' lang='lat' dir='ltr'>sed</span> 
     </span>
     <span class='ocr_line' id='line_1_27' title="bbox 111 1948 1583 2004; baseline -0.001 -12"><span class='ocrx_word' id='word_1_214' title='bbox 111 1957 255 1992; x_wconf 83' lang='lat' dir='ltr'>natura</span> <span class='ocrx_word' id='word_1_215' title='bbox 284 1952 382 1991; x_wconf 86' lang='lat' dir='ltr'>nihil</span> <span class='ocrx_word' id='word_1_216' title='bbox 412 1952 597 1993; x_wconf 86' lang='lat' dir='ltr'>differunt</span> <span class='ocrx_word' id='word_1_217' title='bbox 628 1953 678 1993; x_wconf 88' lang='lat' dir='ltr'>ab</span> <span class='ocrx_word' id='word_1_218' title='bbox 705 1952 919 2004; x_wconf 78' lang='lat' dir='ltr'>adjectivis</span> <span class='ocrx_word' id='word_1_219' title='bbox 950 1948 1232 2003; x_wconf 76' lang='grc' dir='ltr'><em>φθινοπωρίς,</em></span> <span class='ocrx_word' id='word_1_220' title='bbox 1261 1951 1471 2002; x_wconf 79' lang='grc' dir='ltr'><em>κερουχίς,</em></span> <span class='ocrx_word' id='word_1_221' title='bbox 1503 1961 1583 1991; x_wconf 85' lang='grc' dir='ltr'>σα-</span> 
     </span>
     <span class='ocr_line' id='line_1_28' title="bbox 112 2015 1586 2072; baseline 0 -15"><span class='ocrx_word' id='word_1_222' title='bbox 112 2018 297 2071; x_wconf 78' lang='grc' dir='ltr'><em>φηγορίς,</em></span> <span class='ocrx_word' id='word_1_223' title='bbox 329 2019 637 2071; x_wconf 78' lang='grc' dir='ltr'><em>στενοπορθμίς,</em></span> <span class='ocrx_word' id='word_1_224' title='bbox 669 2016 831 2072; x_wconf 74' lang='grc' dir='ltr'>ἐχενηΐς,</span> <span class='ocrx_word' id='word_1_225' title='bbox 862 2015 1106 2065; x_wconf 79' lang='grc' dir='ltr'><em>κευοδοντίς,</em></span> <span class='ocrx_word' id='word_1_226' title='bbox 1137 2026 1307 2067; x_wconf 86' lang='lat' dir='ltr'>quorum</span> <span class='ocrx_word' id='word_1_227' title='bbox 1341 2016 1390 2056; x_wconf 80' lang='lat' dir='ltr'>ab</span> <span class='ocrx_word' id='word_1_228' title='bbox 1413 2022 1586 2058; x_wconf 80' lang='lat' dir='ltr'>accentu</span> 
     </span>
     <span class='ocr_line' id='line_1_29' title="bbox 115 2081 1586 2137; baseline -0.002 -13"><span class='ocrx_word' id='word_1_229' title='bbox 115 2083 285 2124; x_wconf 81' lang='lat' dir='ltr'>descivit</span> <span class='ocrx_word' id='word_1_230' title='bbox 315 2081 548 2137; x_wconf 74' lang='grc' dir='ltr'><em>φαυόμηρις</em></span> <span class='ocrx_word' id='word_1_231' title='bbox 578 2085 678 2125; x_wconf 86' lang='lat' dir='ltr'>Poll.</span> <span class='ocrx_word' id='word_1_232' title='bbox 710 2085 754 2125; x_wconf 84' lang='grc' dir='ltr'>ΙΙ.</span> <span class='ocrx_word' id='word_1_233' title='bbox 788 2084 876 2126; x_wconf 82' lang='grc'>187.</span> <span class='ocrx_word' id='word_1_234' title='bbox 918 2083 1070 2123; x_wconf 76' lang='lat' dir='ltr'>rectius</span> <span class='ocrx_word' id='word_1_235' title='bbox 1111 2082 1304 2133; x_wconf 80' lang='lat' dir='ltr'>scriptum</span> <span class='ocrx_word' id='word_1_236' title='bbox 1347 2082 1586 2135; x_wconf 75' lang='grc' dir='ltr'><strong><em>Φανομηρίς</em></strong></span> 
     </span>
     <span class='ocr_line' id='line_1_30' title="bbox 113 2144 1588 2203; baseline -0.001 -14"><span class='ocrx_word' id='word_1_237' title='bbox 113 2149 194 2190; x_wconf 85' lang='lat' dir='ltr'><strong>VII.</strong></span> <span class='ocrx_word' id='word_1_238' title='bbox 224 2149 288 2190; x_wconf 87' lang='lat'>55.</span> <span class='ocrx_word' id='word_1_239' title='bbox 318 2149 383 2189; x_wconf 86' lang='lat' dir='ltr'>vel</span> <span class='ocrx_word' id='word_1_240' title='bbox 415 2151 552 2201; x_wconf 83' lang='lat' dir='ltr'>potius</span> <span class='ocrx_word' id='word_1_241' title='bbox 587 2149 841 2203; x_wconf 73' lang='grc' dir='ltr'><em>Φαινομηρίς</em></span> <span class='ocrx_word' id='word_1_242' title='bbox 869 2149 970 2189; x_wconf 84' lang='lat' dir='ltr'>Plut.</span> <span class='ocrx_word' id='word_1_243' title='bbox 1002 2151 1041 2188; x_wconf 82' lang='lat' dir='ltr'>et</span> <span class='ocrx_word' id='word_1_244' title='bbox 1081 2148 1122 2187; x_wconf 93' lang='grc' dir='ltr'>Γ</span> <span class='ocrx_word' id='word_1_245' title='bbox 1117 2144 1441 2200; x_wconf 77' lang='grc' dir='ltr'><strong><em>λαυκοφόρβιδες</em></strong></span> <span class='ocrx_word' id='word_1_246' title='bbox 1470 2147 1588 2188; x_wconf 79' lang='grc' dir='ltr'><em>ἵπποι</em></span> 
     </span>
     <span class='ocr_line' id='line_1_31' title="bbox 114 2210 1588 2269; baseline -0.001 -14"><span class='ocrx_word' id='word_1_247' title='bbox 114 2210 390 2266; x_wconf 77' lang='grc' dir='ltr'><strong><em>εὐγενέστατοι</em></strong></span> <span class='ocrx_word' id='word_1_248' title='bbox 418 2216 513 2256; x_wconf 86' lang='lat' dir='ltr'>Hes.</span> <span class='ocrx_word' id='word_1_249' title='bbox 543 2216 622 2256; x_wconf 89' lang='lat' dir='ltr'>hoc</span> <span class='ocrx_word' id='word_1_250' title='bbox 653 2220 737 2269; x_wconf 80' lang='lat' dir='ltr'>est,</span> <span class='ocrx_word' id='word_1_251' title='bbox 781 2220 823 2255; x_wconf 88' lang='lat' dir='ltr'>ut</span> <span class='ocrx_word' id='word_1_252' title='bbox 855 2216 1022 2268; x_wconf 84' lang='lat' dir='ltr'>opinor,</span> <span class='ocrx_word' id='word_1_253' title='bbox 1063 2214 1202 2255; x_wconf 87' lang='lat' dir='ltr'>Glauci</span> <span class='ocrx_word' id='word_1_254' title='bbox 1231 2213 1464 2254; x_wconf 88' lang='lat' dir='ltr'>Potniensis</span> <span class='ocrx_word' id='word_1_255' title='bbox 1495 2215 1588 2266; x_wconf 86' lang='lat' dir='ltr'>equi</span> 
     </span>
     <span class='ocr_line' id='line_1_32' title="bbox 117 2279 1588 2336; baseline 0.001 -16"><span class='ocrx_word' id='word_1_256' title='bbox 117 2281 363 2321; x_wconf 84' lang='lat' dir='ltr'>ferocissimi</span> <span class='ocrx_word' id='word_1_257' title='bbox 404 2281 491 2321; x_wconf 81' lang='lat' dir='ltr'>sive</span> <span class='ocrx_word' id='word_1_258' title='bbox 532 2281 774 2336; x_wconf 85' lang='lat' dir='ltr'>Potniades,</span> <span class='ocrx_word' id='word_1_259' title='bbox 814 2282 1003 2322; x_wconf 84' lang='lat' dir='ltr'>feminine</span> <span class='ocrx_word' id='word_1_260' title='bbox 1038 2280 1231 2333; x_wconf 87' lang='lat' dir='ltr'>appellati</span> <span class='ocrx_word' id='word_1_261' title='bbox 1272 2283 1315 2319; x_wconf 91' lang='lat' dir='ltr'>ut</span> <span class='ocrx_word' id='word_1_262' title='bbox 1352 2279 1588 2332; x_wconf 83' lang='lat' dir='ltr'>plerumque</span> 
     </span>
    </p>
   </div>
   <div class='ocr_carea' id='block_1_4' title="bbox 121 2489 1594 2658">
    <p class='ocr_par' dir='ltr' id='par_1_4' title="bbox 121 2489 1594 2658">
     <span class='ocr_line' id='line_1_33' title="bbox 210 2489 1592 2536; baseline -0.001 -10"><span class='ocrx_word' id='word_1_263' title='bbox 210 2491 270 2534; x_wconf 87' lang='lat'>39)</span> <span class='ocrx_word' id='word_1_264' title='bbox 296 2490 396 2534; x_wconf 86' lang='lat' dir='ltr'>Apud</span> <span class='ocrx_word' id='word_1_265' title='bbox 424 2490 546 2525; x_wconf 80' lang='lat' dir='ltr'>Rufum</span> <span class='ocrx_word' id='word_1_266' title='bbox 571 2491 659 2536; x_wconf 86' lang='lat' dir='ltr'><strong>Eph.</strong></span> <span class='ocrx_word' id='word_1_267' title='bbox 685 2503 719 2536; x_wconf 92' lang='lat' dir='ltr'>p.</span> <span class='ocrx_word' id='word_1_268' title='bbox 746 2493 801 2528; x_wconf 81' lang='lat'>24.</span> <span class='ocrx_word' id='word_1_269' title='bbox 828 2491 885 2527; x_wconf 85' lang='lat' dir='ltr'>ed.</span> <span class='ocrx_word' id='word_1_270' title='bbox 912 2491 995 2526; x_wconf 89' lang='lat' dir='ltr'>Ven.</span> <span class='ocrx_word' id='word_1_271' title='bbox 1021 2501 1082 2535; x_wconf 87' lang='lat' dir='ltr'>pro</span> <span class='ocrx_word' id='word_1_272' title='bbox 1108 2489 1349 2535; x_wconf 75' lang='grc' dir='ltr'><strong><em>μυρτοχείλας</em></strong></span> <span class='ocrx_word' id='word_1_273' title='bbox 1371 2489 1592 2525; x_wconf 84' lang='lat' dir='ltr'>scribendum</span> 
     </span>
     <span class='ocr_line' id='line_1_34' title="bbox 121 2545 486 2589; baseline -0.008 -8"><span class='ocrx_word' id='word_1_274' title='bbox 121 2548 175 2581; x_wconf 80' lang='lat' dir='ltr'>est</span> <span class='ocrx_word' id='word_1_275' title='bbox 197 2545 486 2589; x_wconf 72' lang='grc' dir='ltr'><strong><em>μυρτοχειλίδας.</em></strong></span> 
     </span>
     <span class='ocr_line' id='line_1_35' title="bbox 211 2609 1594 2658; baseline 0 -12"><span class='ocrx_word' id='word_1_276' title='bbox 211 2612 271 2654; x_wconf 82' lang='grc'>40)</span> <span class='ocrx_word' id='word_1_277' title='bbox 308 2613 418 2654; x_wconf 74' lang='grc' dir='ltr'><em>Λαβίς</em></span> <span class='ocrx_word' id='word_1_278' title='bbox 453 2613 579 2650; x_wconf 74' lang='grc' dir='ltr'><strong><em>σκεῦος</em></strong></span> <span class='ocrx_word' id='word_1_279' title='bbox 610 2612 858 2658; x_wconf 82' lang='grc' dir='ltr'><em>χρυσοχοϊκόν</em></span> <span class='ocrx_word' id='word_1_280' title='bbox 890 2612 970 2646; x_wconf 86' lang='lat' dir='ltr'>Hes.</span> <span class='ocrx_word' id='word_1_281' title='bbox 1019 2611 1159 2654; x_wconf 82' lang='lat' dir='ltr'>Alioqui</span> <span class='ocrx_word' id='word_1_282' title='bbox 1203 2609 1479 2653; x_wconf 86' lang='lat' dir='ltr'>decompositum</span> <span class='ocrx_word' id='word_1_283' title='bbox 1514 2620 1594 2648; x_wconf 85' lang='lat' dir='ltr'>esse</span> 
     </span>
    </p>
   </div>
   <div class='ocr_carea' id='block_1_5' title="bbox 123 2665 1593 2766">
    <p class='ocr_par' dir='ltr' id='par_1_5' title="bbox 123 2665 1593 2766">
     <span class='ocr_line' id='line_1_36' title="bbox 123 2665 1593 2713; baseline 0 -12"><span class='ocrx_word' id='word_1_284' title='bbox 123 2671 239 2711; x_wconf 89' lang='lat' dir='ltr'>potest</span> <span class='ocrx_word' id='word_1_285' title='bbox 270 2670 308 2701; x_wconf 80' lang='lat' dir='ltr'>ut</span> <span class='ocrx_word' id='word_1_286' title='bbox 341 2667 409 2702; x_wconf 80' lang='lat' dir='ltr'>alia</span> <span class='ocrx_word' id='word_1_287' title='bbox 442 2668 742 2705; x_wconf 81' lang='lat' dir='ltr'>instrumentorum</span> <span class='ocrx_word' id='word_1_288' title='bbox 775 2670 914 2705; x_wconf 83' lang='lat' dir='ltr'>nomina</span> <span class='ocrx_word' id='word_1_289' title='bbox 941 2668 1193 2713; x_wconf 79' lang='grc' dir='ltr'><strong><em>πρασοκουρίς,</em></strong></span> <span class='ocrx_word' id='word_1_290' title='bbox 1220 2665 1429 2710; x_wconf 73' lang='grc' dir='ltr'><strong><em>ἀρτοφορίς,</em></strong></span> <span class='ocrx_word' id='word_1_291' title='bbox 1456 2667 1593 2711; x_wconf 79' lang='grc' dir='ltr'><strong><em>ἱματιο-</em></strong></span> 
     </span>
     <span class='ocr_line' id='line_1_37' title="bbox 124 2734 241 2766; baseline 0 -11"><span class='ocrx_word' id='word_1_292' title='bbox 124 2734 241 2766; x_wconf 63' lang='lat' dir='ltr'>(poete.</span> 
     </span>
    </p>
   </div>
  </div>
 </body>
</html>
