<?xml version="1.0" encoding="UTF-8"?>
<!DOCTYPE html PUBLIC "-//W3C//DTD XHTML 1.0 Transitional//EN"
    "http://www.w3.org/TR/xhtml1/DTD/xhtml1-transitional.dtd">
<html xmlns="http://www.w3.org/1999/xhtml" xml:lang="en" lang="en">
 <head>
  <title>
</title>
<meta http-equiv="Content-Type" content="text/html;charset=utf-8" />
  <meta name='ocr-system' content='tesseract 3.04.00' />
  <meta name='ocr-capabilities' content='ocr_page ocr_carea ocr_par ocr_line ocrx_word'/>
</head>
<body>
  <div class='ocr_page' id='page_1' title='image "./pathologiaesermo00lobeuoft_0062.png"; bbox 0 0 1731 3021; ppageno 0'>
   <div class='ocr_carea' id='block_1_1' title="bbox 165 149 1160 194">
    <p class='ocr_par' dir='ltr' id='par_1_1' title="bbox 165 149 1160 194">
     <span class='ocr_line' id='line_1_1' title="bbox 165 149 1160 194; baseline -0.003 0"><span class='ocrx_word' id='word_1_1' title='bbox 165 151 227 194; x_wconf 71' lang='lat'>44</span> <span class='ocrx_word' id='word_1_2' title='bbox 653 149 1088 193; x_wconf 87' lang='lat' dir='ltr'><strong>DISSERTATIO</strong></span> <span class='ocrx_word' id='word_1_3' title='bbox 1133 150 1160 191; x_wconf 95' lang='grc' dir='ltr'>Ι.</span> 
     </span>
    </p>
   </div>
   <div class='ocr_carea' id='block_1_2' title="bbox 161 259 1648 1836">
    <p class='ocr_par' dir='ltr' id='par_1_2' title="bbox 161 259 1648 1836">
     <span class='ocr_line' id='line_1_2' title="bbox 163 259 1642 315; baseline -0.001 -14"><span class='ocrx_word' id='word_1_4' title='bbox 163 261 341 301; x_wconf 90' lang='lat' dir='ltr'>buuntur</span> <span class='ocrx_word' id='word_1_5' title='bbox 378 266 422 302; x_wconf 89' lang='lat' dir='ltr'>ut</span> <span class='ocrx_word' id='word_1_6' title='bbox 459 260 619 315; x_wconf 80' lang='grc' dir='ltr'><em>Μελίτη</em></span> <span class='ocrx_word' id='word_1_7' title='bbox 655 261 802 302; x_wconf 88' lang='lat' dir='ltr'>Nereis</span> <span class='ocrx_word' id='word_1_8' title='bbox 842 265 882 302; x_wconf 86' lang='lat' dir='ltr'>et</span> <span class='ocrx_word' id='word_1_9' title='bbox 919 261 1054 302; x_wconf 88' lang='lat' dir='ltr'>insula</span> <span class='ocrx_word' id='word_1_10' title='bbox 1093 260 1281 314; x_wconf 83' lang='lat' dir='ltr'>Africae,</span> <span class='ocrx_word' id='word_1_11' title='bbox 1320 259 1513 300; x_wconf 83' lang='grc' dir='ltr'><em>Μελίτειοι</em></span> <span class='ocrx_word' id='word_1_12' title='bbox 1544 259 1642 300; x_wconf 91' lang='lat' dir='ltr'>urbs</span> 
     </span>
     <span class='ocr_line' id='line_1_3' title="bbox 165 324 1642 382; baseline -0.001 -16"><span class='ocrx_word' id='word_1_13' title='bbox 165 326 426 380; x_wconf 81' lang='lat' dir='ltr'><strong>Thessaliae,</strong></span> <span class='ocrx_word' id='word_1_14' title='bbox 457 324 638 381; x_wconf 78' lang='grc' dir='ltr'><em>Κορώνη</em></span> <span class='ocrx_word' id='word_1_15' title='bbox 668 328 913 382; x_wconf 75' lang='lat' dir='ltr'>Messeniae,</span> <span class='ocrx_word' id='word_1_16' title='bbox 943 324 1162 379; x_wconf 75' lang='grc' dir='ltr'><strong><em>Κορώνεια</em></strong></span> <span class='ocrx_word' id='word_1_17' title='bbox 1189 326 1401 379; x_wconf 79' lang='lat' dir='ltr'>Boeotiae,</span> <span class='ocrx_word' id='word_1_18' title='bbox 1433 326 1642 366; x_wconf 81' lang='lat' dir='ltr'>fortuitum</span> 
     </span>
     <span class='ocr_line' id='line_1_4' title="bbox 164 392 1644 446; baseline -0.001 -14"><span class='ocrx_word' id='word_1_19' title='bbox 164 395 241 445; x_wconf 85' lang='lat' dir='ltr'>est,</span> <span class='ocrx_word' id='word_1_20' title='bbox 271 403 404 445; x_wconf 86' lang='lat' dir='ltr'>neque</span> <span class='ocrx_word' id='word_1_21' title='bbox 435 394 531 434; x_wconf 88' lang='lat' dir='ltr'>sciri</span> <span class='ocrx_word' id='word_1_22' title='bbox 560 394 657 434; x_wconf 91' lang='lat' dir='ltr'>licet</span> <span class='ocrx_word' id='word_1_23' title='bbox 691 393 786 446; x_wconf 84' lang='lat' dir='ltr'>quid</span> <span class='ocrx_word' id='word_1_24' title='bbox 818 405 868 434; x_wconf 78' lang='lat' dir='ltr'>ex</span> <span class='ocrx_word' id='word_1_25' title='bbox 897 405 977 446; x_wconf 89' lang='lat' dir='ltr'>quo</span> <span class='ocrx_word' id='word_1_26' title='bbox 1012 397 1144 433; x_wconf 65' lang='lat' dir='ltr'>(n‘tum</span> <span class='ocrx_word' id='word_1_27' title='bbox 1184 393 1238 433; x_wconf 90' lang='lat' dir='ltr'>sit</span> <span class='ocrx_word' id='word_1_28' title='bbox 1276 392 1355 433; x_wconf 88' lang='lat' dir='ltr'>nisi</span> <span class='ocrx_word' id='word_1_29' title='bbox 1395 403 1475 443; x_wconf 85' lang='lat' dir='ltr'>qua</span> <span class='ocrx_word' id='word_1_30' title='bbox 1504 392 1644 444; x_wconf 90' lang='lat' dir='ltr'>poeti-</span> 
     </span>
     <span class='ocr_line' id='line_1_5' title="bbox 164 458 1645 511; baseline 0.001 -14"><span class='ocrx_word' id='word_1_31' title='bbox 164 468 237 498; x_wconf 91' lang='lat' dir='ltr'>cae</span> <span class='ocrx_word' id='word_1_32' title='bbox 268 458 600 511; x_wconf 83' lang='lat' dir='ltr'>interpolationis</span> <span class='ocrx_word' id='word_1_33' title='bbox 622 461 798 511; x_wconf 74' lang='lat' dir='ltr'>vestigia</span> <span class='ocrx_word' id='word_1_34' title='bbox 819 460 1008 511; x_wconf 74' lang='lat' dir='ltr'>gliscunt.</span> <span class='ocrx_word' id='word_1_35' title='bbox 1059 459 1321 511; x_wconf 81' lang='lat' dir='ltr'>Appellativa</span> <span class='ocrx_word' id='word_1_36' title='bbox 1341 462 1475 498; x_wconf 91' lang='lat' dir='ltr'>autem</span> <span class='ocrx_word' id='word_1_37' title='bbox 1495 459 1531 499; x_wconf 88' lang='lat' dir='ltr'>si</span> <span class='ocrx_word' id='word_1_38' title='bbox 1553 459 1645 510; x_wconf 89' lang='lat' dir='ltr'>quis</span> 
     </span>
     <span class='ocr_line' id='line_1_6' title="bbox 164 520 1643 578; baseline 0.001 -15"><span class='ocrx_word' id='word_1_39' title='bbox 164 524 347 576; x_wconf 86' lang='lat' dir='ltr'>proferat</span> <span class='ocrx_word' id='word_1_40' title='bbox 379 524 579 577; x_wconf 84' lang='lat' dir='ltr'>duplicem</span> <span class='ocrx_word' id='word_1_41' title='bbox 610 526 778 566; x_wconf 86' lang='lat' dir='ltr'>sormam</span> <span class='ocrx_word' id='word_1_42' title='bbox 799 527 960 578; x_wconf 46' lang='lat' dir='ltr'>sortita.</span> <span class='ocrx_word' id='word_1_43' title='bbox 991 521 1067 578; x_wconf 76' lang='grc' dir='ltr'>ἄλη</span> <span class='ocrx_word' id='word_1_44' title='bbox 1101 549 1147 553; x_wconf 82' lang='grc'>-</span> <span class='ocrx_word' id='word_1_45' title='bbox 1181 521 1293 564; x_wconf 58' lang='lat' dir='ltr'>distata</span> <span class='ocrx_word' id='word_1_46' title='bbox 1321 520 1347 578; x_wconf 79' lang='grc' dir='ltr'><em>ἡ</em></span> <span class='ocrx_word' id='word_1_47' title='bbox 1376 524 1520 578; x_wconf 82' lang='grc' dir='ltr'><em>πορεία</em></span> <span class='ocrx_word' id='word_1_48' title='bbox 1547 525 1643 565; x_wconf 81' lang='lat' dir='ltr'>Hes,</span> 
     </span>
     <span class='ocr_line' id='line_1_7' title="bbox 161 589 1644 643; baseline 0.001 -14"><span class='ocrx_word' id='word_1_49' title='bbox 161 589 267 629; x_wconf 77' lang='grc' dir='ltr'><em>θυία</em></span> <span class='ocrx_word' id='word_1_50' title='bbox 297 594 336 630; x_wconf 89' lang='lat' dir='ltr'>et</span> <span class='ocrx_word' id='word_1_51' title='bbox 366 592 489 631; x_wconf 88' lang='lat' dir='ltr'>attice</span> <span class='ocrx_word' id='word_1_52' title='bbox 517 591 656 631; x_wconf 77' lang='grc' dir='ltr'><em>θυιείοε</em></span> <span class='ocrx_word' id='word_1_53' title='bbox 684 592 769 633; x_wconf 85' lang='grc' dir='ltr'>ΕΜ.</span> <span class='ocrx_word' id='word_1_54' title='bbox 802 596 877 633; x_wconf 89' lang='lat' dir='ltr'>etc.</span> <span class='ocrx_word' id='word_1_55' title='bbox 908 592 1054 632; x_wconf 88' lang='lat' dir='ltr'>Parall.</span> <span class='ocrx_word' id='word_1_56' title='bbox 1085 590 1177 631; x_wconf 79' lang='lat'>322.</span> <span class='ocrx_word' id='word_1_57' title='bbox 1217 590 1320 630; x_wconf 87' lang='lat' dir='ltr'>haec</span> <span class='ocrx_word' id='word_1_58' title='bbox 1359 590 1644 643; x_wconf 79' lang='lat' dir='ltr'>synaloephen</span> 
     </span>
     <span class='ocr_line' id='line_1_8' title="bbox 165 654 1644 709; baseline 0.002 -14"><span class='ocrx_word' id='word_1_59' title='bbox 165 654 267 696; x_wconf 91' lang='lat' dir='ltr'>adeo</span> <span class='ocrx_word' id='word_1_60' title='bbox 299 667 382 696; x_wconf 88' lang='lat' dir='ltr'>non</span> <span class='ocrx_word' id='word_1_61' title='bbox 413 657 683 709; x_wconf 87' lang='lat' dir='ltr'>comprobant</span> <span class='ocrx_word' id='word_1_62' title='bbox 720 661 763 697; x_wconf 87' lang='lat' dir='ltr'>ut</span> <span class='ocrx_word' id='word_1_63' title='bbox 804 657 962 697; x_wconf 80' lang='lat' dir='ltr'>facilius</span> <span class='ocrx_word' id='word_1_64' title='bbox 995 656 1156 697; x_wconf 86' lang='lat' dir='ltr'>credam</span> <span class='ocrx_word' id='word_1_65' title='bbox 1187 667 1236 696; x_wconf 88' lang='lat' dir='ltr'>ea</span> <span class='ocrx_word' id='word_1_66' title='bbox 1266 668 1370 708; x_wconf 86' lang='lat' dir='ltr'>quae</span> <span class='ocrx_word' id='word_1_67' title='bbox 1401 667 1474 708; x_wconf 90' lang='lat' dir='ltr'>per</span> <span class='ocrx_word' id='word_1_68' title='bbox 1505 656 1644 709; x_wconf 87' lang='lat' dir='ltr'>plures</span> 
     </span>
     <span class='ocr_line' id='line_1_9' title="bbox 164 721 1644 775; baseline 0.001 -15"><span class='ocrx_word' id='word_1_69' title='bbox 164 721 347 772; x_wconf 80' lang='lat' dir='ltr'>syllabas</span> <span class='ocrx_word' id='word_1_70' title='bbox 379 721 616 775; x_wconf 85' lang='lat' dir='ltr'>decurrunt,</span> <span class='ocrx_word' id='word_1_71' title='bbox 656 733 679 762; x_wconf 90' lang='lat' dir='ltr'>a</span> <span class='ocrx_word' id='word_1_72' title='bbox 708 723 967 762; x_wconf 86' lang='lat' dir='ltr'>brevioribus</span> <span class='ocrx_word' id='word_1_73' title='bbox 998 722 1181 762; x_wconf 87' lang='lat' dir='ltr'>derivata</span> <span class='ocrx_word' id='word_1_74' title='bbox 1210 733 1305 762; x_wconf 86' lang='lat' dir='ltr'>esse</span> <span class='ocrx_word' id='word_1_75' title='bbox 1336 734 1455 774; x_wconf 90' lang='lat' dir='ltr'>quam</span> <span class='ocrx_word' id='word_1_76' title='bbox 1487 728 1644 774; x_wconf 86' lang='lat' dir='ltr'>contra,</span> 
     </span>
     <span class='ocr_line' id='line_1_10' title="bbox 163 787 1644 842; baseline 0.003 -15"><span class='ocrx_word' id='word_1_77' title='bbox 163 787 243 827; x_wconf 90' lang='lat' dir='ltr'>nisi</span> <span class='ocrx_word' id='word_1_78' title='bbox 275 788 380 827; x_wconf 83' lang='lat' dir='ltr'>forte</span> <span class='ocrx_word' id='word_1_79' title='bbox 411 799 487 827; x_wconf 93' lang='lat' dir='ltr'>sua</span> <span class='ocrx_word' id='word_1_80' title='bbox 517 788 677 838; x_wconf 87' lang='lat' dir='ltr'>utrique</span> <span class='ocrx_word' id='word_1_81' title='bbox 701 792 764 827; x_wconf 88' lang='lat' dir='ltr'>est</span> <span class='ocrx_word' id='word_1_82' title='bbox 786 792 825 828; x_wconf 86' lang='lat' dir='ltr'>et</span> <span class='ocrx_word' id='word_1_83' title='bbox 846 788 1015 839; x_wconf 88' lang='lat' dir='ltr'>propria</span> <span class='ocrx_word' id='word_1_84' title='bbox 1038 787 1166 838; x_wconf 70' lang='lat' dir='ltr'>origo</span> <span class='ocrx_word' id='word_1_85' title='bbox 1226 787 1343 835; x_wconf 89' lang='lat' dir='ltr'>Quod</span> <span class='ocrx_word' id='word_1_86' title='bbox 1363 793 1506 842; x_wconf 84' lang='lat' dir='ltr'>restat,</span> <span class='ocrx_word' id='word_1_87' title='bbox 1537 790 1644 842; x_wconf 88' lang='lat' dir='ltr'>apud</span> 
     </span>
     <span class='ocr_line' id='line_1_11' title="bbox 162 849 1646 909; baseline 0.003 -17"><span class='ocrx_word' id='word_1_88' title='bbox 162 852 382 893; x_wconf 86' lang='lat' dir='ltr'>Arcadium</span> <span class='ocrx_word' id='word_1_89' title='bbox 413 852 502 893; x_wconf 82' lang='lat'>105.</span> <span class='ocrx_word' id='word_1_90' title='bbox 542 850 816 904; x_wconf 77' lang='grc' dir='ltr'><em>παροξύνεται</em></span> <span class='ocrx_word' id='word_1_91' title='bbox 850 850 897 893; x_wconf 88' lang='grc' dir='ltr'>τὸ</span> <span class='ocrx_word' id='word_1_92' title='bbox 937 851 1109 906; x_wconf 73' lang='grc' dir='ltr'><em>Λαλάγη</em></span> <span class='ocrx_word' id='word_1_93' title='bbox 1148 849 1279 905; x_wconf 77' lang='grc' dir='ltr'><em>ὥςπερ</em></span> <span class='ocrx_word' id='word_1_94' title='bbox 1316 851 1363 893; x_wconf 85' lang='grc' dir='ltr'>τὸ</span> <span class='ocrx_word' id='word_1_95' title='bbox 1398 849 1530 909; x_wconf 79' lang='grc' dir='ltr'><em>ἠλύγη</em></span> <span class='ocrx_word' id='word_1_96' title='bbox 1574 855 1646 897; x_wconf 83' lang='grc' dir='ltr'>καὶ</span> 
     </span>
     <span class='ocr_line' id='line_1_12' title="bbox 161 912 1643 974; baseline 0.005 -17"><span class='ocrx_word' id='word_1_97' title='bbox 161 914 325 970; x_wconf 74' lang='grc' dir='ltr'><em>ποικάγη</em></span> <span class='ocrx_word' id='word_1_98' title='bbox 369 912 396 970; x_wconf 80' lang='grc' dir='ltr'>ἡ</span> <span class='ocrx_word' id='word_1_99' title='bbox 435 912 540 971; x_wconf 78' lang='grc' dir='ltr'>ἁγνὴ</span> <span class='ocrx_word' id='word_1_100' title='bbox 580 915 723 970; x_wconf 80' lang='grc' dir='ltr'><em>ἱέρεια,</em></span> <span class='ocrx_word' id='word_1_101' title='bbox 770 919 974 960; x_wconf 86' lang='lat' dir='ltr'>Meinekio</span> <span class='ocrx_word' id='word_1_102' title='bbox 1016 916 1179 972; x_wconf 76' lang='grc' dir='ltr'><em>πανάγη</em></span> <span class='ocrx_word' id='word_1_103' title='bbox 1219 919 1450 961; x_wconf 83' lang='lat' dir='ltr'>emendanti</span> <span class='ocrx_word' id='word_1_104' title='bbox 1486 921 1643 974; x_wconf 82' lang='lat' dir='ltr'>Fragm.</span> 
     </span>
     <span class='ocr_line' id='line_1_13' title="bbox 164 984 1645 1038; baseline 0.003 -14"><span class='ocrx_word' id='word_1_105' title='bbox 164 984 275 1025; x_wconf 89' lang='lat' dir='ltr'>Com.</span> <span class='ocrx_word' id='word_1_106' title='bbox 306 984 352 1024; x_wconf 89' lang='grc' dir='ltr'>ΙΙ.</span> <span class='ocrx_word' id='word_1_107' title='bbox 381 984 473 1025; x_wconf 79' lang='grc'><strong>421.</strong></span> <span class='ocrx_word' id='word_1_108' title='bbox 512 995 631 1024; x_wconf 88' lang='lat' dir='ltr'>nemo</span> <span class='ocrx_word' id='word_1_109' title='bbox 665 985 741 1025; x_wconf 86' lang='lat' dir='ltr'>erit</span> <span class='ocrx_word' id='word_1_110' title='bbox 773 985 868 1037; x_wconf 91' lang='lat' dir='ltr'>quin</span> <span class='ocrx_word' id='word_1_111' title='bbox 900 984 1114 1038; x_wconf 82' lang='lat' dir='ltr'>accredat,</span> <span class='ocrx_word' id='word_1_112' title='bbox 1155 985 1229 1027; x_wconf 88' lang='lat' dir='ltr'>sed</span> <span class='ocrx_word' id='word_1_113' title='bbox 1260 986 1370 1038; x_wconf 88' lang='lat' dir='ltr'>quod</span> <span class='ocrx_word' id='word_1_114' title='bbox 1399 986 1509 1027; x_wconf 83' lang='lat' dir='ltr'>addit</span> <span class='ocrx_word' id='word_1_115' title='bbox 1538 987 1645 1029; x_wconf 88' lang='lat' dir='ltr'>hanc</span> 
     </span>
     <span class='ocr_line' id='line_1_14' title="bbox 165 1050 1646 1107; baseline 0.003 -17"><span class='ocrx_word' id='word_1_116' title='bbox 165 1050 335 1090; x_wconf 83' lang='lat' dir='ltr'>formam</span> <span class='ocrx_word' id='word_1_117' title='bbox 365 1061 448 1089; x_wconf 90' lang='lat' dir='ltr'>non</span> <span class='ocrx_word' id='word_1_118' title='bbox 478 1050 605 1091; x_wconf 87' lang='lat' dir='ltr'>videri</span> <span class='ocrx_word' id='word_1_119' title='bbox 637 1051 756 1091; x_wconf 88' lang='lat' dir='ltr'>aliter</span> <span class='ocrx_word' id='word_1_120' title='bbox 786 1050 983 1102; x_wconf 85' lang='lat' dir='ltr'>explicari</span> <span class='ocrx_word' id='word_1_121' title='bbox 1013 1062 1142 1102; x_wconf 90' lang='lat' dir='ltr'>posse</span> <span class='ocrx_word' id='word_1_122' title='bbox 1173 1052 1252 1092; x_wconf 92' lang='lat' dir='ltr'>nisi</span> <span class='ocrx_word' id='word_1_123' title='bbox 1291 1057 1334 1093; x_wconf 91' lang='lat' dir='ltr'>ut</span> <span class='ocrx_word' id='word_1_124' title='bbox 1365 1064 1416 1093; x_wconf 81' lang='lat' dir='ltr'>ex</span> <span class='ocrx_word' id='word_1_125' title='bbox 1443 1051 1646 1107; x_wconf 79' lang='grc' dir='ltr'><em>πανάγεια</em></span> 
     </span>
     <span class='ocr_line' id='line_1_15' title="bbox 167 1114 1645 1174; baseline 0.001 -19"><span class='ocrx_word' id='word_1_126' title='bbox 167 1119 382 1156; x_wconf 88' lang='lat' dir='ltr'>contracta</span> <span class='ocrx_word' id='word_1_127' title='bbox 414 1127 507 1156; x_wconf 91' lang='lat' dir='ltr'>esse</span> <span class='ocrx_word' id='word_1_128' title='bbox 538 1117 794 1157; x_wconf 76' lang='lat' dir='ltr'>existimetur</span> <span class='ocrx_word' id='word_1_129' title='bbox 819 1116 1158 1168; x_wconf 87' lang='lat' dir='ltr'>quemadmodum</span> <span class='ocrx_word' id='word_1_130' title='bbox 1176 1114 1261 1171; x_wconf 80' lang='grc' dir='ltr'>ἱὲρη</span> <span class='ocrx_word' id='word_1_131' title='bbox 1292 1131 1340 1159; x_wconf 83' lang='lat' dir='ltr'>ex</span> <span class='ocrx_word' id='word_1_132' title='bbox 1359 1116 1493 1173; x_wconf 81' lang='grc' dir='ltr'><em>ἱέρεια,</em></span> <span class='ocrx_word' id='word_1_133' title='bbox 1526 1122 1645 1174; x_wconf 85' lang='lat' dir='ltr'>equi-</span> 
     </span>
     <span class='ocr_line' id='line_1_16' title="bbox 164 1181 1648 1237; baseline 0.004 -15"><span class='ocrx_word' id='word_1_134' title='bbox 164 1181 254 1222; x_wconf 90' lang='lat' dir='ltr'>dem</span> <span class='ocrx_word' id='word_1_135' title='bbox 286 1181 587 1223; x_wconf 83' lang='lat' dir='ltr'>substantivum</span> <span class='ocrx_word' id='word_1_136' title='bbox 626 1183 724 1223; x_wconf 89' lang='lat' dir='ltr'>illud</span> <span class='ocrx_word' id='word_1_137' title='bbox 764 1194 814 1223; x_wconf 82' lang='lat' dir='ltr'>ex</span> <span class='ocrx_word' id='word_1_138' title='bbox 853 1182 1056 1234; x_wconf 85' lang='lat' dir='ltr'>adjectivo</span> <span class='ocrx_word' id='word_1_139' title='bbox 1086 1181 1273 1237; x_wconf 78' lang='grc' dir='ltr'><em>πανάγης</em></span> <span class='ocrx_word' id='word_1_140' title='bbox 1298 1190 1437 1227; x_wconf 91' lang='lat' dir='ltr'>natum</span> <span class='ocrx_word' id='word_1_141' title='bbox 1468 1187 1648 1229; x_wconf 88' lang='lat' dir='ltr'>arbitror</span> 
     </span>
     <span class='ocr_line' id='line_1_17' title="bbox 162 1244 1645 1302; baseline 0.006 -15"><span class='ocrx_word' id='word_1_142' title='bbox 162 1252 206 1288; x_wconf 90' lang='lat' dir='ltr'>ut</span> <span class='ocrx_word' id='word_1_143' title='bbox 235 1244 450 1300; x_wconf 79' lang='grc' dir='ltr'><em>παντάρβη</em></span> <span class='ocrx_word' id='word_1_144' title='bbox 484 1252 523 1288; x_wconf 86' lang='lat' dir='ltr'>et</span> <span class='ocrx_word' id='word_1_145' title='bbox 549 1246 736 1302; x_wconf 81' lang='grc' dir='ltr'><em>πανάκη,</em></span> <span class='ocrx_word' id='word_1_146' title='bbox 786 1248 895 1301; x_wconf 89' lang='lat' dir='ltr'>quod</span> <span class='ocrx_word' id='word_1_147' title='bbox 935 1260 985 1289; x_wconf 88' lang='lat' dir='ltr'>ex</span> <span class='ocrx_word' id='word_1_148' title='bbox 1023 1247 1226 1291; x_wconf 75' lang='grc' dir='ltr'><em>πανάκεια</em></span> <span class='ocrx_word' id='word_1_149' title='bbox 1255 1256 1511 1294; x_wconf 88' lang='lat' dir='ltr'>contractum</span> <span class='ocrx_word' id='word_1_150' title='bbox 1549 1266 1645 1296; x_wconf 88' lang='lat' dir='ltr'>esse</span> 
     </span>
     <span class='ocr_line' id='line_1_18' title="bbox 162 1310 1645 1372; baseline 0.006 -19"><span class='ocrx_word' id='word_1_151' title='bbox 162 1314 258 1354; x_wconf 91' lang='lat' dir='ltr'>mihi</span> <span class='ocrx_word' id='word_1_152' title='bbox 297 1313 549 1365; x_wconf 86' lang='lat' dir='ltr'>persuadere</span> <span class='ocrx_word' id='word_1_153' title='bbox 588 1326 671 1355; x_wconf 91' lang='lat' dir='ltr'>non</span> <span class='ocrx_word' id='word_1_154' title='bbox 708 1326 891 1366; x_wconf 89' lang='lat' dir='ltr'>possum.</span> <span class='ocrx_word' id='word_1_155' title='bbox 952 1310 1056 1368; x_wconf 84' lang='grc' dir='ltr'><em>Ἱέρη</em></span> <span class='ocrx_word' id='word_1_156' title='bbox 1085 1316 1175 1367; x_wconf 92' lang='lat' dir='ltr'>ipse</span> <span class='ocrx_word' id='word_1_157' title='bbox 1206 1318 1323 1358; x_wconf 89' lang='lat' dir='ltr'>attuli</span> <span class='ocrx_word' id='word_1_158' title='bbox 1351 1318 1392 1359; x_wconf 87' lang='lat' dir='ltr'>in</span> <span class='ocrx_word' id='word_1_159' title='bbox 1422 1320 1645 1372; x_wconf 89' lang='lat' dir='ltr'>proecdosi</span> 
     </span>
     <span class='ocr_line' id='line_1_19' title="bbox 165 1380 1644 1432; baseline 0.006 -13"><span class='ocrx_word' id='word_1_160' title='bbox 165 1391 216 1420; x_wconf 82' lang='lat' dir='ltr'>ex</span> <span class='ocrx_word' id='word_1_161' title='bbox 252 1380 356 1420; x_wconf 89' lang='lat' dir='ltr'>Plut.</span> <span class='ocrx_word' id='word_1_162' title='bbox 395 1380 459 1420; x_wconf 85' lang='lat' dir='ltr'>An</span> <span class='ocrx_word' id='word_1_163' title='bbox 499 1380 587 1420; x_wconf 92' lang='lat' dir='ltr'>seni</span> <span class='ocrx_word' id='word_1_164' title='bbox 626 1392 734 1432; x_wconf 90' lang='lat' dir='ltr'>resp.</span> <span class='ocrx_word' id='word_1_165' title='bbox 763 1380 900 1421; x_wconf 89' lang='lat' dir='ltr'>XXIV.</span> <span class='ocrx_word' id='word_1_166' title='bbox 934 1380 1023 1421; x_wconf 88' lang='grc'><strong>131.</strong></span> <span class='ocrx_word' id='word_1_167' title='bbox 1067 1382 1107 1422; x_wconf 95' lang='grc' dir='ltr'>Τ.</span> <span class='ocrx_word' id='word_1_168' title='bbox 1136 1381 1219 1424; x_wconf 91' lang='lat' dir='ltr'>XII.</span> <span class='ocrx_word' id='word_1_169' title='bbox 1259 1383 1327 1424; x_wconf 91' lang='lat' dir='ltr'>ubi</span> <span class='ocrx_word' id='word_1_170' title='bbox 1366 1390 1644 1427; x_wconf 87' lang='lat' dir='ltr'>memorantur</span> 
     </span>
     <span class='ocr_line' id='line_1_20' title="bbox 162 1445 1644 1497; baseline 0.005 -11"><span class='ocrx_word' id='word_1_171' title='bbox 162 1447 319 1487; x_wconf 88' lang='lat' dir='ltr'>Dianae</span> <span class='ocrx_word' id='word_1_172' title='bbox 353 1445 595 1486; x_wconf 84' lang='lat' dir='ltr'>sacerdotes</span> <span class='ocrx_word' id='word_1_173' title='bbox 624 1446 830 1497; x_wconf 87' lang='lat' dir='ltr'>Ephesiae</span> <span class='ocrx_word' id='word_1_174' title='bbox 852 1446 1076 1487; x_wconf 90' lang='lat' dir='ltr'>Vestalium</span> <span class='ocrx_word' id='word_1_175' title='bbox 1106 1448 1185 1487; x_wconf 89' lang='lat' dir='ltr'>ritu</span> <span class='ocrx_word' id='word_1_176' title='bbox 1216 1460 1348 1490; x_wconf 86' lang='lat' dir='ltr'>annos</span> <span class='ocrx_word' id='word_1_177' title='bbox 1371 1452 1551 1492; x_wconf 90' lang='lat' dir='ltr'>muneris</span> <span class='ocrx_word' id='word_1_178' title='bbox 1575 1453 1644 1493; x_wconf 88' lang='lat' dir='ltr'>in-</span> 
     </span>
     <span class='ocr_line' id='line_1_21' title="bbox 164 1511 1644 1572; baseline 0.005 -20"><span class='ocrx_word' id='word_1_179' title='bbox 164 1517 225 1553; x_wconf 91' lang='lat' dir='ltr'>ter</span> <span class='ocrx_word' id='word_1_180' title='bbox 254 1511 514 1565; x_wconf 75' lang='lat' dir='ltr'>discendum,</span> <span class='ocrx_word' id='word_1_181' title='bbox 554 1511 753 1563; x_wconf 84' lang='lat' dir='ltr'>agendum</span> <span class='ocrx_word' id='word_1_182' title='bbox 785 1516 824 1551; x_wconf 90' lang='lat' dir='ltr'>et</span> <span class='ocrx_word' id='word_1_183' title='bbox 854 1511 1081 1553; x_wconf 88' lang='lat' dir='ltr'>docendum</span> <span class='ocrx_word' id='word_1_184' title='bbox 1112 1515 1288 1565; x_wconf 89' lang='lat' dir='ltr'>partitae</span> <span class='ocrx_word' id='word_1_185' title='bbox 1326 1516 1502 1569; x_wconf 91' lang='lat' dir='ltr'>ideoque</span> <span class='ocrx_word' id='word_1_186' title='bbox 1540 1530 1644 1572; x_wconf 93' lang='lat' dir='ltr'>pro-</span> 
     </span>
     <span class='ocr_line' id='line_1_22' title="bbox 162 1574 1645 1636; baseline 0.006 -18"><span class='ocrx_word' id='word_1_187' title='bbox 162 1579 263 1631; x_wconf 87' lang='lat' dir='ltr'>priis</span> <span class='ocrx_word' id='word_1_188' title='bbox 288 1577 521 1618; x_wconf 90' lang='lat' dir='ltr'>nominibus</span> <span class='ocrx_word' id='word_1_189' title='bbox 547 1576 765 1617; x_wconf 88' lang='lat' dir='ltr'>distinctae</span> <span class='ocrx_word' id='word_1_190' title='bbox 794 1574 989 1630; x_wconf 73' lang='grc' dir='ltr'><em>μελλιέρη,</em></span> <span class='ocrx_word' id='word_1_191' title='bbox 1021 1575 1119 1631; x_wconf 78' lang='grc' dir='ltr'><em>ἱέρη,</em></span> <span class='ocrx_word' id='word_1_192' title='bbox 1150 1577 1334 1634; x_wconf 81' lang='grc' dir='ltr'><em>παριέρη,</em></span> <span class='ocrx_word' id='word_1_193' title='bbox 1367 1587 1406 1623; x_wconf 89' lang='lat' dir='ltr'>et</span> <span class='ocrx_word' id='word_1_194' title='bbox 1431 1588 1645 1636; x_wconf 80' lang='lat' dir='ltr'>oxytonon</span> 
     </span>
     <span class='ocr_line' id='line_1_23' title="bbox 165 1642 1647 1703; baseline 0.005 -18"><span class='ocrx_word' id='word_1_195' title='bbox 165 1645 245 1696; x_wconf 83' lang='lat' dir='ltr'>legi</span> <span class='ocrx_word' id='word_1_196' title='bbox 276 1643 436 1695; x_wconf 87' lang='lat' dir='ltr'>quidem</span> <span class='ocrx_word' id='word_1_197' title='bbox 457 1642 648 1694; x_wconf 78' lang='grc' dir='ltr'><em>Χαρίτων</em></span> <span class='ocrx_word' id='word_1_198' title='bbox 679 1642 944 1696; x_wconf 84' lang='lat' dir='ltr'>(Gratiarum)</span> <span class='ocrx_word' id='word_1_199' title='bbox 976 1642 1061 1698; x_wconf 82' lang='grc' dir='ltr'><em>ἱερή</em></span> <span class='ocrx_word' id='word_1_200' title='bbox 1089 1646 1210 1687; x_wconf 88' lang='lat' dir='ltr'>Anth.</span> <span class='ocrx_word' id='word_1_201' title='bbox 1239 1648 1320 1689; x_wconf 90' lang='lat' dir='ltr'>VII.</span> <span class='ocrx_word' id='word_1_202' title='bbox 1351 1659 1388 1689; x_wconf 90' lang='lat' dir='ltr'>n.</span> <span class='ocrx_word' id='word_1_203' title='bbox 1409 1649 1501 1691; x_wconf 86' lang='lat'>233.</span> <span class='ocrx_word' id='word_1_204' title='bbox 1531 1648 1647 1703; x_wconf 79' lang='grc' dir='ltr'><em>ἱεράν</em></span> 
     </span>
     <span class='ocr_line' id='line_1_24' title="bbox 162 1705 1642 1766; baseline 0.007 -17"><span class='ocrx_word' id='word_1_205' title='bbox 162 1705 240 1762; x_wconf 83' lang='grc' dir='ltr'>τὴν</span> <span class='ocrx_word' id='word_1_206' title='bbox 278 1705 427 1759; x_wconf 78' lang='grc' dir='ltr'><em>ἱέρειαν</em></span> <span class='ocrx_word' id='word_1_207' title='bbox 467 1705 646 1747; x_wconf 70' lang='grc' dir='ltr'><em>Πλάτων</em></span> <span class='ocrx_word' id='word_1_208' title='bbox 680 1709 833 1750; x_wconf 86' lang='lat' dir='ltr'>Anecd.</span> <span class='ocrx_word' id='word_1_209' title='bbox 871 1709 994 1750; x_wconf 85' lang='lat' dir='ltr'>Bekk.</span> <span class='ocrx_word' id='word_1_210' title='bbox 1027 1722 1063 1762; x_wconf 89' lang='lat' dir='ltr'>p.</span> <span class='ocrx_word' id='word_1_211' title='bbox 1097 1711 1185 1765; x_wconf 84' lang='lat'>100,</span> <span class='ocrx_word' id='word_1_212' title='bbox 1215 1711 1251 1753; x_wconf 80' lang='lat'>9.</span> <span class='ocrx_word' id='word_1_213' title='bbox 1295 1725 1500 1766; x_wconf 87' lang='lat' dir='ltr'>nunquam</span> <span class='ocrx_word' id='word_1_214' title='bbox 1544 1729 1642 1760; x_wconf 92' lang='lat' dir='ltr'>vero</span> 
     </span>
     <span class='ocr_line' id='line_1_25' title="bbox 165 1773 1641 1836; baseline 0.007 -21"><span class='ocrx_word' id='word_1_215' title='bbox 165 1775 251 1827; x_wconf 78' lang='grc' dir='ltr'><em>ἵερᾶ</em></span> <span class='ocrx_word' id='word_1_216' title='bbox 281 1778 351 1815; x_wconf 88' lang='lat' dir='ltr'>aut</span> <span class='ocrx_word' id='word_1_217' title='bbox 380 1773 466 1826; x_wconf 79' lang='grc' dir='ltr'>ἱερῆ</span> <span class='ocrx_word' id='word_1_218' title='bbox 495 1778 538 1814; x_wconf 88' lang='lat' dir='ltr'>ut</span> <span class='ocrx_word' id='word_1_219' title='bbox 567 1774 813 1815; x_wconf 87' lang='lat' dir='ltr'>Buttmanno</span> <span class='ocrx_word' id='word_1_220' title='bbox 845 1776 1046 1828; x_wconf 82' lang='lat' dir='ltr'>placebat.</span> <span class='ocrx_word' id='word_1_221' title='bbox 1105 1777 1248 1831; x_wconf 85' lang='lat' dir='ltr'>Neque</span> <span class='ocrx_word' id='word_1_222' title='bbox 1271 1780 1403 1821; x_wconf 90' lang='lat' dir='ltr'>simile</span> <span class='ocrx_word' id='word_1_223' title='bbox 1426 1792 1521 1824; x_wconf 87' lang='lat' dir='ltr'>esse</span> <span class='ocrx_word' id='word_1_224' title='bbox 1541 1787 1641 1836; x_wconf 90' lang='lat' dir='ltr'>puto</span> 
     </span>
    </p>
   </div>
   <div class='ocr_carea' id='block_1_3' title="bbox 159 1980 1644 2748">
    <p class='ocr_par' dir='ltr' id='par_1_3' title="bbox 159 1980 1644 2748">
     <span class='ocr_line' id='line_1_26' title="bbox 165 1980 1643 2028; baseline 0.006 -11"><span class='ocrx_word' id='word_1_225' title='bbox 165 1992 231 2017; x_wconf 89' lang='lat' dir='ltr'>nec</span> <span class='ocrx_word' id='word_1_226' title='bbox 265 1981 334 2015; x_wconf 89' lang='lat' dir='ltr'>dici</span> <span class='ocrx_word' id='word_1_227' title='bbox 365 1983 481 2024; x_wconf 85' lang='lat' dir='ltr'>potest</span> <span class='ocrx_word' id='word_1_228' title='bbox 515 1983 590 2015; x_wconf 88' lang='lat' dir='ltr'>utra</span> <span class='ocrx_word' id='word_1_229' title='bbox 624 1980 730 2015; x_wconf 77' lang='lat' dir='ltr'>forma</span> <span class='ocrx_word' id='word_1_230' title='bbox 767 1982 811 2015; x_wconf 86' lang='lat' dir='ltr'>sit</span> <span class='ocrx_word' id='word_1_231' title='bbox 844 1983 947 2025; x_wconf 84' lang='lat' dir='ltr'>prior.</span> <span class='ocrx_word' id='word_1_232' title='bbox 995 1983 1092 2018; x_wconf 87' lang='lat' dir='ltr'>Haec</span> <span class='ocrx_word' id='word_1_233' title='bbox 1125 1984 1432 2028; x_wconf 85' lang='lat' dir='ltr'>paraschematista</span> <span class='ocrx_word' id='word_1_234' title='bbox 1468 1994 1556 2025; x_wconf 89' lang='lat' dir='ltr'>sunt.</span> <span class='ocrx_word' id='word_1_235' title='bbox 1605 1992 1643 2026; x_wconf 89' lang='lat' dir='ltr'>Si</span> 
     </span>
     <span class='ocr_line' id='line_1_27' title="bbox 163 2036 1643 2084; baseline 0.007 -13"><span class='ocrx_word' id='word_1_236' title='bbox 163 2048 246 2073; x_wconf 87' lang='lat' dir='ltr'>vero</span> <span class='ocrx_word' id='word_1_237' title='bbox 274 2037 353 2071; x_wconf 88' lang='lat' dir='ltr'>urbs</span> <span class='ocrx_word' id='word_1_238' title='bbox 380 2046 399 2070; x_wconf 89' lang='lat' dir='ltr'>a</span> <span class='ocrx_word' id='word_1_239' title='bbox 422 2038 543 2079; x_wconf 80' lang='lat' dir='ltr'>regina</span> <span class='ocrx_word' id='word_1_240' title='bbox 567 2036 699 2080; x_wconf 85' lang='lat' dir='ltr'>Apaine</span> <span class='ocrx_word' id='word_1_241' title='bbox 727 2037 946 2071; x_wconf 83' lang='lat' dir='ltr'>denominata</span> <span class='ocrx_word' id='word_1_242' title='bbox 966 2038 1144 2083; x_wconf 65' lang='grc' dir='ltr'>Ἀπάμεια</span> <span class='ocrx_word' id='word_1_243' title='bbox 1172 2040 1314 2084; x_wconf 86' lang='lat' dir='ltr'>dicitur,</span> <span class='ocrx_word' id='word_1_244' title='bbox 1350 2042 1643 2082; x_wconf 84' lang='lat' dir='ltr'>denominativum</span> 
     </span>
     <span class='ocr_line' id='line_1_28' title="bbox 165 2091 1641 2140; baseline 0.006 -12"><span class='ocrx_word' id='word_1_245' title='bbox 165 2097 219 2129; x_wconf 81' lang='lat' dir='ltr'>est</span> <span class='ocrx_word' id='word_1_246' title='bbox 242 2097 278 2127; x_wconf 84' lang='lat' dir='ltr'>ut</span> <span class='ocrx_word' id='word_1_247' title='bbox 306 2104 325 2127; x_wconf 82' lang='lat' dir='ltr'>a</span> <span class='ocrx_word' id='word_1_248' title='bbox 347 2092 500 2127; x_wconf 77' lang='lat' dir='ltr'>Laodice</span> <span class='ocrx_word' id='word_1_249' title='bbox 525 2091 733 2128; x_wconf 63' lang='grc' dir='ltr'>Λαοδίκεια,</span> <span class='ocrx_word' id='word_1_250' title='bbox 763 2102 782 2126; x_wconf 85' lang='lat' dir='ltr'>a</span> <span class='ocrx_word' id='word_1_251' title='bbox 810 2093 1033 2136; x_wconf 77' lang='lat' dir='ltr'>Phaenagora</span> <span class='ocrx_word' id='word_1_252' title='bbox 1051 2095 1305 2140; x_wconf 73' lang='grc' dir='ltr'><em>Φαιιάγόρεια</em></span> <span class='ocrx_word' id='word_1_253' title='bbox 1331 2099 1421 2132; x_wconf 83' lang='lat' dir='ltr'>Sicut</span> <span class='ocrx_word' id='word_1_254' title='bbox 1441 2100 1482 2134; x_wconf 82' lang='lat' dir='ltr'>ab</span> <span class='ocrx_word' id='word_1_255' title='bbox 1500 2100 1641 2137; x_wconf 73' lang='lat' dir='ltr'>Aristo-</span> 
     </span>
     <span class='ocr_line' id='line_1_29' title="bbox 163 2146 1642 2201; baseline 0.006 -19"><span class='ocrx_word' id='word_1_256' title='bbox 163 2148 266 2183; x_wconf 87' lang='lat' dir='ltr'>loche</span> <span class='ocrx_word' id='word_1_257' title='bbox 293 2148 440 2191; x_wconf 84' lang='lat' dir='ltr'>quadam</span> <span class='ocrx_word' id='word_1_258' title='bbox 464 2148 570 2182; x_wconf 85' lang='lat' dir='ltr'>herba</span> <span class='ocrx_word' id='word_1_259' title='bbox 596 2146 849 2191; x_wconf 56' lang='grc' dir='ltr'>ἄριστολόχξια</span> <span class='ocrx_word' id='word_1_260' title='bbox 874 2149 990 2183; x_wconf 83' lang='lat' dir='ltr'>Sehol.</span> <span class='ocrx_word' id='word_1_261' title='bbox 1019 2150 1120 2185; x_wconf 84' lang='lat' dir='ltr'>Ther.</span> <span class='ocrx_word' id='word_1_262' title='bbox 1145 2152 1221 2187; x_wconf 84' lang='lat'>509.</span> <span class='ocrx_word' id='word_1_263' title='bbox 1243 2153 1319 2188; x_wconf 84' lang='lat'>937.</span> <span class='ocrx_word' id='word_1_264' title='bbox 1347 2154 1508 2198; x_wconf 88' lang='lat' dir='ltr'>aliaeque</span> <span class='ocrx_word' id='word_1_265' title='bbox 1534 2157 1642 2201; x_wconf 75' lang='grc' dir='ltr'><em>ἀχίλ-</em></span> 
     </span>
     <span class='ocr_line' id='line_1_30' title="bbox 163 2201 1640 2256; baseline 0.008 -20"><span class='ocrx_word' id='word_1_266' title='bbox 163 2204 253 2241; x_wconf 72' lang='grc' dir='ltr'><em>λεια,</em></span> <span class='ocrx_word' id='word_1_267' title='bbox 283 2205 443 2247; x_wconf 73' lang='grc' dir='ltr'>πέρσεια,</span> <span class='ocrx_word' id='word_1_268' title='bbox 477 2201 659 2247; x_wconf 73' lang='grc' dir='ltr'>ἦράκλεια,</span> <span class='ocrx_word' id='word_1_269' title='bbox 691 2213 780 2247; x_wconf 73' lang='lat' dir='ltr'>quae</span> <span class='ocrx_word' id='word_1_270' title='bbox 813 2203 936 2239; x_wconf 76' lang='lat' dir='ltr'>eadem</span> <span class='ocrx_word' id='word_1_271' title='bbox 962 2203 1148 2249; x_wconf 66' lang='grc' dir='ltr'><em>ἢράκλξιος</em></span> <span class='ocrx_word' id='word_1_272' title='bbox 1172 2206 1297 2241; x_wconf 78' lang='lat' dir='ltr'>dicitur</span> <span class='ocrx_word' id='word_1_273' title='bbox 1324 2212 1402 2252; x_wconf 74' lang='lat' dir='ltr'>typo</span> <span class='ocrx_word' id='word_1_274' title='bbox 1427 2214 1640 2256; x_wconf 76' lang='lat' dir='ltr'>posseSSiVO‚</span> 
     </span>
     <span class='ocr_line' id='line_1_31' title="bbox 165 2259 1642 2303; baseline 0.007 -10"><span class='ocrx_word' id='word_1_275' title='bbox 165 2270 268 2303; x_wconf 88' lang='lat' dir='ltr'>quem</span> <span class='ocrx_word' id='word_1_276' title='bbox 302 2259 465 2294; x_wconf 82' lang='lat' dir='ltr'>feminina</span> <span class='ocrx_word' id='word_1_277' title='bbox 499 2259 558 2292; x_wconf 85' lang='lat' dir='ltr'>illa</span> <span class='ocrx_word' id='word_1_278' title='bbox 590 2260 738 2293; x_wconf 85' lang='lat' dir='ltr'>retinent</span> <span class='ocrx_word' id='word_1_279' title='bbox 771 2263 898 2293; x_wconf 85' lang='lat' dir='ltr'>mutato</span> <span class='ocrx_word' id='word_1_280' title='bbox 933 2264 1091 2295; x_wconf 83' lang='lat' dir='ltr'>accentu.</span> <span class='ocrx_word' id='word_1_281' title='bbox 1140 2262 1200 2296; x_wconf 90' lang='lat' dir='ltr'>His</span> <span class='ocrx_word' id='word_1_282' title='bbox 1235 2264 1373 2298; x_wconf 85' lang='lat' dir='ltr'>accedit</span> <span class='ocrx_word' id='word_1_283' title='bbox 1405 2269 1642 2303; x_wconf 85' lang='lat' dir='ltr'>antonomasia</span> 
     </span>
     <span class='ocr_line' id='line_1_32' title="bbox 164 2313 1644 2367; baseline 0.004 -18"><span class='ocrx_word' id='word_1_284' title='bbox 164 2317 259 2350; x_wconf 86' lang='lat' dir='ltr'>velut</span> <span class='ocrx_word' id='word_1_285' title='bbox 283 2317 312 2349; x_wconf 87' lang='lat' dir='ltr'>si</span> <span class='ocrx_word' id='word_1_286' title='bbox 339 2315 495 2358; x_wconf 77' lang='lat' dir='ltr'>Apamea</span> <span class='ocrx_word' id='word_1_287' title='bbox 520 2314 600 2348; x_wconf 88' lang='lat' dir='ltr'>urbs</span> <span class='ocrx_word' id='word_1_288' title='bbox 622 2313 761 2358; x_wconf 72' lang='grc' dir='ltr'><em>Ἀπιὶμη</em></span> <span class='ocrx_word' id='word_1_289' title='bbox 790 2314 915 2348; x_wconf 84' lang='lat' dir='ltr'>dicitur</span> <span class='ocrx_word' id='word_1_290' title='bbox 940 2317 1015 2359; x_wconf 84' lang='lat' dir='ltr'>ipso</span> <span class='ocrx_word' id='word_1_291' title='bbox 1043 2319 1184 2360; x_wconf 79' lang='lat' dir='ltr'>reginae</span> <span class='ocrx_word' id='word_1_292' title='bbox 1214 2320 1364 2362; x_wconf 85' lang='lat' dir='ltr'>nomine,</span> <span class='ocrx_word' id='word_1_293' title='bbox 1397 2323 1434 2354; x_wconf 88' lang='lat' dir='ltr'>ut</span> <span class='ocrx_word' id='word_1_294' title='bbox 1450 2321 1644 2367; x_wconf 68' lang='grc' dir='ltr'>’Ἄμηστρις</span> 
     </span>
     <span class='ocr_line' id='line_1_33' title="bbox 166 2369 1644 2415; baseline 0.006 -12"><span class='ocrx_word' id='word_1_295' title='bbox 166 2370 236 2404; x_wconf 72' lang='grc' dir='ltr'>ἀπὸ</span> <span class='ocrx_word' id='word_1_296' title='bbox 267 2369 505 2414; x_wconf 69' lang='grc' dir='ltr'><em>Ἀμάστριδος</em></span> <span class='ocrx_word' id='word_1_297' title='bbox 536 2369 656 2412; x_wconf 87' lang='lat' dir='ltr'>Steph.</span> <span class='ocrx_word' id='word_1_298' title='bbox 692 2370 758 2403; x_wconf 84' lang='lat' dir='ltr'>alia</span> <span class='ocrx_word' id='word_1_299' title='bbox 789 2369 898 2413; x_wconf 67' lang='lat' dir='ltr'>Nysa,</span> <span class='ocrx_word' id='word_1_300' title='bbox 932 2372 999 2405; x_wconf 88' lang='lat' dir='ltr'>alia</span> <span class='ocrx_word' id='word_1_301' title='bbox 1030 2372 1197 2415; x_wconf 84' lang='lat' dir='ltr'>Arsinoe,</span> <span class='ocrx_word' id='word_1_302' title='bbox 1235 2374 1302 2408; x_wconf 88' lang='lat' dir='ltr'>alia</span> <span class='ocrx_word' id='word_1_303' title='bbox 1326 2375 1557 2412; x_wconf 88' lang='lat' dir='ltr'>Hermonassa</span> <span class='ocrx_word' id='word_1_304' title='bbox 1584 2377 1644 2412; x_wconf 79' lang='grc' dir='ltr'>ἐπὶ</span> 
     </span>
     <span class='ocr_line' id='line_1_34' title="bbox 159 2423 1641 2474; baseline 0.008 -18"><span class='ocrx_word' id='word_1_305' title='bbox 159 2423 398 2468; x_wconf 29' lang='grc' dir='ltr'>Ἔριιιωνάσσῃ</span> <span class='ocrx_word' id='word_1_306' title='bbox 424 2425 520 2458; x_wconf 84' lang='lat' dir='ltr'>Eust.</span> <span class='ocrx_word' id='word_1_307' title='bbox 550 2424 591 2457; x_wconf 84' lang='lat' dir='ltr'>ad</span> <span class='ocrx_word' id='word_1_308' title='bbox 609 2424 708 2458; x_wconf 88' lang='lat' dir='ltr'>Dion.</span> <span class='ocrx_word' id='word_1_309' title='bbox 735 2425 811 2460; x_wconf 80' lang='lat'>549.</span> <span class='ocrx_word' id='word_1_310' title='bbox 840 2426 964 2468; x_wconf 88' lang='lat' dir='ltr'>quibus</span> <span class='ocrx_word' id='word_1_311' title='bbox 990 2430 1181 2472; x_wconf 83' lang='lat' dir='ltr'>comparari</span> <span class='ocrx_word' id='word_1_312' title='bbox 1199 2433 1343 2472; x_wconf 88' lang='lat' dir='ltr'>possunt</span> <span class='ocrx_word' id='word_1_313' title='bbox 1366 2432 1513 2474; x_wconf 88' lang='lat' dir='ltr'>piscium</span> <span class='ocrx_word' id='word_1_314' title='bbox 1529 2443 1641 2468; x_wconf 82' lang='lat' dir='ltr'>voca-</span> 
     </span>
     <span class='ocr_line' id='line_1_35' title="bbox 165 2478 1641 2530; baseline 0.007 -17"><span class='ocrx_word' id='word_1_315' title='bbox 165 2480 246 2514; x_wconf 87' lang='lat' dir='ltr'>bula</span> <span class='ocrx_word' id='word_1_316' title='bbox 271 2478 431 2523; x_wconf 76' lang='grc' dir='ltr'><em>περσεύς,</em></span> <span class='ocrx_word' id='word_1_317' title='bbox 462 2479 611 2523; x_wconf 74' lang='grc' dir='ltr'><em>βάκχος,</em></span> <span class='ocrx_word' id='word_1_318' title='bbox 647 2483 775 2523; x_wconf 79' lang='lat' dir='ltr'>turnus,</span> <span class='ocrx_word' id='word_1_319' title='bbox 806 2482 871 2514; x_wconf 88' lang='lat' dir='ltr'>nisi</span> <span class='ocrx_word' id='word_1_320' title='bbox 896 2482 985 2518; x_wconf 86' lang='lat' dir='ltr'>haec</span> <span class='ocrx_word' id='word_1_321' title='bbox 1010 2483 1147 2518; x_wconf 82' lang='lat' dir='ltr'>fortuita</span> <span class='ocrx_word' id='word_1_322' title='bbox 1175 2488 1228 2518; x_wconf 89' lang='lat' dir='ltr'>est</span> <span class='ocrx_word' id='word_1_323' title='bbox 1247 2489 1489 2530; x_wconf 85' lang='lat' dir='ltr'>synemptosis.</span> <span class='ocrx_word' id='word_1_324' title='bbox 1540 2489 1641 2529; x_wconf 87' lang='lat' dir='ltr'>Quo-</span> 
     </span>
     <span class='ocr_line' id='line_1_36' title="bbox 166 2534 1642 2585; baseline 0.007 -17"><span class='ocrx_word' id='word_1_325' title='bbox 166 2535 268 2568; x_wconf 85' lang='lat' dir='ltr'>modo</span> <span class='ocrx_word' id='word_1_326' title='bbox 296 2539 409 2570; x_wconf 84' lang='lat' dir='ltr'>autem</span> <span class='ocrx_word' id='word_1_327' title='bbox 434 2535 542 2569; x_wconf 83' lang='lat' dir='ltr'>herba</span> <span class='ocrx_word' id='word_1_328' title='bbox 567 2534 803 2580; x_wconf 63' lang='grc' dir='ltr'>ἀλεξάνδρεια</span> <span class='ocrx_word' id='word_1_329' title='bbox 829 2537 870 2570; x_wconf 86' lang='lat' dir='ltr'>ab</span> <span class='ocrx_word' id='word_1_330' title='bbox 901 2537 1097 2572; x_wconf 81' lang='lat' dir='ltr'>Alexandro</span> <span class='ocrx_word' id='word_1_331' title='bbox 1122 2548 1247 2574; x_wconf 86' lang='lat' dir='ltr'>nomen</span> <span class='ocrx_word' id='word_1_332' title='bbox 1272 2543 1428 2585; x_wconf 83' lang='lat' dir='ltr'>accepit,</span> <span class='ocrx_word' id='word_1_333' title='bbox 1460 2543 1511 2576; x_wconf 87' lang='lat' dir='ltr'>sic</span> <span class='ocrx_word' id='word_1_334' title='bbox 1537 2545 1642 2579; x_wconf 89' lang='lat' dir='ltr'>etiam</span> 
     </span>
     <span class='ocr_line' id='line_1_37' title="bbox 165 2589 1639 2641; baseline 0.009 -18"><span class='ocrx_word' id='word_1_335' title='bbox 165 2590 264 2633; x_wconf 82' lang='lat' dir='ltr'>urbs,</span> <span class='ocrx_word' id='word_1_336' title='bbox 300 2600 366 2623; x_wconf 89' lang='lat' dir='ltr'>non</span> <span class='ocrx_word' id='word_1_337' title='bbox 391 2593 427 2624; x_wconf 86' lang='lat' dir='ltr'>ut</span> <span class='ocrx_word' id='word_1_338' title='bbox 452 2589 719 2625; x_wconf 85' lang='lat' dir='ltr'>Choeroboscus</span> <span class='ocrx_word' id='word_1_339' title='bbox 744 2593 861 2626; x_wconf 82' lang='lat' dir='ltr'>statuit</span> <span class='ocrx_word' id='word_1_340' title='bbox 886 2593 928 2626; x_wconf 94' lang='lat' dir='ltr'>II.</span> <span class='ocrx_word' id='word_1_341' title='bbox 962 2594 1035 2637; x_wconf 78' lang='lat'>178,</span> <span class='ocrx_word' id='word_1_342' title='bbox 1064 2594 1115 2630; x_wconf 77' lang='lat'>18.</span> <span class='ocrx_word' id='word_1_343' title='bbox 1144 2594 1394 2641; x_wconf 68' lang='grc' dir='ltr'>Ἀλεξάνδρεια</span> <span class='ocrx_word' id='word_1_344' title='bbox 1427 2598 1489 2629; x_wconf 76' lang='grc' dir='ltr'>καὶ</span> <span class='ocrx_word' id='word_1_345' title='bbox 1511 2598 1639 2632; x_wconf 76' lang='grc' dir='ltr'>Ἀντιό-</span> 
     </span>
     <span class='ocr_line' id='line_1_38' title="bbox 165 2644 1639 2696; baseline 0.006 -21"><span class='ocrx_word' id='word_1_346' title='bbox 165 2657 248 2688; x_wconf 72' lang='grc' dir='ltr'><em>χειις</em></span> <span class='ocrx_word' id='word_1_347' title='bbox 275 2644 313 2677; x_wconf 73' lang='grc' dir='ltr'>ἐκ</span> <span class='ocrx_word' id='word_1_348' title='bbox 342 2645 402 2677; x_wconf 71' lang='grc' dir='ltr'>τοῦ</span> <span class='ocrx_word' id='word_1_349' title='bbox 421 2645 673 2689; x_wconf 63' lang='grc' dir='ltr'>Ἀλεξανδρεύς</span> <span class='ocrx_word' id='word_1_350' title='bbox 698 2647 759 2679; x_wconf 79' lang='grc' dir='ltr'>καὶ</span> <span class='ocrx_word' id='word_1_351' title='bbox 780 2647 991 2692; x_wconf 63' lang='grc' dir='ltr'>Ἀντιοχεύς.</span> <span class='ocrx_word' id='word_1_352' title='bbox 1042 2649 1116 2690; x_wconf 84' lang='lat' dir='ltr'>Qua</span> <span class='ocrx_word' id='word_1_353' title='bbox 1145 2650 1189 2686; x_wconf 80' lang='lat' dir='ltr'>de</span> <span class='ocrx_word' id='word_1_354' title='bbox 1214 2660 1251 2687; x_wconf 86' lang='lat' dir='ltr'>re</span> <span class='ocrx_word' id='word_1_355' title='bbox 1272 2653 1389 2687; x_wconf 81' lang='lat' dir='ltr'>verius</span> <span class='ocrx_word' id='word_1_356' title='bbox 1403 2653 1537 2696; x_wconf 80' lang='lat' dir='ltr'>judicat</span> <span class='ocrx_word' id='word_1_357' title='bbox 1555 2654 1639 2691; x_wconf 80' lang='lat' dir='ltr'>Ste-</span> 
     </span>
     <span class='ocr_line' id='line_1_39' title="bbox 167 2700 1052 2748; baseline 0.005 -15"><span class='ocrx_word' id='word_1_358' title='bbox 167 2700 298 2743; x_wconf 76' lang='lat' dir='ltr'>phallus</span> <span class='ocrx_word' id='word_1_359' title='bbox 326 2709 353 2734; x_wconf 87' lang='lat' dir='ltr'>S.</span> <span class='ocrx_word' id='word_1_360' title='bbox 377 2700 638 2744; x_wconf 66' lang='grc' dir='ltr'>’,4λεξιὶι’δ“ρεια,</span> <span class='ocrx_word' id='word_1_361' title='bbox 668 2702 813 2744; x_wconf 71' lang='grc' dir='ltr'><em>Εὔβοια,</em></span> <span class='ocrx_word' id='word_1_362' title='bbox 844 2704 1052 2748; x_wconf 47' lang='lat' dir='ltr'>sparnum&amp;</span> 
     </span>
    </p>
   </div>
  </div>
 </body>
</html>
