1747 3005
193 138 261 180 DE
292 137 416 180 NOM.
439 136 658 187 QUORUM
689 137 838 180 CHAR.
859 136 960 179 EST
980 135 1256 180 DENTALIS.
1288 139 1328 180 C.
1354 140 1394 181 V.
1423 146 1460 189 §.
1483 141 1518 185 2.
1557 143 1641 186 1101

163 260 242 289 rar.
271 259 308 300 p.
341 246 430 288 121.
464 258 525 299 sq.
587 247 706 296 Quod
737 247 772 288 si
801 248 859 288 ita
888 258 934 288 se
963 246 1108 299 habet,
1151 246 1332 288 Graecos
1371 260 1545 292 neccsse
1576 257 1642 294 est

161 311 365 353 vocabulo
395 313 598 365 barbaro,
637 313 747 365 quod
785 313 982 364 paragogi
1024 311 1203 362 speciem
1243 313 1436 368 haberet,
1480 317 1529 358 de
1559 329 1635 359 suo

160 377 370 418 affinxisse
401 379 643 429 primitivum
673 375 894 431 μάργαρον.
934 378 1006 418 His
1027 377 1230 417 absolutis
1252 390 1331 419 una
1351 386 1481 421 restat
1503 394 1634 434 quae-

159 443 239 483 stio
272 442 321 483 de
352 443 563 494 epenthesi
594 447 633 483 et
663 444 849 484 exaeresi
881 453 970 483 cum
1001 453 1276 484 consonarum
1307 450 1385 485 tum
1416 448 1631 490 vocalium.

156 508 324 548 Praeter
353 509 546 548 usitatum
577 504 790 560 ἕλκύδριον
818 509 859 549 in
888 507 1090 548 Plutarch.
1124 507 1291 555 Quaest.
1323 521 1458 561 graec.
1493 513 1629 555 XVIII.

155 572 246 614 398.
276 574 475 614 invenitur
504 570 718 623 ἕλκύδιον,
751 575 813 614 cui
844 573 1084 614 adversatur
1112 573 1257 624 ingens
1288 574 1625 620 deminutivorum

155 640 276 690 copia
305 636 544 691 σκελύὸριον
572 639 701 690 Epict.
732 638 758 680 I.
792 640 853 692 12,
887 639 947 680 14.
977 636 1205 691 τειχύδριον
1234 640 1343 691 quod
1360 640 1622 694 Xenophonti

154 705 418 755 probabiliter
448 705 679 745 restitutum
711 708 793 757 est,
824 700 1060 756 μελύδριον,
1099 701 1346 756 σκιφύδριον
1377 711 1416 746 ct
1446 708 1496 747 ab
1528 708 1620 749 aliis

154 771 503 811 terminationibus
532 766 758 821 μονύὸριον
787 770 954 821 Niceph.
987 769 1102 820 Greg.
1131 770 1233 811 Hist.
1264 772 1325 811 IV.
1361 772 1395 824 1,
1426 773 1490 813 46.
1519 787 1622 826 τρω-

150 832 346 888 γλύὸριον
386 840 425 876 et
470 832 736 887 χαλκύόριον,
779 846 883 886 quac
922 834 1131 876 Bekkerus
1172 837 1213 876 in
1252 836 1335 877 Iud.
1377 838 1529 879 Anecd.
1570 851 1619 880 ex

152 900 413 951 Theognosto
446 901 692 953 excerpsit‚⁰
729 897 966 952 κωμύδριον
1003 904 1042 941 et
1072 901 1151 941 alia
1190 913 1294 953 quae
1324 903 1540 943 Fischerus
1579 910 1620 945 et

150 965 356 1018 Spohnius
398 965 447 1005 de
487 970 652 1006 extrem.
684 964 831 1015 Odyss.
863 977 899 1016 p.
934 966 1021 1006 132.
1062 972 1381 1017 comportarunt.
1451 969 1532 1010 Sed
1562 970 1620 1011 illi

149 1029 431 1071 adminiculum
463 1031 631 1083 praebet
659 1028 857 1083 βαρύδιον
887 1042 968 1071 non
1000 1043 1023 1071 a
1052 1030 1181 1084 βαρύς
1206 1033 1427 1074 derivatum
1471 1039 1515 1075 ut
1553 1045 1618 1075 σι-

146 1092 305 1146 κύδιον,
336 1092 542 1149 ὀφρύὸιον
573 1101 647 1137 etc.
679 1095 751 1136 scd
783 1107 805 1135 a
834 1093 971 1149 βάρος,
1002 1097 1106 1137 unde
1147 1095 1370 1150 βαρύλλιον
1407 1100 1617 1142 intellectu

147 1160 302 1202 eodem.
360 1159 616 1214 Δενὸρύδιον
645 1161 753 1214 quod
784 1162 1016 1213 Stephanus
1046 1163 1160 1202 affert
1180 1164 1269 1203 sine
1295 1168 1409 1217 teste,
1442 1177 1617 1207 succes-

145 1237 264 1267 sores
296 1229 384 1278 ejus
415 1228 558 1267 merito
592 1231 833 1279 suspectant
862 1231 905 1266 ut
937 1232 973 1266 et
1002 1225 1250 1279 τοκαρύδιον
1288 1230 1470 1269 usurum
1506 1231 1616 1282 quod

141 1292 182 1331 in
214 1291 348 1332 Gloss,
379 1297 474 1343 post
505 1292 740 1343 τοκαρίὸιον
768 1292 944 1342 positum
977 1296 1052 1331 est.
1111 1293 1252 1344 Longe
1280 1305 1378 1333 vero
1411 1294 1491 1334 alia
1511 1297 1612 1336 ratio

142 1360 206 1397 est
237 1356 585 1397 substantivorum
616 1356 840 1397 verbalium
869 1356 908 1395 in
938 1346 1018 1408 iffi
1040 1369 1161 1409 quum
1190 1359 1231 1399 in
1260 1373 1356 1411 τρος
1388 1362 1615 1413 transeunt,

141 1421 247 1462 sicut
277 1433 351 1474 pro
386 1420 518 1475 ἰάτης,
557 1434 637 1474 quo
677 1422 811 1462 nullus
853 1422 1109 1473 antiquorum
1149 1435 1249 1464 usus
1292 1429 1377 1476 est,
1409 1427 1615 1467 successit

138 1483 296 1540 ἰατρός,
328 1499 401 1541 pro
433 1488 572 1541 δαίτης
610 1487 753 1540 epulo,
790 1486 899 1538 quod
939 1492 1131 1538 superest
1172 1489 1211 1528 in
1252 1489 1389 1529 herois
1435 1491 1610 1544 nomine,

136 1550 311 1604 δαιτρός,
344 1565 417 1606 pro
448 1551 602 1607 μάστης
633 1550 916 1605 (σιρομάστης)
947 1550 1127 1606 μαστρός
1166 1550 1188 1594 ὁ
1227 1551 1433 1607 ζητητικός
1472 1555 1607 1598 Gloss.

135 1619 176 1658 in
205 1619 406 1670 Lycophr.
441 1620 556 1660 1120.
590 1631 665 1659 nec
695 1615 843 1671 κλήτης
872 1619 1073 1669 reperitur
1103 1618 1176 1659 sed
1209 1620 1389 1672 Κλητροί
1422 1618 1610 1673 κλήτορες

134 1683 229 1724 Hes.
288 1683 442 1731 Quibus
485 1683 683 1724 accedunt
724 1684 969 1724 insolentius
1007 1683 1178 1734 figurata
1218 1685 1267 1725 ab
1298 1682 1376 1724 ἔδω
1407 1682 1604 1738 ἐδέατρος,

136 1748 186 1789 ab
224 1745 356 1799 ἔλεός,
397 1753 438 1789 ut
477 1753 639 1789 veteres
679 1753 868 1801 censent,
905 1745 1112 1800 ἐλέατρος,
1155 1748 1203 1790 de
1235 1749 1381 1801 quibus
1414 1753 1606 1804 exposuit

134 1814 313 1855 Rankius
354 1815 402 1855 de
439 1814 613 1865 Hesych.
643 1813 706 1855 95.
737 1826 798 1866 sq.
838 1814 888 1854 ab
926 1814 1068 1865 ignoto
1108 1814 1283 1855 themate
1321 1813 1469 1866 λατρός
1506 1817 1529 1858 i.
1567 1829 1605 1870 q.

132 1876 269 1934 λάτρις
299 1881 386 1921 sive
403 1873 583 1933 ’λατρεύς
611 1879 761 1920 Aesch.
793 1879 933 1931 Suppl.
969 1879 1084 1920 1012.
1110 1879 1236 1919 οἰκεῖν
1255 1881 1416 1933 λοετρῶν
1434 1878 1607 1934 ἄτερθεν

134 1945 174 1986 id
204 1950 268 1986 est
298 1948 508 1997 sejunctas
539 1956 562 1985 a
601 1945 758 1985 famulis
799 1944 920 1985 sedes
952 1945 1123 1998 hahere,
1154 1956 1237 1986 non
1266 1950 1309 1986 ut
1338 1947 1459 1999 vulgo
1491 1950 1606 1989 acci-

132 2011 239 2062 pitur
268 2011 418 2051 nullam
449 2011 689 2063 pensionem
717 2011 902 2063 solvere,
939 2010 1048 2062 quod
1078 2010 1288 2051 ridiculum
1318 2012 1486 2054 videtur.
1545 2014 1605 2055 De

129 2076 342 2117 vocalibus
373 2087 477 2129 quae
509 2080 602 2116 ante
634 2067 665 2115 ἶ
690 2076 935 2128 inseruntur,
967 2071 1139 2125 ἀτίετος,
1171 2073 1368 2129 μητιέτης,
1397 2075 1602 2132 πολιήτης,

129 2138 353 2195 στασιώτης
383 2142 462 2182 alio
495 2141 589 2182 loco
623 2141 827 2193 disputavi
857 2140 1002 2181 Parall.
1032 2140 1124 2181 433.
1158 2140 1207 2181 ad
1236 2142 1383 2183 Buttm.
1413 2143 1503 2186 432.
1541 2155 1601 2196 sq.

218 2327 257 2370 9)
294 2327 395 2370 Apud
438 2327 527 2362 hunc
562 2328 626 2362 tria
662 2327 763 2361 modo
795 2328 933 2370 reperio
959 2337 990 2370 p.
1020 2327 1094 2362 126.
1123 2327 1387 2371 τρί’)γλύδριον,
1415 2328 1598 2361 ιἐανισκύ-

129 2382 251 2425 ὅρκον,
295 2382 623 2426 Πριαμιλλύδριον,
668 2382 735 2416 hoc
772 2392 815 2417 ex
849 2382 1058 2425 hypermiosi
1105 2392 1165 2425 pro
1200 2381 1445 2424 110n4111521'11m1
1478 2383 1594 2417 Sellol.

129 2437 228 2471 Dion.
255 2447 288 2480 p.
314 2437 391 2473 856.
421 2438 531 2481 ypsilo
557 2441 697 2481 propter
723 2438 920 2481 epalleliam
945 2439 979 2470 in
1004 2438 1073 2470 iota
1100 2439 1238 2470 mutato.

176 2732 316 2762 Lubet-k.
343 2733 519 2765 Pathnlng,
1280 2720 1332 2761 2ss
