1731 3021
123 147 208 192 314
575 139 1011 184 DISSERTATIO
1052 140 1132 181 VII.

122 263 287 309 taloque
319 258 488 296 accentu
518 252 586 304 qui
614 250 781 292 retineri
811 253 993 301 poterat·
1043 260 1135 289 nam
1173 248 1213 289 οἱ
1249 248 1472 301 πυῤῥακεῖς
1506 250 1599 291 δαί-

119 337 241 378 μουες
270 322 332 362 Du
363 320 540 370 Cangius
571 318 685 358 affert
723 327 773 357 ex
801 315 1032 367 Nicephero
1063 316 1146 356 MS.
1175 315 1356 356 Alterum
1386 321 1450 357 est
1481 316 1601 357 semi—

120 391 258 431 ninum
287 385 472 439 {omanis
501 381 524 438 ἡ
553 380 785 437 μισθώτρια
815 376 897 420 ἀπὸ
923 381 998 420 τοῦ
1020 377 1160 431 ἔριθος
1182 381 1319 422 501101.
1342 381 1512 422 Theocr.
1535 381 1599 422 III.

122 456 187 498 35.
229 453 302 496 sed
340 453 405 493 hic
445 451 762 503 hypocorismus
802 447 934 486 minus
973 446 1082 486 clare
1113 451 1282 498 apparet
1311 458 1429 499 quam
1459 448 1500 487 in
1528 448 1598 487 illo

123 534 203 576 quo
234 519 464 571 Hesychius
487 513 749 566 Ὑπὲρυθρος
777 513 1079 563 inteipretatur.
1126 512 1234 552 Idem
1262 509 1473 565 Κόοσακις
1499 510 1602 564 7:902-

121 603 195 642 γος
232 583 344 640 παρὰ
389 584 582 638 Κρατίνῳ
620 582 701 633 (Fr.
732 579 829 620 LXI.
862 578 969 630 198.)
1008 577 1192 629 Δίδυμος
1229 575 1382 630 ἤκουεν
1421 574 1502 618 ἀπὸ
1530 579 1603 631 τῆς

123 651 287 707 κόρσης·
321 648 480 702 Κόρσαι
509 663 587 702 γαρ
609 648 681 699 τῆς
711 644 909 691 Κιῖικίας.
968 644 1074 684 UllJS
1106 644 1206 684 hacc
1237 644 1391 697 ignota,
1422 643 1495 684 sed
1515 644 1602 684 Χθ-

124 721 294 773 nophon
323 719 519 758 memorat
553 713 719 754 (iliciae
750 712 895 751 flumen
926 706 1082 761 Κέρσος
1112 711 1176 750 vel
1198 707 1375 761 Κάοσος,
1399 721 1491 750 nam
1511 710 1602 750 libri

125 786 372 836 discrepant.
447 781 508 821 Ab
547 779 628 818 hoc
667 777 799 817 Corso
841 776 921 827 (sic
966 776 1069 816 enim
1118 776 1378 817 scribendum
1424 776 1601 828 videtur)

125 851 429 892 denominatum
459 845 637 885 arbitror
666 842 806 882 urbem
838 842 1009 882 Corsam
1041 846 1080 881 et
1110 841 1248 882 hircos
1280 843 1510 896 Κορσακεῖς
1538 842 1604 882 vel

124 911 345 967 Κορσάτας
373 916 416 952 ut
448 923 472 951 a
505 909 621 950 Πῖσα
653 904 848 959 maome,
881 906 1034 947 Similes
1066 906 1276 958 Cinyphiis
1309 909 1360 949 ab
1392 919 1508 948 amne
1531 908 1603 948 Ci-

123 982 259 1034 nyphe
290 977 522 1032 appellatis.
579 975 681 1015 Nam
713 973 890 1013 Κιλίκιοι
918 968 1060 1023 τράγοι
1089 974 1310 1025 praecipue
1348 973 1536 1014 dicuntur
1565 972 1605 1014 οἱ

125 1049 261 1093 δασεῖς
289 1044 400 1086 Suid.
460 1043 563 1083 Hinc
584 1040 779 1081 dubitatio
811 1042 919 1091 nata,
948 1042 1078 1078 utrum
1105 1048 1256 1078 nomen
1275 1039 1372 1079 illud
1391 1039 1605 1079 barbatum

126 1112 327 1166 significet
359 1110 408 1150 ab
441 1107 690 1160 appellativo
724 1103 946 1144 derivatum
976 1102 1082 1143 unde
1112 1102 1284 1156 κορσεὺς
1323 1109 1362 1145 et
1389 1102 1605 1159 κορσωτήρ

125 1184 285 1228 tonsor,
314 1187 365 1216 an
396 1175 591 1216 Cilicium.

239 1248 277 1291 ξ.
308 1242 346 1283 3.
411 1237 472 1280 Τὰ
490 1241 545 1288 εἰς
575 1255 675 1288 ακος
702 1233 804 1288 ὑπὲρ
835 1232 911 1277 δύο
941 1230 1145 1288 συλλαβὰς
1174 1230 1380 1284 ὀξύνεται,
1409 1232 1604 1288 μαλακός,

127 1305 416 1362 παρόαλισκός,
442 1304 671 1359 φαρμακός,
702 1299 856 1349 ἀνακός
877 1300 1012 1342 501101.
1033 1300 1074 1340 11.
1095 1300 1231 1341 XXIV.
1256 1301 1347 1343 566.
1370 1313 1475 1353 quae
1494 1302 1606 1342 Bek-

128 1378 253 1418 kerus
283 1375 361 1414 huc
391 1373 618 1413 immutavit
647 1366 697 1411 τὰ
726 1393 780 1398 -—
817 1362 1094 1419 προςηγορικὰ
1131 1363 1157 1418 ἢ
1195 1363 1362 1407 ἐπίθετα
1400 1363 1456 1416 ὀξ.
1497 1363 1605 1408 ἀνα-

127 1439 212 1492 κός,
244 1435 476 1494 φαρμακός,
507 1433 704 1491 φυλακάς,
739 1434 904 1475 omissis
936 1432 1095 1472 duobus
1117 1430 1298 1484 μαλακός
1323 1437 1363 1473 et
1381 1431 1604 1485 παοδακός,

129 1520 205 1562 pro
254 1517 334 1558 quo
375 1503 571 1544 mendose
620 1503 704 1542 illic
747 1500 945 1550 scriptum
993 1502 1055 1538 est
1095 1498 1381 1550 παοὸαλίσκος.
1435 1495 1609 1548 Ἀνακός

129 1573 252 1616 modo
288 1575 458 1644 propter
489 1569 724 1610 adverbium
756 1561 918 1610 ατακώς
937 1563 1151 1614 adjectivis
1177 1564 1433 1605 adnumerari
1454 1570 1607 1620 potest,

129 1651 206 1680 nec
235 1633 453 1690 φαρμακός
482 1636 534 1675 le
523 1636 653 1684 rimus
685 1632 763 1672 nisi
794 1630 1051 1670 substantive
1090 1630 1282 1680 positum.
1347 1630 1488 1682 Itaque
1527 1631 1606 1672 duo

129 1706 384 1756 reliquuntur
415 1701 639 1752 adjectiva,
677 1708 849 1750 quorum
880 1706 1002 1735 unum
1033 1706 1057 1734 a
1085 1695 1212 1735 verbo
1242 1692 1418 1747 μαλάξαι
1445 1696 1609 1737 deriva-

132 1776 215 1812 tum
244 1773 320 1820 est,
351 1767 523 1808 alterum
554 1766 581 1806 I.
615 1765 789 1805 Vossius
821 1762 871 1803 ad
901 1761 997 1801 HeS.
1029 1761 1078 1800 ab
1101 1757 1213 1811 ἄρδω
1234 1762 1472 1802 arcessit.12
1504 1763 1608 1803 Ter-

133 1838 230 1878 tium
262 1839 325 1875 est
355 1830 536 1885 σαβακός
565 1827 724 1881 σαθρός
754 1832 850 1869 Χῖοι
879 1829 974 1868 Hes,
1004 1837 1080 1867 nec
1112 1826 1199 1867 Chii
1229 1826 1362 1867 solum
1392 1827 1466 1868 sed
1487 1829 1608 1870 etiam

130 1904 407 1955 Hippocrates
440 1898 564 1951 Cous,
593 1895 896 1947 refragantibus
939 1893 1144 1934 Atticistis
1184 1890 1347 1943 σαθρόν
1387 1889 1439 1933 οὐ
1477 1894 1609 1946 σαβα-

132 1965 208 2010 κόν
237 1962 311 2019 χρὴ
341 1961 468 2016 λέγειν
498 1964 614 2004 Phot.
654 1963 732 2002 etsi
774 1960 998 2001 communis
1039 1958 1198 2009 utrique
1239 1959 1354 2010 origo
1395 1959 1444 1998 ab
1477 1960 1610 2000 obso-

134 2035 218 2075 leto
252 2028 340 2071 σάω
371 2029 464 2070 asim
502 2026 664 2081 σαβάζω
706 2028 869 2079 quatio,
909 2021 1089 2077 σαβακός
1132 2035 1323 2075 quassus.
1389 2024 1476 2064 Nec
1515 2025 1607 2076 plus

137 2096 396 2139 auctoritatis
436 2095 633 2135 habuisse
672 2093 860 2132 videntur
888 2087 1079 2143 τριβακός
1109 2085 1131 2129 ὁ
1160 2086 1397 2140 κοινότερον
1425 2086 1609 2142 ἐντριβής

133 2165 249 2206 Eust.
289 2162 415 2213 1327,
457 2161 518 2201 17.
555 2155 773 2211 τριβώνιον
811 2158 1009 2197 καλοῦσιν
1049 2155 1087 2194 οἱ
1124 2151 1279 2194 ἁττικοὶ
1320 2151 1366 2194 τὸ
1414 2155 1609 2207 τρίβακον

134 2226 296 2282 ἱμάτιον
327 2226 418 2268 Sch.
449 2226 517 2265 Ar.
547 2225 650 2264 Plut.
682 2223 772 2264 714.
805 2226 978 2262 accentu
1009 2225 1153 2260 contra
1182 2220 1362 2271 regulam
1383 2221 1536 2274 posito,
1566 2225 1610 2262 ut

134 2291 304 2348 τριβάκη
334 2293 477 2344 χλαῖνα
506 2289 626 2329 Anth.
656 2289 737 2328 VII.
767 2299 804 2328 n.
836 2288 927 2329 282.
959 2283 1165 2338 τριβάκων
1195 2285 1365 2337 ἱματίων
1397 2285 1534 2326 Galen.
1567 2287 1608 2326 in

136 2361 199 2401 VI.
239 2356 355 2410 Epid.
398 2356 549 2396 Comm.
590 2354 652 2394 IV.
690 2353 754 2394 21.
796 2366 833 2405 p.
875 2352 964 2393 196.
1007 2352 1049 2391 Τ.
1089 2352 1207 2392 XVII.
1248 2352 1292 2393 P.
1324 2351 1351 2391 I.
1393 2350 1466 2391 sed
1496 2356 1608 2392 recte

137 2422 269 2478 γέρων
297 2417 489 2474 τριβακός
519 2420 568 2461 de
597 2421 719 2461 Loco.
747 2419 822 2459 Aff.
854 2418 918 2459 III.
947 2418 984 2459 5.
1016 2429 1053 2469 p.
1086 2417 1175 2458 155.
1208 2417 1251 2457 T.
1282 2417 1379 2458 VIII.
1417 2413 1611 2470 τριβακός

230 2582 286 2624 12)
310 2580 505 2615 prosthesis
540 2580 662 2614 literae
686 2581 732 2610 πῖ
753 2578 921 2621 exemplis
949 2586 969 2610 a
996 2575 1181 2611 Welckero
1207 2576 1320 2610 allatis
1350 2575 1393 2609 ad
1421 2575 1551 2609 Simon.
1577 2586 1609 2618 p.

137 2638 193 2675 84.
222 2636 398 2680 πήγανον,
424 2637 558 2672 πίπτω,
587 2635 788 2671 παπταίνω,
814 2631 984 2673 πελάῐης,
1009 2631 1155 2676 πόλχος,
1181 2642 1301 2676 parum
1325 2630 1498 2675 probatur.
1537 2630 1611 2666 Nec

139 2694 222 2727 §aiis
249 2692 409 2726 convenit
432 2689 613 2734 παρτάξαι
639 2688 797 2734 ὖγρᾶναι
818 2687 901 2724 Hes.
