1731 3021
141 128 227 172 178
603 125 1036 168 DISSERTATIO
1077 126 1140 167 IV.

140 236 333 289 Hesychii
361 237 507 290 glossa
534 232 715 289 ὑδρανός
739 231 762 276 ὃ
791 232 983 290 ἁγνιστὴς
1003 237 1086 277 τῶν
1102 232 1421 289 Ἐλευσινίων,“
1451 235 1490 276 id
1511 248 1620 288 quo-

144 315 222 356 que
253 314 278 343 a
302 303 429 345 verbo
460 304 592 356 repeti
624 305 800 354 oportet.
858 302 1006 342 Verum
1036 298 1254 355 φάσγανον
1272 313 1396 342 nona
1415 299 1618 356 φασγάνω

145 373 278 410 ortum
307 369 445 410 dicunt
476 370 549 410 sed
578 366 690 421 παρὰ
717 364 764 408 τὸ
794 365 927 421 φάσαι
958 368 1049 409 Sch.
1080 367 1192 408 Pind.
1224 367 1336 408 Nem.
1372 368 1399 408 I.
1427 368 1492 409 80.
1524 368 1618 409 Hes.

144 436 210 476 vel
238 447 263 476 a
291 432 430 489 σφαγή
460 436 545 476 ΕΜ.
578 437 664 489 (ubi
694 436 891 476 mendose
922 434 1119 485 scriptum
1150 438 1213 474 est
1245 433 1393 486 φᾶσαι)
1427 437 1467 473 et
1496 429 1620 486 ἀθίγ-

144 515 272 554 γανος
300 497 323 542 ὁ
351 498 407 554 μὴ
436 498 573 541 θέλων
601 502 858 554 προςεγγίσαι
894 496 1007 551 παρὰ
1043 496 1090 539 τὸ
1127 500 1235 551 θίγω
1276 499 1360 540 ΕΜ.
1400 499 1465 552 25,
1507 499 1621 541 28.12

145 567 341 607 novitium
379 567 478 608 illud
513 568 673 619 quidem
720 571 764 607 ut
810 567 1019 619 proprium
1055 561 1344 618 Ἐπιτύγχανος
1386 578 1422 606 v.
1473 565 1619 606 Parali.

146 645 183 686 p.
217 632 496 674 10..crebrum
524 634 564 673 in
593 632 932 685 inscriptionibus
963 631 1113 672 latinis.
1170 632 1337 683 Antiqui
1377 636 1510 672 autem
1541 643 1622 673 no-

146 697 265 738 minis
297 699 537 751 exemplum,
569 699 678 750 quod
708 699 829 750 plane
860 701 1024 737 constet
1053 708 1076 736 a
1105 697 1232 737 verbo
1264 698 1304 737 in
1335 688 1422 736 αἰῖὦ
1448 702 1622 737 exeunte

148 763 393 804 declinatum
424 775 541 817 esse,
583 774 732 804 vereor
769 768 813 802 ut
849 763 1020 814 reperiri
1061 762 1208 813 possit.
1274 762 1375 802 Nam
1403 759 1569 816 θηγάνη
1600 774 1622 803 a

145 825 265 881 θήγω
295 829 433 880 potitis
465 829 758 871 arcessendum
789 832 853 868 est
883 838 1003 879 quam
1034 827 1083 867 ab
1117 827 1296 867 obscuro
1334 829 1402 868 illo
1433 825 1621 881 θηγάνω,

148 898 188 935 et
218 891 454 944 ὀλίσθανος,
485 895 520 935 si
550 896 831 946 incorruptum
863 897 926 934 est
957 890 1282 945 ὀλισθανώτερος
1309 893 1446 935 Galen.
1468 894 1620 936 Comm.

148 961 189 1000 in
219 960 261 1000 L.
293 959 342 1000 de
371 960 502 1002 Fract.
534 961 598 1002 III.
629 960 694 1013 59,
724 960 820 1002 624.
858 960 899 1001 T.
937 960 1072 1000 XVIII.
1103 959 1143 1000 P.
1186 959 1231 999 II.
1274 960 1324 1000 ab
1364 957 1520 1000 ὀλίσθω
1558 960 1621 1000 vel

147 1023 328 1073 ὅλισθος.

260 1095 300 1138 §.
332 1091 368 1131 2.
428 1092 461 1131 Λ
492 1092 725 1133 nominibus
756 1092 910 1143 primae
942 1091 1227 1131 declinationis
1270 1086 1349 1144 άκή
1389 1087 1543 1138 ἄκανος
1570 1114 1620 1119 —-

150 1154 272 1210 ἑλάνη
301 1153 413 1208 παρὰ
449 1154 525 1210 τὴν
563 1155 658 1211 ἕλην
687 1158 833 1198 Athen.
866 1156 958 1198 699.
992 1158 1038 1197 A.
1069 1153 1198 1203 Achiva
1235 1157 1426 1209 γογγυλίς
1465 1160 1504 1197 et
1535 1152 1625 1197 ‘Pa-

148 1225 215 1270 πίς
243 1223 445 1275 γογγυλίς,
477 1223 516 1264 οἱ
553 1221 595 1264 δὲ
631 1220 854 1277 λαμψάνην
886 1223 1061 1272 Hesych.
1100 1218 1125 1275 ἡ
1163 1218 1272 1275 ὑγρὰ
1310 1223 1435 1263 πίσσα
1472 1221 1542 1264 καὶ
1577 1218 1624 1263 τὸ

149 1290 352 1330 πίσσανον
383 1288 522 1330 Galen.
557 1290 708 1331 Comm.
738 1291 779 1330 in
811 1289 926 1341 Epid.
956 1289 1017 1329 VI.
1049 1289 1086 1341 4,
1117 1288 1209 1331 328.
1241 1289 1283 1330 T.
1313 1289 1430 1330 XVII.
1459 1289 1501 1330 P.
1520 1290 1568 1329 II.
1588 1288 1624 1314 13

151 1354 335 1409 σαργάνή
366 1357 453 1397 Sive
484 1357 607 1396 attice
636 1353 818 1409 ταργάνη
848 1356 933 1396 ΕΜ.
966 1366 1014 1395 ox
1045 1352 1203 1408 σαγὴνη
1245 1366 1490 1396 conversum
1529 1356 1625 1398 dicit

148 1423 397 1475 interposita
427 1421 547 1461 litera
575 1422 672 1473 rho;
703 1422 823 1462 aliam
853 1433 951 1462 vero
986 1422 1182 1471 originem
1219 1421 1396 1462 obscure
1426 1421 1626 1473 significat

149 1488 380 1539 Hesychius
416 1483 556 1540 Τράγη
584 1484 844 1540 πεπλεγμένη.
900 1489 936 1528 Α
955 1487 1187 1527 nominibus
1209 1487 1414 1527 secundae
1433 1484 1626 1535 τόκος-

149 1551 320 1607 τυκάνη,
338 1553 373 1578 ¹4
401 1550 556 1604 κόπρος
585 1576 637 1582 -
665 1550 716 1593 τὰ
741 1550 930 1605 κόπρανα
957 1554 1151 1604 Hippocr.
1183 1557 1222 1593 et
1252 1553 1377 1605 Aret..
1404 1552 1444 1592 οἱ
1460 1551 1627 1593 παλαιοὶ

150 1620 348 1671 κορίανον
377 1619 589 1668 καλοῦσιν,
621 1618 661 1658 οἱ
691 1616 735 1659 δὲ
761 1617 952 1671 νεώτεροι
982 1616 1113 1668 ἰατροὶ
1140 1615 1288 1666 πάντες
1317 1616 1460 1672 κόριον
1488 1618 1626 1660 Galen.

153 1685 293 1736 Simpl.
334 1685 471 1736 Temp.
509 1684 609 1725 VIII.
647 1684 712 1725 43.
751 1696 789 1736 p.
829 1684 893 1726 36.
935 1685 977 1724 Τ.
1016 1684 1098 1724 XII.
1134 1684 1258 1737 λῆδος
1293 1683 1477 1738 λήδανον
1512 1685 1627 1726 brevi

151 1751 273 1802 alpha
303 1753 346 1790 ut
377 1754 548 1802 apparet
579 1761 629 1790 ex
657 1749 934 1791 Andromachi
964 1750 1167 1803 versibus,
1196 1750 1294 1791 ἴανα
1320 1747 1370 1792 τὰ
1399 1748 1628 1805 βαλλόμενα

152 1812 234 1857 ἀπὸ
263 1816 340 1855 τοῦ
370 1812 473 1855 ἱέναι
503 1816 680 1867 Hesych.
713 1816 852 1868 potius
884 1815 934 1856 ab
966 1812 1027 1863 ἰός
1057 1821 1099 1857 ut
1129 1813 1278 1870 ἐργάνη
1309 1822 1349 1858 ot
1377 1815 1552 1870 ἔργανον
1579 1815 1626 1858 τὸ

149 1880 358 1934 ἐργαλεῖον
407 1881 457 1922 ab
497 1879 627 1933 ἔργον.
694 1881 803 1922 Idem
847 1879 1088 1934 μούσχανον
1133 1880 1310 1934 βλαστόν
1347 1895 1421 1935 pro
1460 1881 1626 1937 μόσχον.

150 1949 317 1990 Raoana
348 1946 575 1988 Salmasius
606 1947 656 1987 ad
685 1947 852 1999 Vopisc.
883 1947 927 1987 V.
960 1948 1080 1988 Firmi
1110 1948 1174 1989 III.
1214 1948 1304 1990 700.
1346 1960 1369 1989 a
1398 1946 1533 2001 ῥάχος.
1591 1951 1627 1990 Α

153 2014 273 2055 tertia
301 2008 426 2066 γέρην
458 2018 586 2065 (grus,
614 2012 745 2065 Kran,
776 2012 979 2065 Isram'cli)
1017 2009 1189 2066 γέρανος
1217 2036 1273 2051 -.
1305 2011 1454 2068 λεκάνη
1490 2012 1626 2068 παρώ-

244 2170 303 2213 11)
335 2169 511 2204 Accentus
540 2168 634 2203 ducit
659 2168 700 2203 ad
725 2167 895 2213 ὑδραγός,
923 2169 1015 2213 quod
1039 2179 1106 2203 non
1131 2170 1270 2212 legitur.

242 2225 301 2267 12)
336 2224 576 2268 Antiquiorum
605 2224 784 2259 doctorum
809 2225 960 2258 nonnulii
989 2224 1161 2267 Cinganos
1187 2224 1374 2267 significari
1401 2226 1624 2262 crediderunt

151 2290 182 2315 v.
211 2280 408 2315 Grellmann
439 2279 543 2312 Ueber
567 2280 620 2311 die
643 2281 807 2322 Ziyeuner
830 2290 863 2323 p.
893 2282 966 2315 177.
994 2281 1057 2315 sed
1084 2281 1145 2314 i'uit
1162 2281 1254 2315 istud
1273 2281 1528 2317 haereticorum
1556 2292 1625 2316 no-

153 2346 230 2371 men
256 2337 313 2380 qui
339 2336 424 2370 alias
449 2335 610 2377 Atingani
635 2337 748 2369 vocati
782 2339 859 2369 sunt
894 2339 928 2370 et
953 2336 1157 2378 Publiciani,
1185 2337 1313 2372 diversi
1339 2347 1358 2371 a
1382 2337 1625 2374 Melchisede-

154 2392 273 2433 manis,
300 2400 387 2434 quos
413 2391 465 2424 Du
491 2389 642 2433 Cangius
669 2394 845 2426 memorat.

243 2446 300 2489 13)
334 2446 498 2478 Πιττωτά
524 2444 541 2486 ἢ
569 2445 804 2489 δρωπακιστὰ
844 2447 904 2479 καὶ
930 2449 1060 2479 nirano:
1089 2447 1175 2491 (Sic)
1205 2447 1336 2482 Comm.
1363 2450 1398 2482 in
1422 2448 1459 2483 L.
1487 2449 1532 2484 de
1558 2449 1623 2484 Off.

153 2499 245 2535 Med.
272 2501 333 2535 III.
362 2501 416 2543 23,
442 2502 520 2537 894.
548 2501 583 2534 Τ.
608 2501 726 2535 XVIII.
755 2501 790 2535 P.
819 2501 844 2535 1.

241 2555 299 2597 14)
330 2555 389 2590 Sic
412 2556 624 2599 Eustathius‚
650 2558 714 2592 etsi
739 2557 912 2602 discrepat
936 2568 1036 2601 usus3
1070 2568 1147 2593 nam
1180 2558 1313 2600 τυκάνη
1349 2563 1404 2594 est
1434 2553 1457 2604 ᾗ
1493 2560 1626 2593 ἀλοῶσι

154 2608 232 2645 Τοὺς
256 2609 453 2654 ἀστάχυας,
481 2610 524 2652 ἣν
550 2612 616 2645 νῦν
640 2612 731 2645 κατὰ
756 2613 1012 2656 παραφθορὰν
1037 2612 1220 2654 δὀυκᾶνην
1243 2614 1387 2658 λέγουσι
1407 2615 1624 2660 Moschopul.

151 2665 239 2698 Dici.
266 2665 332 2698 Au.
360 2675 387 2699 s.
418 2666 452 2699 Ii.
480 2676 509 2699 ν.
