1731 3021
172 137 201 179 8
660 131 1089 176 DISSERTATIO
1135 133 1163 174 l.

173 241 324 297 ὁμοίως
354 242 463 284 Suid.
492 237 696 294 γάργαλος
723 240 793 283 καὶ
821 239 1001 296 γαργάλη
1030 242 1214 283 Erotian.
1243 238 1451 294 κόσυμβος
1482 240 1551 283 καὶ
1577 257 1647 284 κο-

172 305 308 361 σύμβη
339 307 448 349 Suid.
477 303 598 348 καλιά
625 306 695 348 καὶ
719 306 860 356 καλιός
889 309 989 349 Ρο11.
1015 308 1061 349 Χ.
1084 307 1172 348 160.
1220 304 1406 360 “”Ὀμηρος
1432 304 1507 348 τὸν
1533 305 1648 362 παρά

171 383 253 414 τισι
280 370 458 415 κότυλον
488 368 614 426 (εἶδος
630 375 846 427 ποτηρίου)
877 371 1056 426 κοτύλην
1083 373 1216 425 εἴρηκε
1245 373 1391 414 Α111011.
1411 373 1475 415 XI.
1491 374 1585 416 478.
1601 374 1648 416 E.

173 437 354 491 κύναρος
390 437 418 493 ἢ
447 436 608 491 κυνάρα
646 439 759 480 Eust.
792 440 908 492 1822,
940 440 1003 480 23.
1041 435 1202 491 μέλινος
1230 436 1299 478 καὶ
1326 439 1465 492 μελίνη
1494 439 1648 482 Aneed.

174 506 298 547 Bekk.
328 506 420 547 278.
459 505 630 552 οἴσυπος
667 503 693 557 ἢ
724 503 872 557 οἰσύπη
903 502 1100 556 ἑκατέρως
1128 501 1282 556 λέγεται
1317 504 1500 545 Erotian.
1529 506 1652 546 πτοία

176 569 203 624 ἢ
232 574 373 619 πτοῖος
401 568 585 624 θόρυβος
613 571 789 621 Hesych.
831 566 1050 624 ἀρσενικῶς
1079 567 1102 610 ὁ
1132 571 1298 622 σαῦρος,
1328 566 1482 622 λέγεται
1511 567 1554 610 δὲ
1581 568 1654 611 καὶ

176 632 203 690 ἡ
242 634 378 689 σαύρα
417 637 553 678 Schol.
595 637 765 677 Tlieoor.
796 637 876 677 Vll.
907 636 943 677 2.
989 633 1090 689 τύλη
1128 634 1197 676 καὶ
1233 633 1356 683 τύλος
1396 636 1488 677 Seli.
1526 636 1653 678 Arist.

179 703 280 744 Ach.
312 702 404 745 868.
444 698 551 755 ὑάλη
588 698 717 748 ὕαλος
756 701 865 742 Suid.
903 702 1035 754 χῶνος
1072 700 1142 742 καὶ
1179 699 1290 755 χώνη
1331 703 1460 743 Craln.
1500 701 1654 744 Anecd.

178 769 225 810 ΙΙ.
259 768 324 822 66,
357 768 394 810 7.
450 768 562 808 Haec
592 768 714 818 igitur
753 767 789 808 si
821 766 1223 818 Glossographorum
1254 767 1536 807 examinantur
1566 770 1657 808 tru-

177 834 262 874 tina
305 833 515 886 populari,
565 843 683 884 quzun
733 843 860 883 saepe
907 833 1111 883 castigant
1159 832 1403 873 eruditiores
1442 844 1478 874 v.
1515 832 1657 874 Lehrs.

179 899 228 940 de
265 900 391 940 Arist.
420 899 484 939 44.
525 897 896 949 parascliematista
935 902 1041 938 sunt.
1116 897 1259 950 Neque
1297 898 1429 938 minus
1469 909 1518 938 ea
1554 909 1660 950 quae

179 963 286 1016 apud
328 963 517 1004 diversos
559 963 786 1015 scriptores
825 961 930 1003 idem
972 963 1220 1014 significant:
1268 959 1396 1016 νομός
1433 961 1660 1016 ποιητικόν,

179 1026 286 1083 νομή
316 1026 461 1070 κοινόν
500 1029 636 1070 Schol.
670 1028 840 1068 Tlieocr.
871 1028 970 1069 VIII.
1001 1028 1066 1069 41.
1108 1033 1147 1069 et
1185 1030 1226 1069 in
1257 1029 1431 1070 diversis
1463 1029 1663 1085 dialectis,

184 1096 291 1137 Sicut
321 1095 542 1136 Atticistae
573 1092 758 1147 ἄσβολος,
791 1094 977 1144 αἴθαλος,
1009 1090 1274 1147 ἀστράγαλος,
1305 1092 1471 1145 πλάνος,
1505 1097 1667 1137 semini-

181 1162 246 1202 nis
267 1162 516 1214 praeferunt,
547 1156 638 1213 ἠχή,
669 1157 866 1212 κακκάβη,
889 1157 1011 1212 μύλη,
1033 1157 1202 1213 ταραχή,
1229 1157 1379 1211 ψύλλα,
1412 1161 1664 1216 masculinis,

181 1226 386 1280 iidemque
428 1227 572 1267 οἴσυον
611 1237 694 1266 11011
724 1222 869 1275 οἰσύα,
913 1230 1057 1265 contra
1087 1238 1185 1265 vero
1215 1226 1359 1279 λυχνία
1388 1238 1472 1267 11011
1499 1228 1668 1280 λυχνίον

183 1292 262 1334 dici
295 1292 468 1346 jubent,
508 1303 613 1344 quae
643 1303 740 1343 pars
772 1302 918 1342 magna
949 1291 1214 1332 scribentium
1252 1293 1293 1332 in
1324 1293 1558 1344 promiscuo
1589 1293 1668 1335 ha-

183 1359 266 1400 bet.
332 1358 475 1410 Neque
515 1358 641 1398 Attici
681 1358 813 1398 solum
853 1356 927 1398 sed
960 1358 1081 1397 Iones
1120 1369 1283 1410 quoque
1312 1358 1509 1399 nonnulla
1537 1370 1669 1401 voca-

184 1424 282 1465 bula
320 1424 484 1465 diverso
527 1435 551 1464 a
590 1424 739 1464 ceteris
779 1434 929 1474 genere
967 1423 1194 1475 protulisse
1234 1423 1421 1464 dicuntur
1458 1425 1670 1466 intellectu

188 1489 333 1531 eodem
363 1494 406 1530 ut
438 1490 575 1531 Schol.
600 1489 642 1529 Il.
667 1488 803 1529 XVIII.
827 1488 918 1530 551.
947 1486 1151 1541 δρεπάνας
1175 1488 1405 1535 ἰωνικῶς·2
1444 1482 1561 1531 οὗτοι
1592 1487 1670 1546 γὰρ

187 1553 324 1596 πάντα
351 1551 572 1608 τρέπουσιν
600 1554 655 1602 εἰς
684 1552 869 1607 θηλυκά,
904 1552 1061 1608 τάφρη,
1091 1551 1243 1607 κύρτη,
1274 1549 1529 1609 άστραγάλη,
1562 1569 1672 1609 quo-

185 1634 273 1663 rum
292 1622 473 1663 ultimum
495 1621 544 1661 ab
565 1621 828 1661 Anacreonte
858 1626 1098 1674 usurpatum
1131 1626 1169 1662 et
1201 1633 1224 1661 a
1254 1622 1460 1662 nonnullis
1491 1623 1670 1664 Homero

184 1689 266 1741 ipsi
306 1688 500 1728 tributum
541 1692 603 1727 est
644 1698 680 1726 v,
720 1686 922 1737 Spitzner.
963 1686 1013 1727 ad
1052 1687 1094 1727 Il.
1135 1686 1273 1727 XXIII.
1303 1686 1368 1728 88.
1415 1687 1580 1728 Jacobs.
1621 1687 1672 1729 ad

186 1753 306 1795 Anth.
336 1753 421 1795 Pal.
451 1752 543 1794 205.
585 1755 724 1792 cetera
763 1762 813 1791 ex
852 1751 1052 1792 Herodoti
1090 1752 1206 1794 libris
1246 1753 1414 1805 hausta,
1452 1753 1494 1792 in
1524 1753 1671 1804 quibus
1730 1794 1731 1799 ,

187 1816 317 1872 κύρτη
348 1818 475 1860 semel
505 1818 674 1869 legitur,
713 1816 776 1856 bis
808 1827 905 1857 vero
938 1815 1098 1872 τάφρη,
1139 1819 1249 1872 quod
1277 1818 1495 1859 Jacobsius
1524 1818 1674 1859 Achilli
1730 1813 1731 1828 ¹

192 1886 310 1926 Tatio
340 1884 521 1936 impertit
551 1894 588 1934 p.
620 1882 714 1935 631,
754 1882 827 1922 sed
859 1882 988 1923 altero
1020 1883 1114 1924 loco
1147 1885 1208 1925 IV.
1238 1884 1330 1926 201.
1364 1883 1479 1925 codd.
1511 1883 1673 1937 quidam
1730 1876 1731 1880 ¹

277 2029 315 2073 2)
350 2027 473 2062 Atticis
503 2026 622 2061 tribuit
645 2025 792 2070 Moeris;
825 2027 889 2063 sed
914 2027 977 2062 hos
1005 2027 1187 2072 δρέπανον
1207 2026 1383 2071 praeferre
1414 2027 1517 2063 docet
1535 2028 1673 2065 Maetz-

192 2094 295 2120 uerus
333 2084 375 2118 ad
408 2083 554 2126 Lyeurg.
589 2092 623 2125 p.
649 2082 726 2117 266.
755 2092 807 2126 sq.
846 2084 983 2117 omissis
1016 2083 1167 2117 Platonis
1202 2083 1301 2116 lociS.
1373 2083 1472 2126 Epici
1506 2084 1549 2119 de
1585 2084 1674 2120 falce

193 2141 353 2175 vinitoria
381 2142 414 2174 et
439 2139 608 2173 messoria
631 2140 779 2181 utroque
804 2141 960 2181 utuntur3
1003 2137 1163 2183 δρεπάνη
1194 2138 1307 2178 Quint.
1339 2138 1378 2172 V.
1407 2140 1459 2174 58.
1493 2143 1558 2174 etc.
1596 2138 1674 2186 δρέ-

193 2207 312 2229 πανον
336 2195 391 2229 IV.
416 2195 492 2230 426.
532 2193 726 2227 Antimach.
754 2192 808 2227 Fr.
835 2193 947 2228 XXIV.
984 2193 1093 2227 Noun.
1122 2193 1269 2228 XLVIII.
1301 2194 1377 2229 441.
1413 2194 1471 2228 ubi
1510 2194 1595 2228 nihil
1631 2195 1674 2230 ad

194 2254 340 2286 metrum
373 2249 479 2285 refert
512 2248 554 2283 cf.
591 2248 732 2283 Jacobs.
767 2248 809 2282 ad
842 2248 944 2283 Anth.
971 2249 1007 2283 P.
1029 2248 1082 2283 IX.
1104 2249 1181 2285 383.
1201 2250 1232 2285 9.
1292 2250 1327 2283 Si
1355 2249 1436 2282 mihi
1461 2251 1676 2293 propositum

196 2307 319 2340 suisset
344 2305 387 2340 de
414 2314 580 2348 generum
607 2306 795 2339 mutatione
823 2314 865 2339 ex
892 2304 1049 2347 professo
1079 2314 1194 2347 agere,
1223 2313 1241 2337 a
1268 2305 1456 2348 disyllabis,
1482 2315 1572 2349 quae
1598 2306 1674 2349 pri-

195 2362 389 2396 mitivorum
416 2361 530 2393 locum
557 2360 729 2402 obtinent,
757 2369 975 2404 separassem
1000 2369 1192 2403 paragoga‚
1221 2359 1344 2403 quibus
1372 2361 1481 2402 major
1506 2370 1583 2394 cum
1609 2360 1676 2394 adq

192 2418 332 2460 jectivis
359 2416 548 2449 similitudo
577 2419 611 2451 et
637 2416 765 2449 iccirco
795 2425 899 2450 sexus
926 2415 1104 2448 mobilior:
1138 2414 1275 2458 χοάιής
1302 2415 1440 2459 χοάνου
1466 2417 1527 2448 καὶ
1555 2415 1676 2459 χόανα

198 2472 241 2505 τὰ
265 2471 424 2515 μέταλλα
449 2471 546 2504 Suid.
572 2470 706 2513 βοτάνη
735 2474 769 2505 et
794 2471 884 2515 apud
909 2472 1122 2516 posteriores
1146 2469 1313 2513 βότανον,
1341 2469 1477 2510 domim]
1504 2469 1675 2509 δόκανον,

198 2526 342 2572 θηγάνη
368 2525 554 2570 θήγανον,
590 2525 705 2570 ὀχάνη
734 2527 890 2570 ὄχανον,
926 2526 1067 2567 marsim]
1092 2523 1274 2563 πάτανον,
1312 2525 1464 2566 πτισάνη
1490 2528 1676 2565 πτίσανον,

198 2580 358 2626 τρυπάνη
390 2579 592 2627 τρύπανον,
632 2581 824 2626 ἀμπεχόνη
854 2583 1076 2627 ἆμπέχονον,
1102 2600 1147 2606 -—-
1171 2581 1325 2618 αἴθαλος
1351 2580 1506 2621 αἰθάλη,
1545 2579 1675 2625 κρόκα-

198 2638 258 2674 λος
281 2635 437 2681 κροκάλη
464 2646 496 2670 v.
521 2637 662 2672 Jacobs.
690 2638 733 2672 ad
757 2637 859 2673 Anth.
885 2639 955 2674 Pal.
983 2649 1016 2683 p.
1043 2637 1121 2674 288.
1155 2635 1329 2683 κρόταλος
1354 2635 1543 2682 κρόταλον,
1568 2647 1674 2670 σκαν-

201 2691 290 2733 (mm
318 2692 400 2734 (nisi
426 2693 594 2735 scriptura
622 2693 724 2736 fallit)
752 2693 959 2730 σκάνδαλον
983 2698 1050 2732 etc.
