1731 3021
171 152 232 197 58
652 148 1084 193 DISSERTATIO
1133 149 1160 190 1.

171 261 300 315 piscis
331 260 513 303 citharae
544 259 701 312 similis,
732 271 755 300 a
786 255 909 312 ληνός
930 259 1067 312 Ληναί
1095 271 1131 299 v.
1160 256 1325 298 JacobS.
1356 256 1408 298 ad
1424 256 1546 297 Anth.
1566 255 1650 297 Pal.

171 327 265 370 875.
296 339 321 368 a
348 323 526 380 Κυβήβη
555 322 752 378 Κύβηβος
771 321 794 365 ὅ
813 323 1082 377 κατεχόμενος
1101 325 1151 377 τῇ
1165 318 1270 378 “Ρέᾳ
1287 323 1401 363 Eust.
1425 321 1543 374 1431,
1564 321 1652 363 475·

174 405 199 434 a
228 392 432 446 pandura,
469 397 512 433 ut
541 391 771 442 Hesychius
811 392 1032 442 significat,
1066 387 1303 441 πάνδουρος
1332 384 1355 428 ὁ
1391 384 1651 441 μεταχειριζό-

171 473 294 512 μενος
321 454 368 499 τὸ
397 455 590 511 ὄργανον,
622 457 672 498 ab
704 457 796 497 avia
830 457 963 510 Φοίβη
994 456 1143 509 Apollo
1180 455 1348 507 Φοῖβος,
1380 455 1415 495 si
1441 452 1649 504 Aeschylo

171 525 352 578 fidimus⁷
384 527 500 576 cujus
538 525 784 564 auctoritate
820 523 900 563 hoc
938 534 1087 563 nomen
1116 523 1221 562 111101
1250 515 1554 574 μαμμωνυμικοὶ
1581 529 1652 558 re-

175 592 303 633 fertur
334 591 470 633 Schol.
501 590 544 630 B.
576 589 626 629 ad
655 589 697 630 Il.
727 589 754 630 I.
783 588 847 629 43.
880 589 1213 640 (transscriptum
1234 599 1285 629 ex
1302 584 1503 628 Heraclid.
1521 583 1650 634 Alleg.

172 657 254 698 VII.
285 657 368 708 23.)
401 660 440 696 et
469 656 601 705 Etym.
636 654 732 695 Gud.
765 654 858 695 555.
889 666 913 694 a
943 659 1098 695 struma
1128 659 1308 695 strumus
1339 651 1484 704 herba,
1525 660 1549 690 a
1585 648 1652 688 13-

174 727 287 762 00113
324 722 503 762 lacertus
535 731 631 772 pars
669 720 825 760 brachii
862 721 1121 774 musculosa,
1168 732 1193 761 a
1229 719 1385 760 neutris
1426 714 1652 757 masculina

174 792 215 828 et
246 788 436 827 feminina
465 782 698 839 βάραθρος,
737 782 974 837 φαρμακός,
1015 782 1186 838 ἀχυρός,
1219 786 1268 826 ab
1296 789 1472 834 utroque
1501 790 1653 832 genere

175 857 333 906 neutra,
362 857 405 893 ut
433 863 456 892 a
484 851 567 903 pila
588 847 747 903 (ὅλμος)
778 852 902 902 pilum
931 848 1135 906 (ὕπερον),
1166 863 1190 892 3
1208 851 1340 891 vallus
1371 849 1513 901 (varus
1534 845 1651 897 vara)

174 918 345 971 vallum,
389 918 450 959 sio
480 917 529 957 ab
559 911 743 970 ἠλακάτη
780 912 962 970 ἠλάκατα
989 913 1039 957 τὰ
1076 915 1165 969 περὶ
1200 914 1277 970 τὴν
1312 911 1522 969 ἠλακάτην
1551 909 1650 965 ἔρια,

177 995 201 1025 3
228 980 404 1037 κέραμος
432 979 611 1034 κέραμον
641 994 746 1035 opus
777 983 968 1037 figlinum,
999 995 1023 1024 a
1052 980 1231 1034 σπάρτος
1259 978 1442 1033 σπάρτον
1469 974 1516 1018 τὸ
1546 986 1653 1029 σχοι-

176 1050 266 1091 νίον
297 1049 434 1091 Schol.
464 1050 558 1090 Eur.
588 1047 654 1090 Or.
683 1048 774 1090 526.
805 1049 916 1101 quod
946 1055 985 1091 et
1015 1047 1173 1102 σπάρτη
1202 1048 1360 1089 dicitur.
1407 1047 1468 1087 Ac
1499 1045 1535 1085 si
1563 1045 1652 1084 sru-

177 1117 269 1157 ticis
299 1126 449 1156 nomen
480 1116 690 1166 posterius
722 1119 785 1155 est
817 1127 943 1167 opere
973 1117 1065 1156 hinc
1096 1115 1301 1167 consecto,
1333 1116 1445 1154 certe
1471 1103 1578 1150 οὖσα
1601 1105 1653 1148 τὰ

175 1177 257 1222 ἀπὸ
297 1182 371 1234 τῆς
410 1178 555 1228 οἰσύοις
591 1181 749 1234 σχοινία
791 1182 883 1222 Sch.
918 1183 1014 1232 Lyc.
1045 1180 1109 1222 20.
1150 1180 1200 1221 ab
1237 1175 1351 1226 οἷσος
1392 1176 1653 1218 denominata

174 1247 362 1288 videntur
398 1248 505 1288 sicut
536 1248 615 1288 alia
654 1259 759 1300 quae
800 1259 849 1288 ex
887 1247 1105 1288 arboribus
1144 1245 1322 1286 confiunt
1361 1241 1474 1285 ἐλαία
1503 1240 1651 1292 ἔλαιον,

180 1313 272 1355 0103
304 1313 458 1366 01011111,
500 1325 578 1365 quo
610 1324 761 1365 genere
789 1314 959 1354 Romani
990 1313 1181 1352 arborum
1213 1313 1369 1352 fructus
1401 1310 1653 1360 distinguunt

176 1380 355 1430 malum,
383 1380 527 1430 pirum
555 1391 591 1419 v.
624 1384 661 1427 §.
692 1379 728 1420 5.
761 1384 800 1420 01
830 1379 939 1430 ligna
969 1379 1144 1430 buxum,
1189 1381 1352 1420 citrum.
1408 1377 1445 1417 A
1473 1373 1653 1416 nomini-

175 1446 254 1487 bus
285 1445 439 1497 primae
471 1449 510 1485 et
539 1444 746 1486 secundae
782 1444 1068 1485 declinationis
1101 1445 1286 1485 oriuntur
1316 1442 1514 1483 tritoclita
1547 1436 1652 1493 ἠλα-

176 1507 331 1564 κατήν,
370 1507 527 1563 κωλήν,
579 1522 603 1550 3
642 1511 849 1551 tritoclitis
885 1511 966 1551 alia
1004 1511 1070 1552 vel
1109 1509 1292 1562 ejusdem
1332 1508 1487 1549 ordinis
1521 1505 1653 1559 τελμίς

180 1573 203 1618 ὁ
238 1575 282 1617 ἐκ
309 1573 502 1628 τέλματος
530 1573 657 1629 πηλός
685 1577 772 1617 ΕΜ.
801 1577 868 1617 Vel
898 1576 1066 1617 diversi:
1116 1588 1139 1617 a
1175 1573 1293 1616 δέλτα
1320 1572 1476 1624 δέλτος,
1519 1585 1544 1614 3
1577 1568 1653 1613 πέ-

178 1645 297 1690 λεκυς
325 1638 538 1691 πέλεκκον,
584 1642 634 1682 ab
666 1641 739 1682 ‘his
778 1654 882 1694 quae
918 1643 960 1682 in
996 1645 1024 1682 ῦ
1055 1641 1246 1683 excidunt
1282 1639 1428 1694 μήκων
1459 1638 1652 1695 Μηκώνη

177 1708 264 1750 ΕΜ.
302 1708 420 1747 Zena
460 1711 524 1747 esc
563 1706 682 1747 Jocis
728 1709 821 1748 avis
860 1719 988 1760 qzeam
1028 1709 1179 1749 Graeci
1215 1711 1372 1749 *vocant
1410 1708 1653 1760 astraqalz'-

179 1786 299 1825 mem,
342 1784 421 1813 nos
460 1785 560 1814 vero
602 1774 844 1814 carduelcm
875 1774 1062 1825 Cyranid.
1093 1786 1131 1826 p.
1165 1773 1285 1815 1220·
1315 1785 1339 1814 a
1367 1774 1547 1826 genitivo
1577 1774 1653 1814 τοῦ

177 1835 392 1892 ποιμένος,
430 1843 474 1878 111
510 1839 579 1879 1110
618 1839 760 1892 tradit,
799 1839 951 1892 ποίμνη
982 1851 1055 1891 per
1097 1840 1377 1880 concisionem
1414 1844 1457 1880 ut
1493 1836 1653 1892 λιμένος

178 1907 310 1959 λίμνη.
368 1906 404 1945 Α
433 1905 517 1955 πῦρ
546 1903 675 1958 πυρά,
704 1903 819 1957 ὕδωρ
849 1902 976 1957 ὕδρος
1006 1909 1046 1946 et
1074 1902 1195 1956 ὕδρα,
1226 1902 1369 1958 (ἐθήρα
1397 1906 1485 1947 Sive
1512 1901 1652 1959 ἀθάρη

182 1971 312 2025 (quod
350 1971 533 2011 nonnulli
572 1972 856 2022 aegyptiacum
895 1974 1039 2023 putant
1075 1983 1112 2011 v.
1145 1972 1345 2024 Sprengel
1383 1971 1434 2011 ad
1463 1972 1652 2015 Dioscor.

179 2052 218 2092 p.
248 2037 359 2090 456.)
401 2032 482 2076 ἀπὸ
511 2037 587 2076 τοῦ
618 2031 749 2090 ἀθέρα
787 2038 874 2078 sive
914 2033 1054 2090 ἀθῆρα
1089 2037 1242 2078 Anecd.
1280 2036 1404 2077 Bekk.
1441 2036 1532 2078 351.
1572 2037 1653 2078 hoc

181 2109 246 2146 est
275 2103 325 2144 ab
359 2103 621 2155 accusativo,
652 2103 757 2143 unde
787 2108 951 2144 veteres
981 2100 1157 2155 γάστρα,
1187 2100 1339 2155 μήτρα,
1371 2099 1517 2155 πάτρα,
1548 2101 1653 2157 φρή-

179 2186 273 2223 τρη,
313 2169 440 2221 αἴθρη
471 2173 659 2220 repetere
689 2168 825 2209 solent
854 2170 939 2210 EM.
969 2169 1062 2223 584,
1092 2168 1155 2210 52.
1185 2169 1370 2209 Eustath.
1391 2169 1484 2222 665,
1509 2168 1547 2210 8.
1578 2170 1652 2211 sed

179 2240 431 2290 postremum
461 2245 542 2273 una
570 2245 659 2274 cum
689 2235 916 2275 masculino
947 2230 1094 2287 αἷθρος
1124 2235 1304 2275 sortasse
1329 2247 1352 2275 a
1370 2235 1496 2275 verbo
1521 2240 1652 2277 ortum

179 2306 244 2344 est
281 2300 388 2343 unde
426 2296 527 2353 ἀήρ,
566 2296 694 2353 αἰθήρ
732 2304 772 2341 01
810 2296 930 2351 αὔρα.
1005 2300 1148 2352 Neque
1187 2300 1459 2353 improbabile
1492 2301 1652 2343 videtur

268 2468 305 2511 5]
344 2468 379 2501 Si
407 2465 550 2510 Κυβήβη
576 2475 643 2500 11011
668 2466 779 2500 solum
804 2465 892 2500 deae
917 2474 1043 2501 nomen
1077 2464 1139 2499 suit
1163 2464 1226 2499 sed
1251 2465 1426 2500 ministrae
1452 2475 1591 2510 quoque
1618 2470 1653 2502 ut

180 2523 323 2565 zvstfflxca
344 2527 514 2565 γυναῖκες
536 2522 662 2557 Athen.
688 2522 765 2558 636.
783 2522 824 2555 A.
853 2525 887 2557 et
904 2520 1054 2565 βάκχος,
1079 2519 1246 2564 κορύβας,
1272 2521 1498 2554 masculinum
1521 2521 1562 2556 ab
1584 2522 1651 2557 hoc

180 2577 257 2611 loco
289 2578 438 2612 alienum
463 2581 526 2612 est.

267 2643 304 2685 6)
330 2643 403 2676 Hoc
427 2648 574 2679 sumtum
600 2649 652 2681 est
678 2644 718 2680 ab
745 2642 942 2679 auctoribus
967 2644 1115 2687 graecis,
1141 2651 1229 2686 quos
1252 2641 1306 2677 Du
1323 2641 1652 2687 (33111111150101111011

181 2708 206 2732 S
232 2698 517 2741 Ἀστριιγαλῖνος.
