1747 3005
287 141 356 182 DE
387 139 514 182 NOM.
546 138 682 180 PRIM.
713 138 916 181 DECLIN.
946 140 1000 182 IN
1032 131 1082 190 α-ς·
1108 142 1297 185 PURUM.
1329 147 1367 192 ᾗ.
1393 143 1429 186 G.
1515 147 1599 191 501

119 262 207 295 can.
235 251 299 292 VI.
330 249 423 291 376.
455 253 589 289 tamen
617 259 737 289 nemo
768 250 1025 291 asseverabit
1053 251 1158 293 haec
1189 264 1240 294 ex
1270 252 1350 294 illis
1383 260 1597 299 contracta

115 328 225 359 esse.
280 317 334 356 At
364 326 462 356 vero
494 311 628 366 Κύρις
657 319 696 355 et
727 315 1016 367 appellativum
1056 313 1174 369 κύρις
1211 319 1299 360 sive
1337 318 1466 374 κύρης
1504 335 1594 364 ma-

113 384 301 425 nifestam
340 392 438 434 prae
469 392 514 421 se
555 381 688 421 serunt
727 381 879 433 plebeJi
921 383 1124 423 sermonis
1164 387 1462 441 corruptelam,
1511 401 1592 442 qua

113 453 154 490 et
183 448 352 501 propria
383 447 612 487 adulterata
641 450 749 500 sunt,
772 442 969 498 Ἑλλάδις,
1000 446 1212 500 Διονύσις,
1244 452 1479 506 Kamani),
1515 458 1590 496 Φι-

107 511 281 568 λημάτιυ
309 514 351 553 in
381 512 614 563 epigraphis
646 513 889 553 recentioris
919 516 1152 567 memoriae,
1184 520 1224 556 et
1254 520 1483 560 communia
1510 532 1588 572 ge-

107 580 220 622 neris
250 579 434 619 neutrius
462 572 638 629 ἀσσάριν
658 582 697 618 et
716 574 925 631 ἡμιοβέλιν
942 580 983 619 111
1003 582 1174 622 nummis
1200 594 1236 623 v.
1255 582 1422 625 Eckhel.
1443 585 1582 627 Doctr.

109 646 151 688 T.
182 645 211 687 Ι.
240 656 278 697 p.
310 643 445 684 XCVI.
477 647 516 683 et
549 643 590 683 Τ.
620 643 666 683 ΙΙ.
697 644 788 685 234.
816 646 959 686 κοκκίν
986 646 1284 699 Hieracosoph.
1315 659 1353 700 p.
1385 649 1473 691 122.
1495 653 1583 692 πλε·

103 710 203 765 &civ
231 709 364 751 Malal.
407 708 490 749 XII.
525 707 616 749 124.
644 709 687 749 B.
716 707 914 762 γογγύλη]
944 714 983 751 et
1022 711 1203 765 πικρίδιν
1243 712 1398 766 Geopp.
1428 715 1511 758 XII.
1544 719 1580 762 1,

103 778 141 820 9.
170 777 330 828 aliaque
360 774 670 814 innumerabilia
691 786 795 827 quae
825 777 888 817 Du
919 777 1096 828 Gangius
1128 790 1178 819 ex
1207 781 1446 823 auctoribus
1478 795 1579 826 suae

103 843 292 885 dictionis
324 840 480 893 profert
509 836 650 891 μάτιυ,
681 839 895 894 περβόλιν,
927 839 1105 895 σιτάριν,
1134 841 1304 896 ῥυάκιν,
1336 846 1577 905 σφουτύλιν,

99 906 278 963 στηθάρι
307 911 383 948 etc.
415 906 549 946 onmia
580 910 696 946 acuta
727 920 775 948 ea
804 909 963 960 syllaba
994 920 1097 960 quae
1127 911 1287 951 acuitur
1317 913 1356 953 in
1383 925 1487 955 voce
1510 915 1578 956 in-

101 977 322 1026 corrupta,
353 971 462 1024 quod
502 972 774 1013 certissimum
819 978 883 1014 est
922 975 1215 1017 imminutionis
1254 978 1425 1029 signum.
1483 981 1576 1022 Non

96 1045 210 1082 recte
238 1040 361 1091 igitur
389 1037 631 1078 Welckerus
661 1039 701 1078 in
733 1038 886 1089 Syllog.
918 1050 955 1090 p.
988 1039 1049 1081 18.
1082 1052 1201 1092 quum
1233 1040 1443 1094 Διονύσις,
1474 1060 1573 1098 μαρ-

94 1105 235 1158 τύριν,
274 1105 420 1156 hisque
458 1105 622 1156 paria20
659 1105 973 1157 proposuisset,
1013 1105 1123 1146 addit
1162 1108 1342 1149 sinic'lcm
1380 1109 1445 1150 laets
1478 1123 1572 1153 esse

92 1173 280 1225 sormam
310 1171 499 1210 (loricam
531 1167 655 1217 Νῐκις
684 1181 758 1221 pro
793 1170 952 1217 Νικίας.
1013 1171 1086 1212 Cui
1107 1172 1380 1224 adstipulatus
1408 1176 1571 1217 Schoe-

89 1249 262 1280 mannus
294 1236 345 1276 ad
374 1236 533 1275 Isaeum
564 1247 601 1286 p.
632 1235 723 1275 274.
754 1247 903 1276 nomon
933 1237 1089 1289 Κτῆσις
1118 1238 1197 1278 sibi
1228 1240 1447 1291 &amarem
1468 1242 1569 1293 for—

89 1314 203 1344 mam
230 1300 358 1342 videri
394 1300 536 1341 scribit
581 1304 623 1340 ut
654 1300 782 1347 Νῐκις
811 1312 886 1351 pro
919 1302 1081 1351 Νικίας,
1113 1304 1252 1350 Σῶσις
1282 1316 1357 1356 pro
1390 1308 1566 1355 Σωσίας.

88 1369 263 1411 Ρ1111111111
294 1366 433 1408 dubito
472 1377 566 1406 num
598 1365 871 1406 demonstrari
912 1368 1048 1419 possit
1078 1368 1179 1408 haec
1204 1371 1370 1410 nomina
1399 1374 1567 1424 proprie

89 1435 231 1476 dorica
253 1444 359 1474 esse.
417 1432 519 1473 Nam
539 1435 582 1472 ut
599 1432 873 1473 concedamus
894 1433 1125 1475 Burmanno
1150 1434 1463 1487 Xenophontem
1482 1449 1565 1479 non

86 1500 256 1547 Σωσίας
286 1495 578 1552 Συρακούσιος
604 1498 828 1550 scripsisse
858 1498 932 1539 sed
962 1500 1121 1550 Σῶσις,
1167 1500 1374 1553 quomodo
1414 1503 1494 1544 iste
1523 1505 1564 1545 in

84 1568 257 1608 nummis
295 1569 336 1606 et
375 1577 398 1605 a
435 1565 653 1605 Plutarcho
684 1565 881 1616 Livioque
921 1566 1172 1619 appellatur,
1215 1570 1349 1606 tamen
1387 1578 1437 1608 ex
1481 1569 1561 1611 hoc

84 1637 125 1674 et
155 1631 355 1674 similibus
385 1631 645 1670 Doriensium
675 1631 908 1671 nominibus
932 1623 1051 1684 ῗΑγις,
1082 1631 1228 1684 Δᾶμις,
1263 1629 1426 1683 Πόλλις,
1447 1631 1560 1687 Λάμ-

83 1712 152 1747 πις
191 1698 312 1739 Paus,
344 1697 387 1737 V.
416 1695 454 1749 8,
485 1695 522 1736 3.
566 1697 710 1743 Πίονις
748 1696 811 1737 ΙΧ.
845 1696 916 1750 18,
954 1696 992 1737 4.
1025 1696 1169 1744 Χίονις
1199 1697 1260 1738 VI.
1293 1697 1364 1751 13,
1399 1698 1434 1740 1.
1475 1711 1560 1741 non

80 1765 265 1818 sequitur
294 1763 399 1803 hanc
430 1762 753 1802 terminationem
784 1763 852 1801 uni
889 1763 999 1813 genti
1039 1763 1246 1816 propriam
1285 1767 1354 1804 aut
1392 1767 1559 1816 praeci-

80 1842 201 1885 puam
240 1840 360 1882 quam
402 1827 679 1879 compluribus
721 1838 973 1870 communem
1012 1829 1161 1881 fuisse,
1209 1827 1249 1869 id
1288 1829 1398 1881 quod
1436 1841 1556 1872 com-

80 1897 259 1950 probant
293 1894 604 1935 Atheniensium
650 1893 815 1933 nomina
855 1895 1038 1935 similiter
1076 1894 1260 1946 figurata.
1327 1895 1474 1937 Verum
1512 1897 1555 1938 in

77 1964 158 2005 hoc
187 1962 286 2002 viris
317 1960 450 2000 doctis
482 1970 565 1999 11011
596 1962 812 2010 tantopere
843 1960 1053 2014 adversor,
1087 1965 1339 2013 quantopere
1369 1973 1553 2014 repugno

79 2028 130 2070 de
162 2028 330 2079 origine,
361 2036 480 2077 quam
510 2025 567 2064 illi
599 2025 786 2066 omnibus
807 2028 1020 2077 assignant
1042 2027 1222 2080 eandem,
1243 2027 1427 2080 quamvis
1445 2028 1553 2068 mul-

78 2094 240 2146 tiplices
270 2095 436 2145 pateant
467 2090 517 2132 ad
547 2090 808 2133 derivandum
838 2092 940 2134 viae.
997 2092 1125 2134 Unam
1147 2097 1440 2135 commonstrat
1460 2094 1548 2135 EM.

161 2303 223 2346 26)
256 2301 408 2335 Paucula
441 2301 570 2344 adjecit
606 2300 794 2336 Franckius
826 2302 868 2337 ad
895 2304 1002 2338 Inscr.
1028 2304 1179 2339 Richter.
1203 2314 1237 2348 p.
1266 2304 1341 2340 195.
1367 2305 1452 2339 nihil
1480 2304 1548 2339 ad-

75 2357 214 2393 modum
255 2356 420 2391 Franzius
462 2359 495 2390 in
536 2357 648 2392 Elem.
690 2358 809 2401 Epigr.
852 2360 929 2396 248.
959 2364 994 2395 et
1029 2359 1162 2394 lieilius
1197 2360 1353 2395 Onomat.
1389 2361 1445 2396 80.
1489 2360 1548 2404 qui

74 2414 189 2448 omnia
214 2413 273 2446 illa
301 2404 469 2447 iterarunt*
495 2414 593 2456 quasi
619 2413 749 2448 indicta
773 2415 973 2458 ignotaque.
1023 2414 1140 2459 Σάριν
1157 2414 1254 2452 εἶδος
1271 2416 1400 2460 ὄρνεον
1419 2414 1549 2459 ὅμοιον

72 2467 184 2512 ’ψάρῳ
212 2468 362 2510 llesycll.
391 2469 476 2502 nihil
501 2469 593 2503 aliud
620 2469 754 2504 videtur
786 2480 887 2514 quam
924 2472 1052 2515 σιιρίον
1086 2471 1143 2505 vel
1169 2472 1315 2515 ψαρίον.
1365 2471 1402 2505 In
1427 2469 1545 2505 Schol.

72 2524 112 2559 Il.
138 2523 222 2558 XXI.
249 2524 326 2559 351.
354 2523 471 2568 θρύον
502 2524 575 2557 πόα
602 2523 618 2558 ὁ
645 2524 842 2570 λεγόμενος
866 2525 1013 2569 θρύσος,
1051 2529 1109 2560 aut
1133 2524 1284 2572 θρύσιος
1309 2534 1352 2561 ex
1380 2524 1454 2560 EM.
1483 2534 1546 2560 re-

72 2580 167 2614 stitui
203 2579 309 2614 debet
343 2582 401 2614 aut
430 2578 559 2623 θρύσις
594 2590 637 2616 ex
671 2581 729 2615 illo
766 2584 988 2615 contractum.
1040 2580 1154 2625 Ὂλειρ
1187 2580 1279 2617 maog
1313 2580 1384 2625 μῦς
1408 2581 1490 2616 Hes.
1516 2581 1546 2615 si

73 2644 194 2669 sanum
220 2637 283 2677 est,
310 2645 370 2679 pro
399 2634 470 2671 ὀλίς
493 2635 528 2669 id
555 2639 609 2670 est
632 2636 728 2674 ὀλιός
746 2638 928 2681 accipiam,
949 2636 1040 2681 quod
1061 2635 1188 2673 eodem
1207 2636 1310 2671 modo
1333 2638 1545 2680 interpreta-

73 2690 301 2724 tur‘sciurum
327 2691 381 2726 vel
408 2691 542 2734 glirem.
