1747 3005
125 146 192 187 DE
212 145 337 187 NOM.
364 145 581 195 QUORUM
602 146 751 188 CHAR.
772 147 872 188 EST
895 146 1181 188 GUTTURAL.
1215 149 1256 189 C.
1283 150 1343 190 IV.
1370 155 1407 198 §.
1432 152 1465 192 l.
1511 150 1589 192 3⁷11

124 255 407 296 hereditarium
438 261 501 296 est
533 256 637 296 sicut
666 256 875 308 adjectivis
905 253 1087 308 θηλυκός
1116 261 1154 297 01
1180 256 1396 308 πλατυκός,
1426 261 1498 300 sed
1520 272 1592 312 pro

123 322 202 361 hoc
242 321 362 361 etiam
397 318 588 368 πλατικός
631 323 832 374 reperitur
869 322 1061 374 Hippocr.
1111 322 1160 362 de
1200 323 1318 364 Cord.
1351 325 1392 365 T.
1432 326 1458 365 l.
1498 325 1588 366 488.

123 386 260 427 Schol.
294 387 416 427 Thuc.
447 387 509 426 Ill.
541 387 603 428 54.
636 391 675 427 et
706 387 811 439 apud
841 388 1008 427 Latinos
1037 388 1233 438 plancus.
1289 389 1405 437 Quod
1436 390 1473 429 in
1504 391 1586 431 EM.

125 451 214 505 160,
245 451 308 492 47.
350 453 546 503 seriptum
586 452 754 503 legimus
793 448 1006 504 ἀσύφηλος
1034 450 1077 492 ἐκ
1110 453 1185 493 τοῦ
1215 449 1414 506 &armatos
1443 451 1498 501 ὡς
1527 455 1589 495 ὀί-

121 529 227 568 φρος
267 513 429 568 ὸύφρος
467 513 493 567 ἢ
532 513 735 568 μούυυχος
763 515 977 569 μούνιχος,
1016 529 1161 558 nomen
1193 520 1400 570 proprium
1431 519 1589 560 videtur

121 592 202 621 non
233 582 505 632 compositum
538 585 578 620 ut
610 582 834 632 Munychus
873 583 946 624 sed
976 584 1149 635 simplex
1181 587 1223 623 ut
1252 581 1440 637 Μόριχος
1468 586 1586 625 Α11111.

117 645 229 686 Plan.
262 645 350 687 190.
382 658 455 698 pro
488 646 689 698 Μοίριχος
719 649 856 699 potius
887 649 930 700 (a
957 647 1101 701 μόρος)
1132 660 1251 700 quam
1280 660 1353 700 pro
1375 646 1586 701 Μόρυχος.

119 711 309 763 Συμβίκη
348 723 422 763 pro
462 709 650 765 σαμβύκη
688 713 783 754 Hes.
822 714 986 754 librario
1017 714 1293 766 imputandum
1324 717 1366 754 ut
1400 711 1587 766 Θόρυκος

120 777 243 817 Thuc.
275 777 373 817 VIII.
406 777 469 817 95.
502 789 575 828 pro
612 775 797 830 Θορικός.
844 779 929 819 „lam
959 784 1002 819 ut
1032 780 1082 819 ad
1112 791 1336 819 consonam
1369 784 1586 832 transeam,

118 853 222 894 quae
261 842 444 882 vocalem
481 844 654 894 excipit,
698 844 866 895 primum
907 845 1226 885 animadvertere
1256 845 1354 885 libet
1383 845 1491 885 illam
1521 846 1584 886 vel

117 908 443 959 interpositionis
474 908 537 947 vel
568 910 808 948 exemtionis
839 910 1018 960 speciem
1049 911 1088 949 in
1118 905 1226 957 ὀλίος
1251 905 1406 961 ὀλίγος,
1447 906 1585 965 ὠρύο-

115 987 188 1026 ,aaa
217 968 369 1025 ὠρυγή,
401 970 507 1024 ἒρύω
537 970 683 1024 ἐρύκω,
716 975 863 1025 quibus
895 976 1071 1015 conferri
1101 980 1277 1027 possunt
1307 975 1444 1023 σιάλος
1465 985 1584 1028 σιγα-

116 1035 231 1087 adas,
261 1036 375 1089 τμτέω
408 1035 570 1090 (τέμνω)
602 1037 762 1091 τμήγω,
802 1037 878 1079 ἰών
908 1037 996 1091 ἐγώ.
1063 1041 1330 1092 Frequentius
1371 1045 1503 1081 autem
1543 1042 1582 1081 iit

117 1108 159 1143 ut,
179 1115 389 1143 consonae
410 1105 513 1143 inter
533 1116 577 1144 se
599 1110 777 1156 pugnent
799 1110 920 1156 atque
951 1104 1220 1155 contendant3
1253 1100 1479 1157 ἀττάραγος
1508 1101 1582 1145 ἆτ-

113 1165 288 1221 τοὲρακος
317 1174 355 1209 01
384 1165 618 1221 ἆτπὲραχος,
661 1170 733 1210 sed
763 1172 982 1221 praecipue
1014 1170 1144 1210 tenuis
1177 1173 1216 1208 et
1247 1170 1438 1221 aspirata.
1498 1169 1582 1211 Ga-

114 1234 230 1274 lenus
272 1234 319 1274 de
359 1234 509 1274 Facult.
547 1235 663 1274 Alim.
703 1235 729 1274 Ι.
766 1234 830 1275 27.
873 1247 910 1286 p.
940 1234 1031 1275 541.
1066 1238 1104 1274 et
1134 1234 1225 1275 551.
1270 1234 1390 1275 docet
1428 1233 1582 1287 ἄρακος

113 1299 218 1350 apud
256 1300 571 1350 Aristophanem
610 1299 838 1349 significare
877 1300 1048 1339 fructum
1087 1299 1308 1352 cerealem,
1346 1311 1453 1340 nunc
1482 1312 1581 1341 vero

113 1361 266 1417 ἄραχον
303 1364 492 1404 silvestre
531 1363 718 1415 quiddam
762 1365 974 1404 nominari.
1045 1360 1297 1418 Σανδαράκη
1336 1377 1419 1406 11011
1450 1366 1581 1406 solum

112 1429 345 1470 Herodotus
376 1430 542 1481 scripsit
572 1430 645 1470 sed
677 1430 986 1481 Theophrastus
1017 1441 1193 1482 quoque,
1223 1428 1457 1484 σανδαράχη
1483 1443 1581 1473 vero

113 1495 306 1547 Alciphro
338 1495 363 1536 Ι.
393 1496 457 1536 33.
495 1492 713 1547 Πύσσαχος
752 1496 840 1536 sine
878 1495 999 1535 dubio
1039 1495 1143 1535 idem
1174 1496 1374 1546 significat
1405 1501 1444 1537 et
1473 1494 1581 1537 πάσ-

114 1570 259 1609 σακος,
309 1560 416 1611 quod
454 1560 683 1611 Hesychius
721 1557 928 1607 πάσσαλος
965 1562 1267 1612 interpretatur.
1335 1561 1581 1603 Ornamenta

114 1624 309 1676 quaedam
339 1625 550 1665 muliebria
578 1623 754 1677 μαλάχια
790 1632 987 1665 vocantur
1026 1630 1065 1665 et
1093 1636 1382 1677 nonnunquam
1410 1624 1584 1679 μαλάκια

115 1703 149 1730 v.
182 1690 374 1729 Fritzsch.
408 1691 457 1730 ad
487 1690 731 1742 Thesmoph.
763 1702 799 1742 p.
829 1690 920 1731 (311.
959 1690 1159 1741 Adjeetivi
1190 1691 1265 1730 hac
1296 1691 1486 1731 antithesi
1517 1693 1582 1732 af—

116 1756 209 1795 fecti
249 1755 473 1806 exemplum
512 1766 673 1806 quaqua
712 1754 787 1795 side
827 1755 940 1795 offert
980 1755 1105 1796 Orion
1135 1767 1172 1807 p.
1202 1757 1240 1808 5,
1271 1757 1307 1796 7.
1348 1752 1510 1808 ἀτρεκές
1542 1756 1582 1797 οἱ

113 1823 285 1872 Δωριεῖς
313 1816 472 1872 ἀτρεχές
500 1818 683 1872 λέγουσι,
724 1820 833 1871 quod
863 1831 952 1860 cum
981 1817 1125 1871 τρέπω,
1156 1816 1317 1873 στρέφω
1347 1821 1582 1872 aliquantu-

113 1886 191 1926 lum
222 1886 493 1926 similitudinis
525 1886 657 1927 habet.
717 1886 877 1926 Certum
916 1898 1013 1926 vero
1052 1890 1115 1926 est
1152 1886 1352 1926 Eustathii
1391 1887 1581 1926 testiino-

112 1952 220 1992 nium
251 1951 341 2003 941,
375 1951 438 1992 23.
468 1948 597 2003 ἐρείκη
625 1952 976 2004 παραφθείροντες
1005 1950 1045 1991 οἱ
1072 1950 1233 2003 χυδαῖοι
1259 1947 1449 2003 λέγουσιν
1476 1949 1578 2003 ἐρεί-

112 2031 198 2069 χην.
256 2015 369 2064 Quae
399 2017 567 2057 mutatio
599 2018 841 2068 saepissime
872 2017 981 2057 subit
1011 2015 1278 2056 antecedente
1306 2017 1402 2057 iota.
1449 2016 1580 2057 Grae-

113 2093 202 2122 cum
246 2080 416 2133 μαστίχη
460 2082 628 2122 Romani
673 2082 794 2123 modo
842 2082 985 2123 iisdem
1024 2081 1153 2121 literis
1205 2081 1410 2133 scribunt,
1456 2081 1578 2122 modo

113 2147 295 2187 detracta
326 2147 578 2198 aspiratione
608 2149 784 2187 masticc
814 2151 852 2187 et
883 2148 1113 2187 masticare
1136 2157 1209 2198 pro
1232 2146 1440 2201 μαστιχᾷυ.
1488 2146 1579 2186 No-

114 2223 205 2253 men
233 2212 363 2264 pelvis
395 2223 418 2251 a
447 2223 596 2264 graeco
615 2209 736 2264 πέλλη
754 2212 976 2252 derivatum
998 2211 1138 2252 Graeci
1163 2211 1376 2263 dupliciter
1396 2211 1580 2252 scribunt

113 2278 250 2330 πελίκη
280 2282 319 2318 01
347 2277 482 2330 πελίχη
511 2277 612 2318 ΡΟΙΙ.
642 2278 687 2318 X.
718 2278 781 2318 77.
814 2277 934 2318 Plura
964 2277 1157 2329 proponit
1185 2277 1269 2316 EM.
1291 2276 1382 2329 582,
1401 2276 1465 2318 38.
1497 2271 1579 2316 ἀπὸ

114 2344 189 2383 τοῦ
218 2340 335 2395 μέλος
363 2340 522 2395 μελικός
550 2341 617 2383 καὶ
646 2343 777 2395 τροπῇ
807 2340 877 2382 καὶ
905 2338 1170 2396 ἀναβιβασμῷ
1196 2341 1368 2393 μείλιχος
1385 2337 1440 2388 ὡς
1458 2337 1578 2393 ὀλυμ-

114 2405 232 2455 πικός
256 2404 500 2461 Ὀλύμπιχος
527 2407 596 2449 καὶ
623 2406 821 2461 πατρικάς
856 2405 1066 2459 Πάτριχος.
1112 2407 1276 2457 Legitur
1304 2417 1404 2447 sane
1426 2407 1580 2458 aliquo-

116 2475 193 2514 ties
234 2473 339 2525 apud
379 2475 528 2514 latinos
566 2476 792 2526 scriptores
833 2474 1041 2524 proprium
1080 2473 1238 2512 Milicus
1281 2482 1353 2523 pro
1393 2471 1581 2512 Milichus

118 2538 191 2580 sed
230 2550 301 2591 per
341 2540 533 2579 incuriam
575 2552 610 2580 v.
640 2540 806 2591 Interpr.
838 2538 887 2578 ad
918 2538 987 2579 Sil.
1018 2538 1103 2578 Ital.
1134 2538 1195 2577 ΙΙΙ.
1229 2536 1317 2577 104.
1347 2536 1466 2587 idque
1496 2547 1579 2577 non

120 2608 159 2644 ut
198 2604 265 2643 ille
305 2605 492 2656 opinatur
529 2604 599 2645 sed
638 2617 662 2644 a
696 2605 883 2656 μειλίσσω
915 2603 1137 2644 derivatum
1168 2612 1262 2641 esse
1292 2601 1578 2652 potentissima

119 2669 166 2709 ad
188 2669 510 2721 persuadendum
532 2671 634 2710 ratio
657 2671 758 2710 haec
788 2674 851 2710 est
872 2668 980 2721 quod
998 2670 1039 2709 in
1059 2667 1260 2708 uberrimo
1283 2665 1576 2718 adjectivorum
