1731 3021
134 139 224 182 3:3⁶2
614 135 1047 179 DISSERTATIO
1081 137 1159 178 VII.

138 246 406 293 Μακεδονίας
434 246 574 298 Steph.
603 247 767 298 longum
796 257 939 286 rursus
969 246 1009 285 in
1040 245 1299 297 appellativis
1330 248 1495 298 praeter
1516 255 1613 284 ver-

137 314 230 356 bale
258 308 498 366 μορμολύκη
527 324 549 352 a
577 309 861 364 μορμολύσσω,
895 316 934 352 61
963 307 1093 364 ἀλυκή
1124 322 1287 362 quoque
1319 312 1354 352 Si
1377 310 1521 351 Graeci
1545 309 1610 350 di—

138 383 284 420 xerunt
304 390 376 430 pro
398 374 632 430 ἀλύχή,11011
653 378 792 418 dubito
809 379 905 429 quin
927 376 1070 417 eodem
1096 374 1216 415 modo
1238 375 1612 427 pronunciaverint,

139 446 216 485 etsi
256 445 470 496 abactam,
511 443 620 495 quod
661 444 843 483 Cloatius
883 442 989 494 apud
1022 441 1190 482 Gellium
1229 445 1341 481 recte
1382 452 1431 481 ex
1461 451 1612 492 graeco

138 506 252 550 ἀλύω
284 506 481 562 (ἀλύσσω,
512 504 805 561 ἀλαλύκτημαι)
840 510 988 548 sactum
1019 506 1127 559 dicit⁷
1161 505 1381 546 secundam
1413 505 1612 557 producit.

137 576 310 628 Propria
334 570 566 627 Ἀρχίλυκος
600 575 716 615 Diod.
748 576 774 615 Ι.
806 575 868 614 07.
908 569 1168 621 Αὐτόλυκος,
1209 571 1416 623 Ληίλυκος
1446 575 1485 610 61
1515 573 1614 622 Ληι-

137 638 268 693 λύκη,
291 636 560 692 Ἑρμόλυκος,
601 637 814 686 Ἐπίλυκος
849 645 924 680 616.
956 638 1188 689 composita
1218 648 1313 676 esse
1342 637 1399 676 ita
1429 634 1612 675 concedo

139 712 181 747 ut
220 711 354 747 tamen
393 707 567 757 aliquam
608 706 657 746 de
696 705 867 756 singulis
899 705 1191 745 dubitationem
1223 703 1469 754 relinquam3
1517 700 1615 740 illud

139 776 262 823 certe,
293 770 401 822 quod
432 771 666 811 Herodotus
698 771 836 821 posuit
866 770 927 810 IV.
961 770 1048 810 140.
1085 766 1290 809 Οἰόλυκον
1328 769 1385 807 ita
1425 770 1633 818 vocatum*

138 836 248 888 quod
279 841 396 887 pater
417 847 506 875 eum
537 835 708 875 dixisset
734 831 799 874 ὄϊν
828 831 872 873 ἐν
900 831 1059 874 λύκοισι
1088 830 1503 886 καταλειφθήσεσθαι,
1544 842 1615 870 ar-

138 902 317 953 gumenti
347 902 426 941 vim
456 912 539 941 non
569 901 713 949 habet,
746 910 822 938 1166
852 900 1043 939 convenit
1072 900 1294 940 Amazonis
1325 898 1477 939 nomini
1512 896 1615 937 Οἰο-

136 965 240 1020 λύκη
280 966 416 1008 Schol.
444 967 579 1018 Apoll.
610 967 655 1007 II.
687 965 777 1006 778.
824 964 909 1005 Nec
941 964 990 1005 de
1013 961 1269 1017 Ἁρπάλυκος
1307 969 1346 1004 et
1374 959 1612 1014 Ἁρπαλύκη

137 1035 385 1074 constituam
416 1037 547 1072 utrum
579 1030 771 1082 syntlieta
802 1031 883 1070 sint
912 1041 964 1070 an
987 1030 1168 1071 derivata
1192 1026 1473 1081 311Ἅρπάλυξ,
1505 1027 1615 1079 quod

139 1100 289 1141 Suidae
318 1097 566 1139 reddendum
595 1096 753 1136 videtur
781 1107 854 1147 pro
878 1091 1078 1149 Ἆρπάληξ
1105 1092 1263 1148 κύριον,
1296 1107 1320 1134 a
1349 1094 1475 1134 verbo
1508 1093 1614 1133 unde

126 1162 280 1218 Ἅρπη,
305 1160 548 1215 Ἆρπαλεύς,
580 1157 824 1213 ἁρπαλαγος.
890 1161 1197 1213 Adjectivorum
1226 1171 1418 1201 numerus
1449 1159 1616 1210 perexi-

137 1242 241 1282 guus
282 1235 344 1271 est
380 1241 453 1282 pro
487 1229 677 1281 portione
716 1228 922 1267 nominum
961 1228 1001 1267 in
1028 1220 1078 1274 ὗς
1099 1219 1186 1268 eti]
1223 1226 1483 1275 exeuntium3
1533 1224 1612 1264 duo

138 1297 188 1337 ab
219 1296 433 1348 adjectivis
462 1290 646 1346 θηλυκός
666 1297 704 1333 61
723 1290 940 1342 πλατυκός,
973 1293 1140 1333 totidem
1160 1305 1182 1333 a
1205 1291 1475 1333 substantivis
1496 1285 1616 1329 ἀστυ-

137 1359 210 1408 κός
241 1366 278 1401 61
311 1356 473 1408 ἁλυκός,
507 1358 580 1399 sed
611 1359 690 1398 1100
720 1369 928 1410 paragoge
958 1358 1161 1409 bisyllaba
1192 1361 1366 1397 auctum.
1406 1355 1469 1396 Ad
1495 1356 1615 1407 origi-

137 1439 228 1468 nem
260 1425 538 1475 andronymici
572 1423 812 1475 Θωρυκίων,
845 1423 1034 1474 adjectivi
1065 1423 1254 1464 defectivi
1283 1418 1449 1469 ἐνδυκὲς
1478 1426 1519 1478 et
1548 1421 1616 1462 ad-

138 1493 265 1532 verbii
295 1487 494 1537 ἐνδυκέως
523 1501 670 1530 vereor
704 1501 753 1529 ne
784 1491 849 1530 via
878 1490 1053 1541 obsepta
1091 1490 1171 1540 sit3
1221 1499 1297 1528 1166
1327 1499 1477 1539 sequar
1502 1488 1615 1528 Butt-

138 1568 325 1598 manuum
345 1557 470 1597 Lexil.
491 1556 516 1596 Ι.
539 1556 711 1606 1800111
735 1566 812 1594 nos
835 1554 885 1594 ad
904 1555 1071 1594 verbum
1092 1551 1225 1593 ἐνὸύω
1246 1553 1446 1593 deducere
1464 1552 1613 1594 studet.

139 1622 219 1663 Sed
244 1624 329 1672 jam
361 1633 409 1661 ex
442 1622 569 1660 tribus
603 1620 929 1661 consonantibus
955 1620 1047 1659 huic
1078 1618 1359 1660 dissertationi
1384 1619 1613 1670 propositis

138 1698 217 1727 una
249 1691 377 1727 restat
409 1686 639 1737 gutturalis.

743 1817 775 1857 (ἲ
789 1817 823 1856 Α
838 1817 883 1856 P.
924 1816 996 1856 III.

373 1912 446 1953 De
481 1910 745 1952 non'zine'bnx
782 1911 830 1951 in
868 1924 1024 1966 -χ-
1076 1909 1370 1951 eoeeuntibns.

249 2023 287 2065 §.
321 2018 354 2058 1.
411 2017 545 2057 Prima
575 2015 625 2056 ad
657 2015 996 2056 considerandum
1029 2019 1067 2056 et
1098 2005 1274 2055 tractatu
1305 2014 1495 2054 facillima
1519 2018 1613 2055 sunt

138 2094 241 2135 quae
284 2083 607 2123 terminationem
632 2074 734 2134 W
773 2086 899 2122 totam
938 2092 1171 2133 paragogae
1203 2084 1412 2131 acceptam
1442 2079 1609 2119 liabent:

137 2144 249 2201 παρὰ
277 2144 322 2187 τὸ
351 2145 486 2201 κυφός
514 2144 540 2200 ἡ
570 2145 704 2200 κύμβη
736 2143 790 2194 ὡς
818 2143 1047 2199 περιφερής.
1083 2143 1133 2185 Ὃ
1163 2143 1205 2185 δὲ
1234 2142 1442 2197 κύμβαχος
1472 2141 1515 2183 ἐκ
1539 2158 1613 2184 πα-

138 2214 328 2267 ραγωγῆς
362 2211 439 2265 ἔχει
475 2210 522 2254 τὸ
558 2204 583 2266 χ
620 2209 675 2260 ὥς
711 2209 807 2264 τιμή
845 2213 1020 2264 Τίμαχος
1056 2211 1275 2264 Τιμαχίδας
1304 2210 1488 2250 Eustath.
1519 2209 1612 2262 584,

138 2280 202 2320 21).
246 2280 338 2320 Soli.
378 2280 419 2320 ll.
450 2280 494 2320 V.
533 2278 625 2320 586.
669 2278 777 2329 quod
810 2278 1067 2317 Timachidae
1106 2288 1255 2317 nomen
1285 2276 1479 2326 inclytum
1508 2276 1614 2315 inter

139 2345 446 2385 Grammaticos.
512 2341 569 2384 Τὸ
608 2340 737 2394 στόμα
763 2343 835 2395 τῆς
862 2339 1037 2395 γαστρὸς
1067 2338 1302 2395 ὀνομάζεται
1332 2338 1529 2393 συνήθως
1560 2335 1612 2380 οὐ

136 2413 220 2457 τοῖς
251 2412 416 2457 πολλοῖς
445 2407 576 2463 μόνον
614 2404 713 2448 ἀλλὰ
752 2406 820 2447 καὶ
859 2411 944 2455 τοῖς
982 2407 1134 2461 ἰατροῖς
1164 2404 1364 2459 στόμαχος
1395 2406 1531 2447 Galen.
1563 2405 1613 2446 de

139 2476 258 2516 Caus.
291 2477 445 2527 Sympt.
476 2476 503 2516 Ι.
531 2476 567 2527 7,
601 2474 689 2516 127.
719 2474 760 2514 T.
790 2474 870 2514 VII.
899 2484 1016 2525 quem
1054 2474 1229 2513 nominis
1260 2484 1377 2512 usum
1410 2483 1494 2511 non
1518 2475 1612 2511 ante

138 2542 375 2582 Aristotelis
414 2546 589 2581 aetatem
631 2540 887 2580 increbuisse
926 2538 1023 2579 dicit
1063 2539 1112 2579 de
1150 2539 1273 2579 Locc.
1311 2538 1452 2578 Affect.
1494 2536 1539 2575 V.
1571 2535 1608 2576 5.

140 2618 178 2657 p.
210 2607 300 2647 332.
333 2608 375 2648 T.
406 2607 504 2647 VIII.
534 2606 594 2646 De
623 2605 799 2645 Homero
831 2607 954 2655 negat
985 2604 1121 2644 Schol.
1152 2603 1193 2644 Il.
1223 2603 1340 2643 XVII.
1371 2602 1435 2642 47.
1465 2598 1610 2653 στομά-

138 2685 226 2723 χοιο
255 2669 436 2724 θέμεθλα
466 2667 517 2712 οὐ
554 2667 655 2724 λέγει
691 2666 737 2711 τὸ
767 2666 895 2722 στόμα
928 2669 1000 2722 τῆς
1029 2668 1184 2716 κοιλίας
1204 2663 1306 2708 ἀλλὰ
1334 2663 1408 2708 τὸν
1435 2663 1611 2720 βρόγχον
