1747 3005
834 171 1174 181 0—--—-—*

154 186 221 228 DE
252 185 484 227 VICISSIT.
517 185 797 227 TERMINAT.
831 200 890 236 ας,
916 200 962 236 ις,
986 200 1062 235 aas,
1085 186 1179 236 αζω,
1204 189 1312 235 ιαζω.
1336 191 1374 234 §.
1390 187 1450 228 12.
1488 186 1581 230 469

101 297 182 339 alio
221 295 343 337 modo
383 294 562 335 declinat
603 295 857 346 Stephanus:
913 290 1045 341 Ὑλλίς
1081 292 1150 334 καὶ
1182 290 1342 348 ’Τλληίς
1383 291 1465 336 ἀπὸ
1502 280 1579 337 τοῦ

89 359 238 410 ’Ῥλλος
268 359 355 412 (καὶ
377 356 574 411 ’Τλλεύςῂ
606 356 663 407 ὡς
692 356 773 400 ἀπὸ
803 361 880 400 τοῦ
905 361 1055 407 Φῶκος
1078 357 1262 410 Φωκεύς,
1293 359 1444 409 Αἰόλος
1471 361 1578 402 Αἰο-

97 425 199 478 λεύς,
232 428 337 469 unde
367 425 534 478 Αἰοληίς
564 430 701 466 natum
732 431 808 466 est.
850 427 894 467 In
924 425 1066 467 eodem
1098 425 1329 467 discrimine
1359 432 1576 468 versantur

95 495 261 535 nomina
291 493 432 534 tertiae
463 491 725 532 declinationi
756 493 953 545 subnexa,
984 502 1155 543 quorum
1186 492 1356 544 primum
1387 494 1575 545 exempla

95 571 340 613 proponam,
382 562 462 598 tum
493 557 741 598 solutionem
773 557 947 598 tradam:
1001 552 1170 610 ἀθερηὶς
1200 555 1288 608 ῥίζα
1316 558 1404 599 Nic.
1434 554 1576 612 ἀλσηὶς

98 623 258 678 Νύμφη
288 624 423 676 Apoll.
450 621 669 676 θριδακηὶς
696 623 812 675 χαίτη
841 623 926 664 Nic.
955 622 1156 676 θεραπηὶς
1183 620 1277 675 τιμή
1307 624 1348 663 in
1368 622 1485 665 Orac.
1509 636 1572 676 ap.

93 691 238 731 Julian.
269 688 464 743 μεροπηὶς
492 687 627 743 φύτλη
657 689 776 730 Anth.
807 689 834 730 Ι.
863 688 926 729 25.
960 688 1131 741 Oppiau.
1158 689 1255 740 Cyn.
1279 689 1304 729 1.
1325 688 1388 730 23.
1408 693 1447 730 et
1468 701 1572 742 pro-

93 757 224 808 prium
263 755 479 808 Μεροπηὶς
524 756 678 796 Gallim.
717 752 936 807 σκολοπηὶς
977 757 1101 806 μοῖρα
1139 754 1314 795 Maneth.
1362 753 1573 808 τριποδηὶς

90 820 190 875 ἕδρα
226 821 358 862 Nonn.
401 821 580 873 Φυλληίς
618 821 731 872 regio
772 833 795 861 a
834 821 954 861 fluvio
995 821 1057 861 cui
1096 831 1244 860 nomen
1283 816 1438 868 Φύλλις
1477 821 1569 862 Sch.

92 887 226 940 Apoll.
258 887 304 927 Il.
335 886 426 927 (352.
467 884 662 938 χαλυβι]ὶς
689 883 797 939 ἅκμη
835 887 994 927 Maxim.
1027 885 1118 927 302.
1149 890 1358 937 postremo
1385 880 1570 926 Ἀλαλκο-

89 953 226 1006 μευηίς
254 952 369 992 Hom.
404 957 442 992 et
476 952 678 1004 Πελοπηίς
702 952 854 992 Callim.
885 964 990 1003 quae
1021 951 1098 991 duo
1132 950 1223 991 sola
1252 951 1293 990 in
1321 952 1568 993 nominativo

91 1019 286 1070 singulari
313 1018 565 1068 leguntur.·'·⁸
616 1018 768 1058 Horum
799 1018 994 1058 nonnulla
1026 1016 1338 1068 Technographi
1368 1016 1569 1057 substan-

92 1086 184 1126 tivis
216 1085 254 1124 in
285 1075 358 1130 effi
382 1088 593 1124 asserunt:
625 1078 932 1136 utatuopemytg
961 1078 1016 1130 ὡς
1043 1081 1238 1134 (momnis,
1274 1082 1439 1136 Θησηίς,
1472 1084 1570 1136 Νη·-

89 1151 189 1203 ρηίς,
219 1150 359 1202 Οἰνηίς
383 1150 511 1189 Cram.
532 1149 559 1189 I.
585 1149 648 1190 76.
680 1149 765 1189 EM.
786 1149 851 1202 56,
886 1149 946 1190 15.
983 1149 1052 1190 Sic
1083 1152 1122 1188 et
1149 1147 1383 1199 Stephanus
1413 1148 1568 1188 Αἰθιο-

88 1216 182 1269 πηίς
222 1211 304 1255 ἀπὸ
347 1216 423 1255 τοῦ
464 1211 711 1264 Αἰθιοπεύς,
764 1211 980 1266 namot-2135
1022 1213 1233 1266 Παταρηίς
1277 1208 1333 1260 ὡς
1370 1213 1566 1266 βασιληίς,

94 1279 307 1329 Παταλεὺς
344 1280 554 1332 Παταληίς
590 1285 666 1320 etc.
706 1291 782 1319 nec
821 1280 953 1319 solum
989 1281 1153 1320 usitatis
1194 1279 1268 1320 sed
1308 1279 1431 1319 etiam
1460 1279 1566 1319 fictis

94 1347 290 1400 Τριοπηίς
327 1342 382 1393 ὡς
419 1341 500 1385 ἀπὸ
538 1345 614 1385 τοῦ
652 1341 863 1395 Τριοπεύς.
937 1344 1051 1392 Quae
1090 1345 1193 1385 ratio
1233 1355 1354 1396 quum
1394 1355 1477 1384 non
1516 1344 1566 1385 ad

89 1414 224 1454 omnia
262 1412 488 1463 sufficeret,
532 1410 792 1463 epenthesin‚
833 1409 881 1450 de
920 1421 1001 1461 qua
1030 1409 1234 1463 praedixi,
1277 1408 1563 1450 adhibuerunt:

89 1476 202 1532 Βρύξ
232 1478 384 1530 Βρυγίς
411 1474 481 1517 καὶ
511 1476 690 1528 Βρυγηίς
719 1472 774 1522 ὡς
794 1475 982 1527 Καδμηίς
1010 1499 1065 1504 —
1097 1475 1271 1527 Φίλυρες
1299 1475 1470 1527 Φιλυρίς
1497 1473 1567 1516 καὶ

91 1544 289 1597 Φιλυρηίς
308 1543 551 1598 πλεονασμῷ
578 1543 653 1582 τοῦ
680 1544 707 1594 ῆ
737 1541 877 1593 Steph.
903 1537 954 1580 τὰ
982 1540 1038 1588 εἰς
1064 1531 1105 1587 a}
1128 1538 1321 1592 καθαρὸν
1347 1542 1406 1597 τῷ
1435 1542 1466 1595 η’
1491 1554 1567 1582 πα-

87 1607 303 1663 ραλήγεται
334 1607 357 1662 ἢ
387 1607 431 1649 ἐκ
459 1607 720 1660 πλεονασμοῦ
750 1604 806 1654 ὡς
828 1603 1048 1658 Ἑκτορηίς,
1083 1606 1287 1658 Πελοπηίς
1316 1604 1340 1659 ἢ
1370 1604 1412 1646 ἐκ
1432 1621 1568 1660 παρα-

86 1676 223 1730 γωγῆς
255 1676 404 1728 Νηλεΐς
432 1673 501 1715 καὶ
533 1674 691 1727 Νηληίς
726 1673 859 1725 τροπῇ
888 1672 963 1712 τοῦ
994 1673 1015 1711 ἒ
1044 1671 1099 1719 εἰς
1128 1667 1155 1724 ἦ
1186 1672 1366 1724 Theogn.
1400 1672 1464 1714 98.
1495 1673 1562 1725 qui

87 1744 177 1784 sine
207 1742 329 1782 dubio
361 1740 550 1794 Κολχηίς7
580 1738 773 1792 μεροπηίς
802 1742 842 1778 et
872 1737 1019 1778 similia
1043 1737 1093 1778 ad
1114 1737 1394 1789 pleonasmum
1415 1738 1566 1791 retulit,

87 1809 148 1850 sie
177 1811 221 1848 ut
251 1806 457 1859 Καδμηίς,
499 1806 608 1858 quod
639 1816 729 1846 cum
761 1803 965 1855 Καδμεῖος
995 1803 1254 1843 contulimus.
1320 1802 1406 1843 Nee
1434 1804 1566 1844 minor

87 1872 308 1914 similitudo
340 1873 445 1912 inter
478 1868 708 1924 Πελοπήιος
737 1874 777 1911 et
811 1866 1042 1915 Πελόπειος.
1085 1868 1166 1908 Sed
1195 1868 1306 1908 illum
1336 1868 1566 1920 pleonasmi

86 1943 342 1992 praetextum
372 1949 455 1978 non
488 1949 659 1990 prorsus
692 1948 742 1977 ex
772 1946 878 1975 vano
922 1934 1135 1975 conflatum
1167 1944 1261 1974 esse
1292 1935 1424 1985 arguit
1454 1935 1567 1974 Κολ-

86 2006 196 2058 χηίς,
237 2007 353 2056 qu'us
385 2005 667 2056 possessivum
709 2007 772 2042 est
801 1998 1006 2053 κολχικός,
1048 2011 1096 2039 ae
1123 2000 1252 2050 magis
1284 2000 1404 2039 etiam
1433 2013 1565 2040 ποτα-

87 2071 180 2125 μηίς
218 2075 340 2122 atque
376 2067 614 2122 πολεμήιος,
657 2068 706 2109 de
737 2079 816 2118 quo
849 2067 889 2106 in
916 2066 1101 2118 proximo
1134 2065 1315 2105 dicturus
1347 2076 1447 2106 sum.
1504 2067 1566 2106 Ao

89 2139 125 2179 si
155 2143 219 2178 cta
247 2147 535 2187 nonnunquam
567 2147 617 2176 ex
645 2133 864 2175 abundanti
895 2132 1096 2183 adjectum
1127 2134 1211 2182 est,
1241 2140 1325 2169 non
1353 2129 1456 2170 adeo
1488 2131 1566 2170 mi—

89 2214 176 2243 rum
206 2202 418 2242 habebitur
446 2201 551 2242 idem
586 2212 661 2253 pro
694 2210 738 2240 re
768 2203 861 2239 nata
891 2198 1199 2238 exterminatum
1230 2206 1344 2249 esse,
1387 2195 1427 2236 id
1457 2196 1566 2248 quod

90 2268 230 2310 Schol.
260 2268 378 2308 Dion.
407 2266 501 2309 850.
534 2268 724 2307 affirmat:
755 2262 802 2305 τὸ
826 2265 1018 2318 Χρυσηίς,
1056 2261 1211 2314 Νηρηίς
1240 2256 1322 2301 ἀπὸ
1350 2262 1427 2302 τοῦ
1447 2264 1566 2314 Χρυ-

92 2331 206 2383 σεύς,
240 2329 422 2386 Νηρεύς,
454 2329 641 2384 βασιλεύς
669 2331 852 2385 βασιληίς
881 2329 950 2371 καὶ
978 2328 1109 2384 ἐνδείᾳ
1130 2328 1206 2367 τοῦ
1235 2334 1262 2380 ῆ
1292 2327 1458 2380 βασιλίς,
1490 2338 1567 2367 ne-

183 2512 241 2553 58)
269 2511 306 2544 In
334 2510 409 2544 Nic.
439 2510 498 2543 Th.
525 2510 602 2546 889.
626 2519 687 2553 pro
714 2508 899 2552 ἕρευθιῖεις
923 2520 956 2540 τε
986 2505 1154 2551 θρυαλλίς
1177 2503 1414 2538 Schneiderus
1441 2513 1460 2539 e
1487 2504 1564 2540 cod.

94 2566 208 2601 Goett·
248 2567 382 2608 recepit
419 2564 603 2608 ἕρευθηίς,
640 2565 731 2608 quod
758 2565 902 2607 primuni
929 2574 994 2597 non
1020 2562 1257 2597 necessarium
1284 2563 1355 2601 est,
1394 2569 1471 2594 nam
1499 2559 1566 2594 Ni·-

95 2621 222 2656 cander
254 2623 396 2663 saepius
431 2619 604 2662 adjectiva
636 2621 671 2652 in
707 2611 790 2660 qe—rf
807 2619 960 2662 adJunxit
988 2617 1209 2652 substantivis
1235 2614 1387 2649 seminini
1414 2616 1565 2668 generis²

95 2681 163 2717 tuin
191 2678 293 2711 etiam
319 2676 479 2718 exemplo
507 2679 619 2717 (κῃ-θη
644 2675 809 2719 χλωρηίς,
837 2674 926 2718 quod
954 2673 1011 2707 ille
1038 2672 1194 2714 advoc-at,
1223 2679 1340 2714 parum
1366 2670 1479 2707 simile
1500 2675 1564 2711 est,

96 2731 158 2766 sed
185 2731 332 2766 Tzctzes
358 2730 471 2765 Posth.
498 2731 552 2767 60.
579 2729 729 2774 λυχνῇσι
752 2731 868 2774 posuit
892 2740 951 2773 pro
973 2729 1124 2772 λυχνίσι.
