1731 3021
135 150 229 195 382
593 150 1025 193 DISSERTATIO
1073 150 1172 192 VIII.

139 265 278 314 potest
306 265 348 301 ut
377 271 452 312 pro
484 255 627 308 ὀνοτός
666 260 880 312 scripserit
914 255 1154 309 Ἀπόδοτος,
1195 258 1305 311 quod
1345 258 1614 312 Gcettiingius

141 326 313 380 optabat
351 325 400 366 de
428 326 528 367 Ace.
557 326 649 368 227.
710 325 791 367 Sed
828 330 997 378 uterque
1028 330 1190 377 praeter
1220 322 1425 369 Σκόλοτοι
1451 326 1616 377 gentili-

141 394 245 433 cium
275 391 424 432 Herod.
457 392 520 433 IV.
550 391 586 433 6.
619 392 754 432 omisit
775 403 923 432 nomen
942 395 1236 443 concertatum,
1258 394 1374 443 cujus
1392 392 1613 443 genitivum

139 453 334 511 ἀπρότων
361 457 427 498 vel
456 451 645 509 ἀβρότωυ
674 457 872 509 Harpocr.
914 462 951 498 et
979 457 1065 498 En.
1108 456 1215 508 apud
1253 457 1497 497 Dinarchum
1535 457 1616 509 legi

140 523 214 565 sed
243 534 326 564 non
355 523 444 563 sine
476 523 715 573 suspicione
745 523 877 563 mendi
907 527 1132 575 testantur3
1165 534 1212 562 ac
1232 533 1282 562 ne
1302 532 1432 573 genus
1453 522 1614 574 quidem

140 593 315 642 constat,
344 585 515 640 ἅπροτοι
546 599 597 628 an
627 585 797 640 ἕέπροτα.
855 586 1051 636 ,Μολοτῶς
1081 584 1136 628 δι’
1181 584 1272 635 ἑνὸς
1300 578 1334 638 ἶ,
1366 593 1406 627 ut
1437 587 1615 639 Stepha-

139 668 216 697 nus
249 657 316 709 ait,
345 666 429 695 non
459 665 552 694 raro
584 654 741 707 legitur,
773 654 847 695 sed
877 655 1026 706 duplex
1051 659 1208 695 tuentur
1227 658 1376 705 poetae
1396 656 1436 693 et
1455 652 1614 705 lapides

139 735 175 764 v.
205 723 333 762 Inscr.
364 721 412 761 N.
445 720 564 762 2843.
604 719 851 771 codicesque
885 725 963 760 tam
990 721 1031 760 in
1058 720 1263 771 gentilicio
1296 730 1416 771 quam
1442 719 1482 758 in
1512 729 1615 771 pro-

139 787 242 839 prio.
299 785 475 826 Nomina
502 786 656 837 primae
687 785 972 825 declinationis
1003 796 1228 837 paronyma
1259 789 1353 824 sunt
1383 780 1555 836 ἱππότης
1575 788 1615 824 et

136 849 316 904 τοξότης,
358 861 530 903 quorum
577 850 735 890 vocalis
777 850 826 890 ad
865 851 1188 890 terminationem
1229 850 1420 901 pertinet3
1465 844 1616 903 ἀρότης

138 929 237 958 vero
261 922 297 957 et
318 911 468 970 ὀμότης
487 927 510 956 a
528 916 666 956 verbis
686 920 908 969 traxerunt,
940 916 1046 956 sieut
1066 915 1134 955 illa
1153 926 1256 967 quae
1277 919 1398 955 antea
1420 915 1611 968 tractavi3

137 978 334 1036 δεσπότης
361 982 608 1034 Apollonius
640 993 690 1022 ex
720 978 943 1034 δεσποστής
971 981 1156 1021 extitisse
1185 981 1336 1032 statuit,
1378 981 1451 1022 sed
1482 993 1614 1035 neque

138 1050 219 1090 hoc
256 1050 297 1089 in
334 1060 412 1089 usu
447 1059 581 1100 neque
621 1047 879 1100 verbalibus,
922 1047 1069 1098 quibus
1109 1047 1238 1087 simile
1280 1051 1365 1100 est,
1395 1042 1612 1101 ἁρμοστής,

137 1112 295 1168 ἐριστῄς
334 1119 411 1156 etc.
451 1115 582 1166 sigma
620 1112 869 1166 detrahitur,
909 1118 947 1153 et
984 1112 1099 1152 verbi
1128 1113 1260 1164 ipsius
1289 1109 1467 1162 δεσπόζω
1497 1115 1611 1166 origo

137 1193 311 1235 prorsus
351 1181 571 1232 incognita.
638 1179 845 1219 Feminina
886 1183 979 1220 sunt
1021 1175 1138 1232 βιοτή
1178 1183 1216 1219 ct
1255 1175 1396 1232 ἐροτὴ,
1440 1191 1613 1232 quorum

138 1259 314 1290 caussae
344 1248 385 1287 iu
415 1250 582 1299 aperto,
615 1250 652 1286 et
681 1245 793 1285 urbis
824 1256 973 1285 nomeu
1014 1241 1228 1291 Φανοτεύς
1265 1268 1320 1272 -—
1354 1242 1508 1298 λέγεται
1543 1244 1612 1286 καὶ

141 1310 310 1366 §Davom
355 1310 424 1352 καὶ
467 1308 672 1351 Φαυότεια
714 1311 853 1361 Steph.
914 1310 1147 1350 Consonam
1188 1310 1431 1362 duplicatam
1461 1311 1612 1353 habent

135 1381 314 1420 virorum
344 1378 509 1418 nomina
528 1377 698 1429 propria
715 1372 1032 1426 Σανδράκοττος
1052 1380 1091 1416 et
1114 1377 1355 1423 Σιοίκοττος
1380 1389 1414 1416 v.
1435 1377 1607 1418 Ellendt.

135 1446 186 1487 ad
214 1445 373 1486 Arrian.
402 1445 448 1484 V.
481 1444 518 1497 6,
548 1443 584 1484 2.
618 1443 785 1488 Βίοττος
814 1442 854 1481 in
884 1442 1010 1482 Inscr.
1051 1443 1171 1483 Attio.
1217 1442 1412 1490 Φίλοττος
1451 1443 1610 1484 Niobae

134 1512 300 1553 maritus
332 1522 367 1550 v,
397 1509 591 1549 Valcken.
638 1507 688 1548 ad
727 1507 908 1548 Phoenn.
951 1520 986 1547 v.
1034 1505 1350 1559 150721590m<
1389 1503 1612 1561 οὐδετέρως

134 1578 285 1631 χωρίον
313 1573 357 1615 ἐν
395 1575 532 1630 Λυὸίᾳ
576 1573 717 1625 Steph.
759 1570 1008 1623 κοροκόττεις
1047 1573 1133 1613 Sive
1178 1570 1398 1625 κροκόττας
1437 1578 1477 1614 et
1515 1589 1610 1627 κρο-

135 1640 309 1689 κούτῖας
352 1640 486 1682 bestia
523 1638 787 1692 Aethiopica,
835 1643 871 1678 et
915 1639 995 1678 alia
1032 1638 1221 1679 barbara.
1297 1639 1414 1680 Nunc
1454 1639 1505 1681 ad
1544 1640 1610 1682 di-

136 1709 372 1762 phthongos
403 1716 582 1758 pergaln.
635 1700 696 1744 Τὰ
718 1700 785 1744 διὰ
804 1705 879 1744 τοῦ
902 1719 1011 1758 οιτης
1031 1702 1243 1756 βαρύτοτνα
1258 1701 1313 1757 μὴ
1344 1701 1446 1745 ὄντα
1473 1704 1610 1759 παρώ-

134 1790 245 1827 νυμα
274 1770 342 1814 otc}
383 1773 456 1825 τῆς
486 1762 532 1811 07.
552 1767 804 1824 γράφονται,
843 1770 1076 1823 Λαμοίτης,
1113 1766 1342 1849 Ἀγροίτης,
1393 1771 1608 1825 Μενοίτης,

138 1841 342 1893 Φθοίτης,
368 1835 560 1890 Ἀτοίτης,
596 1836 811 1890 Θαιιοίτης,
842 1836 1006 1890 Λοίτης,
1037 1832 1277 1890 Ἀνεμοίτης,
1304 1832 1498 1890 Ἀροίτης,
1521 1834 1610 1877 'Av-

133 1907 308 1961 δροίτης,
340 1904 558 1956 Σακοίτης,
590 1898 762 1955 &201ng
831 1899 888 1942 Τὸ
918 1900 1157 1957 πρεσβύτης,
1189 1899 1380 1956 εὐλύτης,
1421 1899 1608 1956 μεγύτης,

133 1969 380 2027 βασανυτης,
407 1965 613 2022 Ἀρχύτης,
634 1967 819 2022 πιόὑτης,
840 1965 1099 2022 canothviyg
1118 1979 1198 2009 σεσ
1192 1970 1380 2023 μιείωται
1398 1965 1454 2016 ὡς
1472 1965 1609 2021 παρώ-

133 2054 213 2091 2⁷1)ss
218 2053 243 2079 cc
271 2034 339 2078 δια
367 2037 530 2089 μακροῦ
559 2036 635 2076 τοῦ
663 2040 691 2075 ῦ
721 2032 937 2088 γράφοντα
965 2031 1041 2089 τὴν
1077 2032 1399 2088 παραλήγουσαν
1429 2035 1608 2086 Theogn.

132 2105 198 2146 46.
242 2104 418 2144 Primum
457 2113 573 2153 agam
613 2101 661 2142 de
691 2102 740 2141 iis
780 2113 885 2154 quae
915 2100 1397 2153 diphthongumhabent.
1456 2100 1610 2141 Horum

134 2176 307 2223 quatuor
337 2169 466 2221 prima
494 2167 721 2208 indubitata
752 2172 859 2207 sunt.
913 2162 1090 2219 Ἀτοίτης
1118 2177 1265 2207 vereor
1294 2176 1345 2205 ne
1378 2176 1428 2205 ex
1458 2165 1609 2217 duplici

134 2247 274 2277 errore
304 2239 442 2274 natum
473 2234 543 2283 sit,
589 2244 667 2273 uno
709 2232 863 2272 librarii
894 2232 961 2283 qui
992 2233 1052 2272 sic
1082 2243 1156 2284 pro
1189 2227 1354 2284 ἆγοίτης
1382 2231 1610 2284 scripserit,

133 2302 262 2342 altero
306 2299 559 2350 Theognosti
601 2299 732 2350 ipsius
781 2297 972 2336 vitiosam
1010 2297 1204 2347 Hesycliii
1252 2296 1317 2337 vel
1365 2297 1608 2349 antiquioris

134 2364 432 2416 Glossographi
471 2365 713 2415 scripturam
748 2358 929 2414 Ἀγοίτης
968 2358 1160 2415 ὑβριστής
1191 2373 1316 2402 caeca
1346 2363 1609 2403 festinatione

134 2431 370 2483 sequentis3
416 2441 591 2481 namque
631 2424 793 2481 ἀλοίτης
834 2428 1093 2469 scribendum
1133 2434 1204 2469 est.
1271 2428 1504 2469 ProxImum
1544 2439 1608 2480 ap.

131 2496 278 2538 Arcad.
308 2500 421 2537 recte
449 2496 644 2548 scriptum
673 2494 889 2547 Θυμοίτης,
920 2495 1079 2534 tertium
1100 2506 1173 2546 pro
1196 2494 1374 2547 Λαοίτης
1392 2494 1609 2546 surrepsit,

132 2562 241 2615 quod
273 2567 335 2604 est
364 2562 478 2602 Jovis
506 2561 765 2614 Neptunique
797 2561 1007 2613 epitheton
1035 2560 1155 2601 Paus.
1186 2560 1229 2600 V.
1262 2560 1327 2613 24,
1359 2560 1394 2602 1.
1427 2559 1609 2612 quintum

129 2625 309 2682 Ἀροίτης
339 2639 413 2681 pro
440 2623 627 2680 Ὀροίτης
655 2623 801 2677 κύριον
841 2626 951 2667 Suid.
980 2637 1128 2666 nomen
1158 2627 1362 2678 persicum
1391 2626 1433 2665 in
1461 2624 1607 2676 vulgus

131 2700 284 2737 notum.
338 2690 566 2747 Ἀνεμοίτης
596 2693 668 2734 tuit
699 2692 878 2733 Thebani
909 2691 1118 2743 cujusdam
1146 2702 1295 2732 nomen
1315 2703 1351 2733 v.
1369 2688 1608 2740 Bernhardy
