1731 3021
133 173 194 216 94
612 167 1044 215 DISSERTATIO
1093 170 1139 212 11.

134 282 378 337 σπίνδαλος,
425 283 677 335 aliarumque
720 293 854 324 rerum
894 279 1042 336 αἰβάλη
1070 277 1097 335 ἡ
1125 277 1263 334 θύρα,
1301 278 1490 335 τρυφάλη
1529 281 1617 323 sive

132 347 422 404 τρυφάλεια,23
442 345 694 402 ἀμύγδαλον,
713 347 908 403 κάκαλον,
929 346 1132 401 νώγαλον,
1156 343 1340 402 ἠπίαλος,
1361 343 1616 401 αὐτοκάβδα-

134 418 217 468 λος,
244 413 592 469 μάνδαλοςῖ4·010.
632 417 719 458 Νο0
737 418 871 457 minus
892 416 1080 468 precaria
1100 417 1164 454 est
1186 414 1393 455 nominum
1419 414 1617 467 proprio-

136 493 225 522 rum
253 482 538 534 interpretatio
574 483 793 535 Μαίμαλος
821 494 845 523 a
869 482 1006 535 μαιμῶ
1035 481 1151 521 Eust.
1178 480 1295 534 1054,
1320 481 1384 522 22.
1433 482 1617 533 Σκίρτα-

138 549 208 596 λος
245 559 268 588 a
297 550 459 600 σκίρτος
488 550 639 601 σκιρτῶ
670 561 706 590 v.
737 548 939 600 Aglaoph.
973 548 1089 589 1311.
1125 549 1327 595 Πίτταλος
1355 546 1567 598 Aristoph.
1596 557 1620 586 a

136 614 319 665 atavam
347 615 576 667 cujusmodi
606 615 732 656 multa
762 615 938 667 proferri
964 619 1163 666 possunt3
1195 614 1269 655 sed
1290 615 1621 665 conjecturarum

139 682 242 723 satis
263 682 521 732 nimiumque.

250 762 288 805 §.
319 756 356 797 3.
413 756 610 809 Exceptis
650 756 816 810 pauciS‚
864 767 968 808 quae
1008 757 1256 797 carminibus
1296 755 1470 808 indicta,
1517 753 1621 795 haec

139 835 244 877 quae
273 823 507 863 enumeravi
535 822 740 863 vocabula
762 822 884 874 alpha
903 823 1041 876 breve,
1072 822 1235 863 lambda
1259 821 1433 874 simplex
1454 819 1618 861 habent.

142 891 279 930 Dicam
309 899 416 928 nunc
447 886 496 927 de
528 888 760 928 contrariis.
801 887 1003 928 Arcadius
1035 893 1200 941 praeter
1229 888 1412 940 ignotum
1441 886 1618 936 κίαλλος,

139 957 201 997 0111
240 955 378 1001 ἴαλλος
416 953 482 994 vel
512 953 690 1001 Δίαλλος
719 954 914 994 substitui
945 959 1105 1007 potest,
1148 953 1227 994 duo
1260 953 1375 994 affert
1405 953 1619 1005 trisyllaba

136 1020 387 1075 κρύσταλλος
426 1031 449 1059 a
478 1016 607 1071 κρύος
633 1019 796 1060 ductum
836 1019 942 1060 unde
979 1020 1211 1072 κρυσταίνω
1224 1019 1263 1043 2“
1301 1023 1340 1059 et
1369 1015 1566 1066 ὅκταλλος
1595 1013 1619 1058 ὅ

136 1084 357 1142 ὀφθαλμός
385 1081 496 1137 παρὰ
518 1087 727 1133 Βοιωτοῖς.
789 1085 871 1126 Sed
902 1090 1042 1126 extant
1072 1085 1208 1138 plura:
1239 1082 1451 1137 θύμαλλος
1476 1084 1619 1137 piscis,

139 1154 202 1195 cui
233 1163 383 1193 nomen
423 1163 446 1191 a
485 1151 584 1192 flore
622 1151 847 1192 inolevisse
877 1152 1122 1192 Ambrosius
1162 1151 1283 1191 tradit
1312 1163 1348 1191 v.
1381 1148 1618 1191 Schneider.

136 1219 239 1260 Hist.
269 1218 374 1258 Pisc.
399 1229 436 1269 p.
457 1216 520 1258 23.
554 1223 593 1257 et
623 1217 806 1258 Isidorus
836 1217 919 1259 XII.
951 1217 987 1259 6.
1019 1217 1093 1259 sed
1123 1217 1274 1258 herbae
1304 1227 1466 1269 nomen,
1496 1226 1617 1268 quam

137 1286 204 1326 alii
235 1280 393 1336 θύμιον
422 1288 585 1337 vocant,
617 1283 724 1336 apud
752 1284 1038 1325 Dioscoridem
1064 1280 1259 1336 θύμαλον
1278 1283 1492 1333 scribitur3
1521 1278 1618 1334 κάρ-

135 1353 279 1398 ταλλος
308 1350 464 1390 fiscella
494 1350 625 1390 simile
655 1349 782 1389 latino
815 1353 957 1391 crates
987 1351 1231 1402 graecisque
1248 1346 1378 1403 κράδῃ
1398 1345 1615 1402 κράδαλος,

137 1423 221 1458 tum
259 1413 460 1464 σύκαλλος
494 1415 597 1457 Med.
628 1416 760 1467 Mosq.
791 1427 828 1467 p.
859 1415 895 1457 G.
932 1418 1225 1468 propriumque
1263 1413 1483 1468 Μέγαλλος
1518 1429 1618 1468 προ-

136 1479 428 1536 παροξυτόνως
465 1479 510 1523 {v
544 1482 759 1538 διλαμβδίᾳ
788 1483 903 1523 Eust.
936 1481 1054 1535 1843,
1088 1482 1148 1523 17.
1188 1482 1297 1534 quod
1329 1482 1496 1534 saepius
1526 1477 1617 1521 Μέ-

136 1553 280 1598 ταλλος
324 1549 516 1590 scribitur
553 1561 590 1589 v.
628 1548 801 1589 Meinek.
840 1548 890 1589 ad
929 1549 1041 1589 Com.
1081 1549 1236 1601 Fragm.
1279 1550 1320 1589 T.
1347 1549 1393 1589 11.
1430 1547 1524 1589 323.
1563 1547 1615 1589 ab

137 1624 272 1669 etymo
302 1617 445 1668 ignoto
474 1619 517 1655 ut
546 1611 743 1667 μέταλλον
774 1619 812 1655 et
841 1616 1055 1671 μεταλλᾷν,
1084 1616 1125 1656 111
1156 1615 1303 1667 quibus
1329 1614 1494 1655 mirifice
1517 1613 1616 1654 lusit

135 1684 357 1734 Lexilogus
387 1682 414 1722 I.
445 1681 509 1721 40.
549 1680 800 1721 Penultimae
829 1686 975 1721 natura
1012 1681 1161 1732 longae
1192 1681 1379 1732 exempla
1406 1680 1474 1720 ille
1504 1679 1617 1720 nulla

136 1751 251 1790 affert
282 1752 446 1800 praeter
476 1746 666 1798 propria3
696 1757 789 1786 nam
809 1743 984 1800 τάβαλος
1014 1747 1103 1787 51110
1133 1745 1256 1786 dubio
1277 1749 1341 1786 est
1368 1746 1444 1786 viri
1465 1756 1616 1786 nomen

135 1815 284 1857 Herod.
304 1815 331 1855 Ι.
353 1813 442 1854 154.
472 1812 669 1852 Neutrum
685 1808 904 1865 γνάφαλον
922 1814 1010 1853 sive
1030 1808 1238 1864 κνέφαλον
1256 1824 1280 1853 a
1295 1807 1457 1865 κνάφος
1475 1815 1514 1852 et
1530 1807 1617 1852 κνέ-

136 1897 215 1935 φος
235 1881 398 1921 ductum
421 1880 588 1931 saepius
611 1889 683 1929 per
701 1879 749 1918 λλ
768 1878 961 1919 scribitur
989 1891 1026 1920 v.
1058 1877 1284 1919 Tzschuck.
1315 1877 1366 1918 ad
1396 1877 1530 1919 Strab.
1549 1876 1614 1918 IX.

135 1947 228 1990 357.
258 1945 461 1998 probante
491 1943 692 1984 Meinekio
724 1943 747 1984 l.
779 1955 812 1984 c.
845 1945 886 1987 T.
910 1946 937 1986 I.
959 1945 1022 1986 75.
1069 1945 1154 1985 Illis
1184 1943 1387 1985 Arcadius
1418 1944 1614 1984 continuo

135 2012 272 2055 subdit
302 2022 407 2065 quae
438 2021 564 2063 supra
593 2014 677 2051 tres
709 2011 892 2063 syllabas
922 2010 1075 2052 habent
1103 2005 1353 2063 ἀρύβαλλος,
1390 2008 1615 2063 περίαλλος,

137 2188 245 2224 fuisse
271 2186 413 2221 sormam
441 2186 530 2233 στιὲρ
556 2191 593 2222 ut
617 2189 686 2231 ψὶα
715 2189 813 2225 mccc,
839 2187 931 2223 unde
956 2187 1116 2231 pauculis
1141 2185 1319 2230 gressibus
1344 2184 1427 2219 illuc
1453 2193 1521 2228 quo
1546 2192 1614 2217 vo-

134 2246 248 2280 lumus
275 2245 448 2288 perveniri
478 2248 605 2288 potest.

224 2312 284 2355 23]
319 2311 394 2345 Hoc
425 2311 649 2346 Buttmannus
682 2320 701 2345 a
734 2308 827 2356 τρύω
861 2312 998 2354 repetit.
1060 2309 1212 2344 Facilius
1238 2308 1407 2344 assentiar
1433 2304 1614 2349 ψάκαλον,

138 2367 230 2411 quod
256 2367 475 2402 Herodianus
500 2367 613 2411 Epim.
639 2377 673 2410 p.
703 2366 776 2401 154.
805 2366 989 2408 ψαίκαλον
1016 2366 1121 2401 scribi
1141 2365 1261 2409 Jubet,
1296 2374 1315 2399 a
1340 2361 1465 2408 ψακάς
1494 2372 1522 2397 s.
1550 2368 1614 2405 ψε-

137 2421 203 2459 κάς
228 2422 419 2457 derivatum
447 2432 526 2458 esse
553 2422 606 2465 (ut
630 2420 786 2466 δρόσοι).

226 2489 286 2532 24)
321 2489 418 2525 Idem
440 2489 626 2533 μιὶιιταλος
659 2489 764 2524 scribi
793 2488 897 2524 docet
921 2489 974 2523 Du
1000 2487 1105 2531 Cang.
1139 2492 1327 2532 contraque
1362 2486 1457 2521 urbis
1490 2493 1616 2520 nomen

141 2543 329 2581 Μάνταλος
355 2545 476 2589 Steph.
502 2555 533 2579 v.
559 2544 704 2580 Eckhel.
731 2545 848 2579 Doctr.
876 2545 936 2579 III.
965 2545 1040 2581 167.
1070 2546 1103 2578 in
1128 2544 1205 2579 cod.
1232 2542 1341 2579 Rhed.
1367 2539 1578 2577 ᾹΙάνδαλος,

225 2610 285 2653 25)
319 2611 462 2646 Idemne
490 2614 543 2646 est
569 2620 695 2646 nomen
720 2609 903 2649 Πύτταλος
928 2612 1028 2646 Paus.
1056 2611 1111 2646 VI.
1139 2611 1191 2655 16,
1220 2611 1268 2647 7?

225 2676 285 2719 26)
314 2676 373 2710 Sic
405 2678 508 2711 etiam
542 2686 562 2711 a
594 2686 694 2711 cruor
728 2680 841 2712 crusta
875 2681 911 2712 ut
937 2687 957 2712 a
983 2676 1072 2714 πὺος
1097 2687 1175 2723 pus,
1198 2676 1348 2723 pustula.
1403 2674 1475 2712 Sed
1509 2673 1615 2711 verba

135 2741 220 2777 pura
248 2732 316 2766 alio
346 2731 481 2767 deflexa
505 2736 583 2768 sunt
608 2734 642 2766 in
668 2734 810 2769 lustrum
838 2732 1001 2778 (λύτρον)
1027 2734 1190 2770 ilustrum.
