1731 3021
124 176 204 219 116
597 173 1032 218 DISSERTATIO
1078 176 1126 218 11.

127 277 282 329 cipiunt
315 274 410 327 quia
439 276 636 315 accentus
669 275 857 316 omnibus
887 274 1020 328 idem3
1051 287 1142 317 nam
1173 287 1249 329 pro
1280 278 1513 331 Δρογγίλον
1541 290 1608 331 ap.

128 341 339 383 Demosth.
362 340 596 392 Stephanus
628 345 999 392 proparoxytonon
1030 342 1213 393 praebet.
1254 343 1426 384 Tantum
1451 343 1500 385 de
1521 345 1612 386 for-

128 410 308 452 matione
341 412 380 448 et
411 411 606 457 accentu3
660 406 769 458 quod
800 409 997 461 sequitur,
1029 408 1079 448 ad
1110 409 1449 459 significationem
1479 411 1612 462 perti-

131 480 213 518 net.
260 473 496 516 Scholiasta
525 472 711 533 D-ionysii
744 484 781 523 p.
800 472 893 513 857.
926 469 949 514 ὁ
972 471 1098 523 ἕκτος,
1131 475 1272 527 inquit,
1300 475 1385 515 τῶν
1408 471 1612 528 ὑποκορι-

131 543 282 584 στικῶν
301 537 430 585 τύπος
448 538 503 586 εἰς
522 541 604 588 λος,
635 535 827 586 ναύτιλος
846 539 956 593 (sic).
995 540 1189 581 Matthiae
1207 541 1246 580 in
1268 539 1440 582 Gramm.
1461 546 1498 589 ἓ.
1521 541 1611 583 102.

132 609 235 650 Adn.
273 607 310 649 3.
349 618 387 658 p.
417 604 510 646 276.
553 604 622 644 ubi
661 603 999 645 deminutivorum
1039 606 1189 657 figuras
1231 607 1367 647 varias
1407 606 1613 660 edisserit,

131 675 254 726 hujus
285 682 448 725 quoque
472 670 770 729 terminationis
790 671 970 712 meminit
999 672 1039 712 in
1060 672 1288 724 exemplum
1306 672 1479 714 afferens
1506 675 1612 713 Χοι-

133 741 265 794 ρίλος,
313 737 514 789 Τρωίλος,
557 734 786 787 Πραξίλλα,
834 738 1089 785 Τελεσίλλα,9
1130 737 1403 788 Goettlingius
1435 737 1484 778 de
1512 738 1613 780 Aoo.

134 820 173 860 p.
206 806 296 848 184.
336 803 446 845 addit
485 801 697 850 ναυτίλος,
737 804 940 854 τροχίλος,
982 802 1181 855 φρυγίλος
1217 807 1294 844 etc.
1350 804 1404 843 At
1446 804 1483 844 Si
1520 804 1613 855 quis

134 874 322 926 pressius
351 871 478 909 instet
506 868 816 918 interrogetque
845 868 1008 908 ubinam
1038 868 1229 915 ναυτίλος
1258 879 1426 920 parvum
1447 873 1614 909 nautam

136 937 336 990 significet
374 934 439 975 vel
475 932 653 985 χοιρίλος
692 934 918 985 porcellum
958 938 996 975 et
1035 938 1174 975 cetera
1209 945 1314 985 quae
1357 934 1481 975 allata
1517 938 1614 976 sunt

135 1017 230 1050 num
270 1015 293 1043 a
322 1001 538 1054 primitivis
571 1001 657 1041 suis
688 999 728 1041 id
758 999 943 1040 differant
973 999 1082 1051 quod
1123 1012 1145 1040 a
1175 1000 1281 1052 lapis
1310 1000 1495 1054 lapillus⁷
1534 1011 1614 1041 ve-

136 1082 231 1114 reor
261 1068 356 1122 quid
390 1066 635 1119 responderi
665 1067 812 1117 possit.
867 1066 928 1105 Ac
957 1066 1083 1105 multa
1109 1066 1271 1106 illorum
1301 1077 1352 1106 ne
1382 1077 1406 1106 a
1434 1066 1614 1106 nomini-

135 1138 214 1180 bus
245 1134 406 1188 quidem
438 1132 560 1173 ducta
590 1136 697 1173 sunt.
744 1128 927 1183 ’Ἀρκιλοι
955 1126 1006 1172 τὰ
1031 1132 1115 1171 τῶν
1142 1128 1307 1181 ἄρκτων
1323 1127 1474 1183 νέογνα
1496 1131 1613 1172 Eust.

135 1216 173 1256 p.
207 1201 325 1254 1535,
357 1199 419 1241 16.
452 1210 491 1250 p.
523 1198 641 1251 1625,
671 1198 735 1239 46.
771 1198 951 1249 speciem
982 1196 1142 1249 quidem
1181 1197 1353 1248 praebet
1387 1197 1453 1237 vel
1483 1196 1615 1237 demi-

134 1270 300 1313 nutivae
330 1265 553 1317 potcstatis
583 1264 660 1316 vel,
685 1275 789 1315 quae
818 1264 912 1303 huic
942 1263 1142 1315 proxima,
1170 1263 1500 1315 patronymicae3
1540 1261 1615 1304 sed

137 1345 213 1389 pro
250 1333 322 1375 illo
362 1332 404 1371 in
437 1330 539 1370 Poll.
568 1330 613 1370 V.
646 1330 708 1370 15.
753 1326 947 1381 ἄρκτυλοι
986 1334 1025 1370 et
1060 1324 1254 1380 ἅρκτύλοι
1291 1329 1487 1379 scriptum
1526 1330 1614 1379 est3

135 1397 308 1453 ἄρκηλοι
349 1396 415 1438 vel
451 1391 622 1447 ἀρκῆλοι
658 1395 815 1435 Aelian.
855 1395 901 1436 H.
931 1396 1006 1436 An.
1036 1395 1115 1435 Vll.
1145 1395 1210 1435 47.
1247 1395 1341 1435 Ath.
1372 1395 1416 1435 V.
1446 1393 1538 1435 201.
1569 1393 1612 1434 C.

79 1472 81 1474 ’
136 1467 219 1519 quo
259 1465 439 1505 sortasse
470 1461 674 1501 diversum
703 1461 878 1501 serarum
908 1472 1037 1511 genus
1070 1461 1344 1511 significatur3
1383 1459 1615 1511 Hesychius

137 1529 294 1585 ἄρκηλοι
323 1528 527 1580 hystrices
559 1526 758 1578 appellari
784 1525 906 1566 tradit
935 1538 959 1566 a
989 1526 1191 1568 Cretibus.
1236 1526 1353 1575 Quod
1377 1537 1475 1566 vero
1503 1525 1615 1566 Can-

139 1598 281 1641 daules
311 1594 437 1646 Myrsi
476 1593 580 1634 filius
620 1604 643 1632 a
674 1591 841 1632 Graecis
872 1592 1065 1642 Myrsilus
1105 1593 1193 1633 sive
1222 1592 1410 1643 Myrtilus
1439 1595 1615 1633 vocatus

139 1668 216 1717 est,
245 1674 294 1703 eo
324 1661 457 1701 minus
489 1658 540 1699 ad
569 1657 855 1710 probationem
887 1659 1046 1698 confert
1076 1670 1156 1710 quo
1189 1658 1328 1710 plures
1357 1657 1437 1698 hoc
1465 1667 1616 1698 nomen

137 1731 357 1782 gesserunt
387 1724 560 1765 diversis
592 1724 671 1763 orti
690 1723 929 1775 parentibus
953 1735 989 1763 v.
1009 1724 1183 1764 Meinek.
1203 1724 1306 1764 Hist.
1323 1723 1435 1764 Com.
1463 1734 1501 1775 p.
1524 1722 1615 1764 100.

136 1795 302 1837 Jacobs,
343 1791 393 1832 ad
432 1790 623 1831 Philostr.
664 1799 702 1840 p.
735 1787 826 1830 630.
867 1799 915 1829 ac
956 1789 991 1829 si
1032 1800 1171 1829 verum
1210 1793 1273 1830 est
1310 1789 1420 1841 quod
1458 1789 1616 1831 Coraes

140 1862 275 1914 sumit,
319 1857 564 1900 Strabonem
595 1854 658 1895 IV.
688 1853 780 1895 633.
811 1865 885 1905 pro
917 1854 1138 1908 Κυδρῆλος
1165 1852 1297 1904 νόθος
1324 1852 1415 1903 υίὸς
1443 1851 1617 1906 Κόδρου

138 1951 193 1957 -—
223 1925 446 1977 scripsisse
477 1917 695 1972 Κοδρύλος
736 1916 764 1972 ἢ
794 1919 999 1971 Κοὸρῑλος
1038 1918 1227 1974 καθάπερ
1264 1924 1482 1974 Μυρσῖλος
1517 1919 1617 1962 ἐκα-

139 1994 245 2033 λεῖτο
275 1987 298 2031 ὁ
327 1985 579 2040 Κοινὸαύλης
608 1981 691 2027 ἀπὸ
718 1985 795 2025 τοῦ
823 1982 977 2036 πατρὸς
1005 1983 1191 2038 Μύρσου
1221 1987 1271 2028 ad
1302 1989 1437 2030 Strab.
1467 2000 1505 2040 p.
1522 1987 1616 2030 287.

139 2059 275 2099 Atact.
306 2056 349 2096 T.
378 2055 442 2095 III.
471 2052 536 2094 32.
566 2052 646 2093 hoc
675 2062 824 2093 nomen
858 2056 970 2093 certe
999 2064 1083 2093 non
1110 2053 1217 2094 idem
1246 2053 1356 2094 valet
1383 2053 1493 2106 quod
1522 2055 1617 2094 Κο-

140 2122 291 2175 δρίδης.
358 2119 440 2162 Sed
478 2121 758 2170 conjecturam
794 2118 993 2160 incertam
1030 2118 1162 2160 reddit
1199 2130 1347 2172 magna
1385 2121 1617 2173 scripturae

142 2188 361 2230 diversitas
390 2186 511 2227 Paus.
541 2184 622 2225 VII.
654 2184 691 2237 2,
723 2184 759 2224 7.

252 2280 291 2324 ἓ.
320 2274 358 2316 2.
414 2271 618 2315 Arcadius
651 2283 690 2324 p.
721 2271 786 2312 53.
823 2268 874 2311 τὰ
910 2268 957 2312 τὸ
992 2277 1012 2311 ῖ
1041 2269 1306 2326 ἐκτεταμένον
1341 2271 1485 2326 ἔχοντα
1509 2286 1617 2327 προ-

140 2339 414 2395 παροξύνεται
442 2338 476 2380 εἰ
502 2334 558 2393 μὴ
588 2333 614 2392 ἡ
644 2337 756 2390 τρίτη
786 2333 868 2389 ἔχοι
906 2333 953 2377 τὸ
992 2337 1023 2378 οἷ
1059 2330 1111 2378 οὗ
1139 2336 1409 2391 προκατάρχει
1438 2336 1619 2392 σύμφω-

140 2419 239 2448 νον·
293 2403 504 2460 στρόβιλος
534 2399 641 2452 εἶδος
669 2398 892 2457 ὀρχήσεως,
932 2401 1143 2458 στροβιλὸς
1172 2402 1215 2446 δὲ
1242 2401 1269 2459 ἡ
1299 2401 1512 2459 συστροφή
1540 2404 1618 2445 τοῦ

229 2569 266 2612 9)
301 2569 488 2605 Fischerus
523 2572 558 2605 et
591 2568 681 2604 haec
713 2567 824 2602 attulit
865 2570 900 2602 ct
925 2568 1150 2612 Θευχαρίλας
1173 2567 1318 2603 Theocr.
1345 2567 1389 2601 II.
1419 2568 1452 2602 7.
1480 2567 1572 2612 quod
1598 2578 1618 2603 a

143 2623 322 2668 Θεύχαρις
345 2625 401 2659 vel
428 2623 616 2668 Θευχάρης
635 2626 863 2667 propagatum
893 2632 973 2658 esse
1001 2625 1140 2667 nequit,
1173 2632 1251 2657 nam
1274 2622 1435 2666 Χαρίλας
1469 2626 1523 2658 est
1553 2633 1616 2667 pro

140 2680 321 2723 Χαρίλαος
346 2679 409 2714 sed
434 2679 701 2723 bicompositum
730 2678 977 2722 Θευχαρίλαος
995 2687 1013 2712 a
1036 2678 1288 2714 consuetudine
1309 2678 1480 2713 abhorret.
1530 2680 1615 2711 Θεο-

138 2733 293 2779 χαρίδης
318 2737 421 2769 extat.
