1715 3037
370 834 1215 893 PRAEFATIO.

63 1115 225 1198 Quum
271 1143 385 1190 duae
434 1147 519 1190 sint
567 1146 884 1190 Grammaticae
932 1148 1106 1206 partes,
1164 1146 1447 1206 Etymologia
1495 1153 1539 1193 et

66 1222 296 1281 SyntaxiS,
344 1227 387 1267 et
431 1225 661 1281 utriusque
708 1222 873 1280 duplex
919 1221 1078 1268 divisio
1124 1225 1168 1269 in
1206 1226 1459 1282 analogiam
1496 1231 1540 1272 ct

66 1301 359 1360 anomaliam,
404 1305 578 1346 veteres
615 1301 824 1346 Technici
861 1302 1143 1358 praecipuam
1180 1316 1328 1348 curam
1363 1315 1539 1360 posue-

67 1382 165 1422 runt
208 1380 251 1423 in
288 1379 554 1436 explicanda
588 1379 867 1436 imparilitate
905 1382 992 1423 tum
1040 1381 1402 1427 conformationis
1441 1383 1540 1427 sin-

67 1457 266 1512 gularum
301 1470 460 1503 vocum
496 1462 583 1502 tum
631 1457 938 1514 dispositionis
984 1460 1330 1514 conjunctarum.
1398 1460 1540 1516 Hujus

69 1538 213 1579 autem
259 1535 487 1581 doctrinae
525 1537 735 1593 reliquias
779 1535 868 1579 late
906 1547 1089 1592 sparsas
1128 1538 1342 1595 colligere
1387 1541 1431 1583 et
1464 1550 1544 1595 per

67 1617 215 1669 partes
253 1626 475 1671 exponere
524 1615 731 1660 constitui
776 1617 1003 1670 permotus
1052 1619 1094 1660 et
1139 1619 1353 1672 gravitate
1391 1617 1453 1661 rei
1489 1628 1544 1662 ex

68 1690 220 1735 ultima
257 1695 636 1747 grammaticarum
684 1693 995 1748 quaestionum
1045 1693 1284 1738 subtilitate
1331 1696 1543 1750 repetitae

71 1772 115 1812 et
150 1768 318 1813 diutino
355 1770 535 1814 incultu.
605 1769 674 1813 Ac
708 1769 889 1825 primum
927 1767 1103 1824 quidem
1141 1769 1196 1814 de
1235 1771 1544 1817 affectionibus

72 1846 266 1890 scribere
302 1846 404 1890 mihi
440 1848 666 1905 proposui,
705 1845 866 1890 deinde
904 1845 959 1889 de
990 1845 1164 1906 figuris3
1203 1861 1387 1906 quarum
1413 1862 1545 1895 unam

73 1926 325 1980 speciminis
363 1925 465 1969 loeo
503 1925 683 1969 tractavi
718 1925 763 1967 in
800 1926 1172 1970 commentatione
1211 1926 1266 1971 de
1305 1927 1546 1984 antiphrasi

71 2001 198 2046 Actis
245 2003 472 2046 societatis
515 2014 704 2058 graecae
750 2003 928 2045 inserta.
1008 2002 1097 2048 Sed
1142 2005 1343 2061 profecto
1389 2002 1548 2051 vereor

74 2092 129 2124 ne
177 2081 275 2137 quis
321 2093 389 2125 me
435 2083 608 2135 ανςμιαι
654 2081 834 2135 incepto
883 2093 1041 2123 serum
1085 2084 1346 2125 accersisse
1394 2082 1548 2127 labori

76 2162 120 2203 et
154 2171 243 2203 non
281 2160 389 2203 satis
428 2158 737 2216 considerat03
776 2171 875 2202 nam
911 2160 980 2203 via
1016 2159 1193 2216 longior
1229 2164 1298 2205 est
1322 2173 1452 2218 quam
1478 2163 1549 2207 cui

79 2236 355 2281 emetiendae
391 2237 482 2280 vita
519 2237 688 2293 reliqua
727 2238 997 2293 suppetitura
1032 2238 1244 2283 videatur.
1312 2238 1457 2291 Quare
1502 2243 1550 2285 ut

78 2327 300 2372 quamque
339 2317 486 2370 operis
524 2314 730 2359 destinati
766 2319 932 2371 partem
971 2314 1026 2358 ad
1064 2315 1287 2372 quandam
1316 2319 1548 2363 maturita-

76 2397 161 2437 tem
198 2391 459 2451 perduxero,
499 2395 707 2437 continuo
744 2395 787 2436 in
824 2393 1044 2449 publicam
1074 2396 1272 2439 notitiam
1298 2396 1549 2452 prolaturus

31 2510 36 2514 .
78 2483 173 2515 sum
198 2475 255 2515 'et
292 2475 391 2514 ante
429 2475 600 2515 ceteras
639 2483 759 2528 eam,
807 2472 877 2515 cui
923 2483 1083 2515 nomen
1128 2472 1417 2530 Pathologiae
1461 2476 1549 2520 im-

79 2561 259 2607 ponere,
298 2561 431 2605 quum
466 2549 632 2592 nullum
668 2550 933 2605 reperissem
970 2551 1306 2596 convenientius
1342 2552 1549 2598 brevius-

81 2638 183 2685 que,
220 2638 311 2670 non
346 2627 475 2671 nefas
513 2626 614 2671 duxi
654 2625 789 2671 fretus
813 2627 1071 2671 auctoritate
1104 2631 1148 2672 et
1170 2630 1372 2687 exemplo
1394 2630 1550 2676 Theo-

83 2702 223 2748 doreti
261 2705 336 2761 qui
371 2703 698 2748 similitudinem
736 2715 761 2747 a
785 2715 829 2748 re
854 2702 1026 2749 medica
1049 2706 1322 2753 transferens
1343 2707 1550 2754 librorum
