1699 3021
300 163 369 204 DE
399 163 581 206 NOMIN.
612 163 665 205 IN
690 153 745 203 α-ιλ
773 163 1108 209 EXEUNTIBUS
1157 169 1199 211 C.
1220 170 1246 212 Ι.
1283 176 1321 220 §.
1343 173 1381 215 3.
1521 178 1581 221 95

100 271 360 324 αἰγίθαλλος,
404 285 508 325 quae
539 276 878 326 proparoxytona
907 286 1024 329 esse,
1064 282 1247 328 oxytona
1284 293 1383 324 vero
1421 296 1526 338 quae
1557 299 1579 328 a

101 338 239 390 kappa
266 337 477 379 ordiantur
505 337 786 392 κραπαταλλός
816 344 856 380 et
884 340 1137 393 κορυδαλλός
1167 344 1371 401 (bardala)
1407 361 1578 401 quorum

100 403 277 444 omnium
307 408 376 444 aut
407 405 657 457 etymologia
688 406 846 446 incerta
885 411 950 447 est
987 410 1056 448 aut
1087 410 1303 461 scriptura.
1362 415 1577 468 Κορυδαλ-

95 465 167 516 λός
196 480 247 509 ex
277 470 472 511 confesso
499 482 751 523 paragogum
781 471 854 512 sed
884 472 1085 514 interdum
1114 486 1235 516 unum
1263 477 1425 521 lambda
1451 486 1490 523 et
1510 495 1576 525 ac-

99 539 260 575 centum
300 539 394 575 ante
433 536 613 577 ultimam
643 537 765 578 habet
795 537 919 589 longa
958 543 1093 580 tamen
1121 542 1257 583 vocali
1296 548 1338 584 ut
1366 546 1575 604 κορυδάλη

95 599 326 652 Epicharin.
358 601 450 642 Ath.
481 601 573 643 398.
604 603 648 644 D.
697 603 748 644 Et
777 602 1060 655 κραπαταλλός
1089 617 1379 661 nonnunquam
1408 613 1575 665 baryto-

96 676 191 706 num
222 667 431 718 semelque
462 667 869 721 brachyparalectum
899 681 994 711 esse
1022 671 1142 713 docet
1163 674 1390 718 Meinekius
1415 679 1525 723 Com.
1545 682 1572 723 I.

96 730 188 772 288.
218 731 470 784 Αἰγίθαλλος
499 738 644 774 contra
669 746 871 787 persaepe
902 735 1117 789 αἰγιθαλός
1144 741 1336 783 scribitur
1365 745 1485 786 etiam
1504 748 1571 788 ubi

95 798 388 849 caprimulgum
428 799 628 850 significat
669 805 709 841 ut
748 813 811 853 ap.
841 803 1041 854 Anonym.
1080 804 1129 845 de
1166 807 1283 849 Avib.
1321 810 1361 850 in
1392 810 1572 854 Crameri

94 862 248 904 Anecd.
280 864 408 904 PariS.
442 865 483 904 T.
513 865 540 905 Ι.
571 876 608 916 p.
635 864 699 906 27.
732 877 755 906 a
784 867 910 907 verbo
941 866 1036 908 θάω
1066 871 1307 922 productum
1338 879 1381 916 ut
1411 876 1571 933 αἰγιθή-

94 928 178 974 λας.
245 928 327 968 Sed
365 929 530 969 Arcadii
576 932 821 973 sententiam
866 937 996 975 ratam
1034 935 1157 978 habet
1193 940 1253 979 vir
1292 940 1572 999 doctissimus,

93 1003 213 1044 quem
250 993 292 1033 in
330 993 409 1033 hoc
448 1005 639 1035 sermone
677 995 895 1039 identidem
932 1001 1156 1056 appellavi,
1204 1005 1255 1046 ad
1290 1006 1401 1049 Com.
1442 1010 1483 1051 T.
1522 1012 1569 1054 Il.

91 1057 185 1100 826.
242 1058 345 1099 Huic
385 1059 494 1111 quod
525 1060 731 1102 antecedit
766 1062 996 1114 Hesychius
1039 1067 1214 1109 obscure
1251 1071 1402 1113 indicat
1435 1086 1569 1129 copu-

94 1122 220 1164 latum
258 1135 354 1165 csse
395 1126 619 1177 Περίαλλος
655 1122 701 1166 τὸ
731 1127 863 1180 ἰσχίον
900 1127 1002 1171 ὅταν
1039 1132 1197 1174 εἰλεῖται
1235 1137 1469 1187 significans
1507 1140 1570 1183 ὅτι

93 1188 253 1229 εἰλεῖται
300 1189 362 1229 vel
401 1188 514 1243 παρὰ
549 1187 596 1231 τὸ
633 1191 851 1245 εἰλεῐσθαι,
900 1196 1086 1250 idemque
1124 1194 1355 1253 ἀρύβαλλος
1393 1209 1571 1258 conJun-

95 1258 203 1295 ctum
243 1266 338 1295 esse
376 1255 472 1297 dicit
502 1252 584 1298 ἀπὸ
622 1259 697 1299 τοῦ
734 1255 876 1313 ἀρύειυ
904 1260 972 1301 καὶ
1000 1261 1162 1315 βάλλειν
1190 1266 1246 1314 εἰς
1275 1264 1428 1320 αὐτόν,
1464 1285 1570 1326 quae

94 1330 194 1360 sane
233 1321 430 1363 mirabilis
467 1328 531 1364 est
563 1327 758 1376 junctura
794 1327 1007 1380 magisque
1054 1334 1304 1374 conveniens
1348 1342 1570 1388 arytaenae

93 1395 213 1438 quam
242 1388 450 1439 marsupio
484 1390 571 1430 sive
602 1393 870 1433 crumenae'27
898 1395 976 1434 nisi
1015 1396 1121 1438 sorte
1151 1399 1434 1444 balneatorum
1466 1406 1570 1448 trul-

93 1451 157 1492 lae
188 1452 275 1493 sive
305 1453 477 1504 aryballi
508 1455 620 1496 suere
654 1458 759 1498 culei
789 1462 831 1499 ut
862 1471 989 1512 saepe
1021 1474 1238 1506 crumenae
1268 1470 1307 1507 et
1340 1471 1569 1523 sacciperia

93 1528 143 1558 ex
173 1519 287 1559 corio
318 1520 484 1561 confieri
515 1521 663 1564 solent.
722 1524 1024 1568 Transmissum
1060 1529 1143 1570 iilic
1177 1529 1399 1582 νεκύδαλος
1439 1536 1482 1588 (a
1508 1535 1569 1579 νέ-

92 1599 165 1632 κυς
191 1581 374 1635 νέκυδος,
404 1586 513 1638 quod
542 1598 626 1628 non
647 1588 795 1630 lectum
818 1593 900 1644 est)
932 1604 1015 1633 non
1045 1595 1178 1637 solum
1208 1597 1287 1638 hoc
1316 1600 1438 1641 modo
1469 1605 1570 1645 scri-

93 1654 204 1702 ptum
244 1652 445 1703 reperitur
484 1653 557 1694 secl
588 1656 708 1696 etiam
738 1655 985 1706 νεκύδαλλος
1014 1661 1054 1700 in
1085 1663 1221 1703 multis
1251 1664 1366 1705 libris
1394 1668 1567 1712 Aristot.

92 1715 138 1756 H.
167 1718 270 1757 Anu.
300 1717 344 1757 V.
378 1718 439 1758 19.
470 1731 507 1770 p.
536 1719 629 1773 551,
664 1721 724 1762 12.
763 1726 803 1762 et
841 1724 938 1764 alibi
975 1730 1096 1766 acuta
1131 1728 1272 1769 ultima
1308 1742 1345 1772 v.
1373 1732 1566 1778 Boisson.

92 1780 143 1822 ad
172 1782 301 1833 Epim.
331 1782 421 1823 227.
480 1784 558 1824 Pro
588 1780 786 1836 Ἐρύαλος
823 1789 863 1828 in
892 1790 1003 1830 exitu
1033 1803 1179 1833 versus
1210 1795 1317 1846 apud
1347 1797 1566 1843 Homerum

93 1850 133 1887 et
160 1846 349 1894 Quintum
379 1859 486 1889 nunc
509 1845 706 1903 Ἐρύλαος
736 1854 1000 1896 substitutum
1032 1862 1096 1897 est
1113 1871 1148 1899 y.
1171 1860 1373 1911 Spitzner.
1392 1864 1563 1910 Observ.

92 1912 143 1953 ad
173 1912 306 1961 Quint.
328 1925 364 1965 p.
388 1915 528 1956 17:52³
569 1918 740 1959 Brevem
766 1921 1028 1971 penultimam
1054 1923 1176 1965 habet
1194 1926 1423 1978 κονίσαλος,
1454 1933 1564 1984 quod

91 1978 159 2030 qui
187 1978 432 2028 κονίσσαλος
461 1982 585 2023 scribi
609 1984 775 2038 jubent,
825 1991 868 2027 ut
898 1992 938 2028 et
968 1994 1148 2031 veterum
1177 1994 1361 2035 nonnulli
1391 2000 1429 2036 et
1458 1998 1565 2040 inter

90 2048 260 2086 nostros
289 2046 516 2088 Meinekius
547 2048 596 2090 ad
625 2050 804 2103 Euphor.
836 2064 872 2105 p.
913 2053 975 2094 72.
1016 2056 1158 2097 nescio
1198 2069 1250 2099 an
1289 2064 1563 2114 compositum

180 2211 240 2253 27]
275 2211 497 2245 Βαλλάντιον
521 2216 596 2250 sive
619 2216 826 2259 βαλάντιον,
857 2222 955 2263 eujus
981 2221 1082 2265 alpha
1107 2232 1246 2267 anceps,
1273 2226 1400 2269 pariter
1418 2229 1460 2263 ad
1477 2230 1559 2273 βάλ-

90 2264 138 2297 λω
164 2266 328 2309 rel'erunt‚
354 2269 446 2311 quod
471 2272 629 2306 vocalem
655 2272 795 2309 brevem
820 2275 936 2311 habet.
984 2277 1193 2321 Marsupium
1218 2280 1322 2315 latine
1348 2282 1443 2324 follis
1467 2285 1559 2321 diei-

90 2324 152 2363 tur,
178 2322 271 2365 quod
299 2322 488 2358 Salmasius
505 2322 675 2369 'graecum
702 2328 861 2367 θύλακος
877 2341 956 2367 esse
974 2337 1087 2376 putat3
1112 2338 1145 2368 et
1163 2334 1251 2369 follis
1270 2338 1372 2371 etiam
1389 2343 1562 2382 pecuniae

90 2385 254 2410 summam
279 2378 451 2421 significat
476 2391 577 2424 quarn
606 2383 760 2427 Byzantii
784 2385 1002 2428 βαλλάντιον
1028 2393 1153 2423 vocant
1178 2393 1215 2424 ut
1244 2390 1420 2438 hodieque
1454 2398 1488 2431 in
1522 2409 1560 2436 re

91 2434 244 2467 numaria
278 2433 461 2469 Turcarum
495 2437 613 2470 Beneel
646 2445 840 2484 usurpatur.
905 2442 1003 2477 Errat
1041 2445 1144 2486 igitur
1184 2445 1303 2482 Corais
1342 2449 1385 2484 ad
1419 2451 1557 2490 Heliod.

89 2486 164 2523 299.
194 2487 261 2522 hoc
287 2488 412 2532 φόλλις
437 2494 470 2525 et
496 2493 671 2536 antiquum
696 2496 802 2538 ([ολίς
827 2497 919 2533 idem
945 2508 1024 2534 esse
1050 2502 1184 2542 putans.

176 2548 237 2591 28)
263 2549 434 2594 Ἕρύαλος
467 2553 558 2595 quod
585 2553 789 2591 Welckerus
825 2558 867 2593 ‹le
898 2558 990 2602 Cycl.
1019 2559 1116 2603 Epic.
1144 2561 1221 2596 362.
1250 2572 1327 2598 cum
1360 2565 1559 2612 ἀρύβαλλος

90 2605 263 2646 componit
285 2608 444 2649 tanquam
472 2617 707 2654 synonymum,
733 2621 900 2656 nusquam
927 2615 1061 2658 legitur,
1088 2625 1202 2659 neque
1227 2618 1383 2665 intelligo
1410 2633 1478 2667 quo
1496 2636 1556 2661 ar-

89 2662 250 2698 gumento
278 2660 460 2696 Goellerus
488 2663 531 2698 de
556 2665 671 2708 Syrae.
699 2677 731 2710 p.
758 2669 810 2703 56.
840 2679 963 2704 nomen
989 2670 1056 2703 loci
1081 2670 1261 2714 Syracusis
1292 2678 1397 2713 vicini
1421 2680 1553 2725 Εὐρύη-

86 2711 163 2749 λος,
193 2714 284 2756 quod
313 2715 429 2751 Livius
457 2718 640 2762 Euryalum
663 2726 783 2765 vocat,
811 2734 886 2757 cum
916 2719 995 2765 ἧλος
1020 2729 1246 2770 compositum
1271 2735 1378 2775 putet.
