1699 3021
310 155 378 198 DE
408 153 530 195 MUT.
564 151 772 194 TERMIN.
803 151 1003 195 CAUSIS.
1048 154 1090 196 C,
1113 155 1139 195 1.
1179 159 1217 202 §-
1241 155 1275 198 1.
1498 158 1530 199 ’7

51 269 280 320 subjeetum
310 262 501 304 indicant.
557 262 686 303 Huius
727 264 862 303 autem
901 262 1145 314 congeneris
1183 262 1527 307 denominationis

52 334 229 387 quinque
260 329 442 382 species,
489 332 532 368 ut
561 328 666 367 infra
695 326 930 380 apparebit,
973 327 1154 379 propriis
1181 327 1400 379 insignitae
1430 333 1527 371 sunt

48 397 306 447 nominibus3
355 398 518 435 ceterae
555 396 747 444 tanquam
777 391 914 433 sidera
944 392 1172 434 minuscula
1200 388 1414 448 ἀνωνυμίῃ
1449 409 1525 448 φο-

48 459 222 517 ρέονται.

677 535 818 577 CAP.
866 535 896 575 Ι.

496 608 571 650 De
614 606 1066 663 par-‹zsclzemacz'scis.

160 699 199 743 §.
243 694 277 735 1.
335 691 469 734 Primo
510 702 736 744 progressu
774 690 815 731 in
854 694 1121 743 conspectum
1158 692 1324 734 veniunt
1360 693 1525 735 nomina

50 762 205 815 primae
246 762 285 799 et
322 756 528 799 secundae
560 755 845 796 declinationis
875 756 1138 810 dicatalecta,
1178 769 1283 810 quae
1313 770 1525 800 commune

51 825 294 880 principium
338 827 377 864 et
414 822 601 874 principii
640 821 810 862 similem
850 823 1186 874 significationem
1222 823 1395 876 habent3
1445 835 1527 877 qua

51 890 312 943 adjunctione
345 887 613 928 excluduntur
652 887 872 939 inconjuga
907 888 1017 929 velut
1054 888 1217 941 βρῶμος
1253 887 1418 942 βρώμη,
1462 889 1524 930 πί-

50 970 122 1004 νος
149 958 292 1004 πῖνον,
330 948 507 1003 κοττάνη
537 948 755 1003 κόττανον,
787 950 943 1005 θρόνος
970 949 1020 993 τὰ
1047 951 1203 1006 θρόνα,
1240 955 1372 1006 gallus
1403 954 1523 1008 galla,

53 1019 199 1063 fundus
229 1017 351 1061 sunda
377 1021 453 1057 etc.
509 1016 656 1055 Verum
686 1018 794 1058 illius
823 1019 1096 1059 similitudinis
1124 1020 1275 1071 gradus
1306 1023 1400 1061 sunt
1428 1019 1524 1071 plu-

51 1086 162 1138 rimi,
210 1095 286 1124 nec
325 1082 442 1123 facile
484 1082 650 1133 cognitu
689 1083 778 1134 quis
820 1084 873 1123 sit
911 1084 1291 1135 paraschematismi
1329 1086 1523 1125 terminus

53 1155 258 1193 extremus
288 1159 421 1202 quove
453 1152 605 1199 puncto
646 1147 828 1188 ordiatur
859 1147 1147 1189 denominatio.
1212 1150 1273 1190 Ac
1313 1149 1362 1190 de
1393 1161 1524 1193 voca-

50 1216 158 1259 bulis
189 1215 295 1255 tritis
328 1213 540 1265 obviisque
568 1208 692 1260 αύλός
722 1209 850 1266 αὐλή,
891 1213 980 1266 βίος
1008 1215 1096 1267 βία,
1135 1212 1256 1268 χηλός
1281 1211 1405 1268 χηλή,
1445 1215 1525 1256 στί-

50 1282 124 1336 βος
153 1280 280 1333 στίβη,
311 1276 441 1326 τύπος
470 1275 598 1331 τυπή,
630 1275 759 1331 πάγος
787 1276 917 1333 πάγη,
959 1281 1140 1321 fortasse
1169 1281 1267 1321 nihil
1297 1280 1522 1323 errabimus

51 1348 100 1401 si,
131 1357 235 1400 quae
258 1356 461 1397 nunquam
483 1344 674 1385 confundi
698 1345 894 1398 videmus,
922 1357 971 1386 ea
993 1357 1156 1398 semper
1180 1346 1373 1387 distincta
1395 1346 1524 1388 fuisse

51 1413 245 1456 sumimus
283 1410 458 1462 ideoque
497 1410 809 1452 denominativis
847 1410 1170 1452 adnumeremus.
1239 1411 1321 1453 Sed
1351 1411 1524 1463 plurima

51 1479 244 1520 oberrant
281 1477 385 1516 facie
422 1475 628 1528 ambigua,
673 1487 777 1528 quae
807 1488 926 1528 quern
954 1477 1088 1517 locum
1119 1489 1142 1517 a
1170 1480 1316 1517 natura
1343 1487 1523 1528 accepe-

49 1544 130 1586 rint
173 1547 213 1584 et
247 1553 326 1594 quo
368 1541 521 1582 sensim
564 1541 750 1582 traducta
791 1543 893 1596 sint,
940 1542 1191 1584 reconditius
1233 1546 1298 1583 est
1327 1553 1446 1595 quam
1477 1545 1523 1582 ut

48 1610 178 1664 primo
210 1607 409 1660 adspectu
434 1606 609 1658 judicari
639 1607 786 1659 possit.
844 1608 903 1648 De
932 1608 1138 1650 nonnullis
1169 1608 1329 1661 quidem
1358 1612 1522 1648 veteres

47 1676 128 1729 ipsi
157 1674 346 1715 indicium
378 1671 522 1712 edunt:
562 1668 608 1712 τὸ
637 1669 751 1712 θύου
774 1695 828 1700 -
858 1671 898 1712 οἱ
922 1670 964 1712 ὁὲ
984 1671 1099 1714 &dccv
1121 1675 1294 1714 καλοῦσι
1317 1673 1519 1724 Theophr.

47 1740 150 1782 Hist.
177 1740 222 1780 V.
239 1739 277 1791 3,
299 1739 334 1779 G.
367 1738 432 1790 qui
456 1736 599 1777 eodem
625 1738 664 1777 in
684 1737 776 1777 loco
799 1737 879 1777 VII.
909 1738 943 1791 1,
966 1739 1002 1780 2.
1030 1738 1198 1779 eandem
1219 1739 1385 1779 herbam
1414 1734 1520 1790 θύμ-

46 1807 152 1860 βραν
180 1809 302 1845 vocat
333 1807 372 1843 et
402 1799 593 1855 θύμβρου
623 1807 662 1842 et
686 1802 779 1842 alibi
804 1799 952 1854 ὅρυζον
975 1815 1063 1844 eam
1082 1815 1185 1855 quae
1208 1803 1258 1844 ab
1281 1803 1372 1843 aliis
1395 1799 1520 1856 ὄρυζα

48 1872 212 1922 dicitur3
253 1865 275 1921 ἡ
307 1863 515 1919 (ἷπόφυσις
543 1864 707 1919 κορώνη
737 1870 936 1908 καλεῖται·
987 1866 1169 1922 διαφέρει
1198 1863 1238 1908 δ’
1272 1864 1394 1909 οὐδὲν
1424 1863 1515 1909 οὐδ’

47 1936 81 1978 εἰ
110 1932 300 1987 κορωνόν
329 1933 454 1980 εἴποις
487 1933 623 1973 Galen.
655 1932 703 1973 de
735 1933 870 1974 Ossil).
902 1946 938 1985 p.
968 1935 1058 1976 736.
1091 1935 1131 1975 T.
1162 1935 1207 1975 ll.
1236 1931 1343 1987 μύλη
1375 1934 1518 1987 (uteri)

46 1999 74 2056 ἢ
112 1999 254 2047 κάθως
301 1995 415 2038 ἄλλοι
452 1995 579 2050 μύλος
619 1999 764 2039 Soran.
810 1999 991 2040 Muliebr.
1034 2012 1071 2051 p.
1100 1999 1230 2041 277.1
1269 1999 1430 2051 aliaque
1468 1998 1519 2039 ad

45 2067 192 2118 Phryn.
213 2065 303 2106 760.
325 2064 458 2104 allata.
507 2064 565 2104 De
587 2063 768 2115 plurimis
789 2064 985 2105 habemus
1011 2065 1371 2106 Grammaticorum
1394 2074 1520 2116 prae—

43 2131 217 2185 judicia:
285 2126 429 2182 ἅγοροι
475 2124 565 2168 ἀντὶ
610 2130 685 2169 τοῦ
732 2125 879 2181 ἀγοραί
926 2130 1062 2171 Schol.
1106 2131 1200 2171 Eur.
1238 2129 1362 2171 Andr.
1403 2128 1518 2170 1014.

47 2192 201 2249 αὐχμός
230 2193 298 2235 καὶ
327 2190 462 2247 αὐχμή
493 2195 639 2246 Phryn.
669 2195 773 2247 App.
805 2207 842 2248 p.
860 2196 895 2236 7.
925 2192 1049 2247 γαλέα
1077 2191 1100 2236 ὁ
1131 2196 1251 2249 ἰχθῦς
1279 2193 1349 2236 καὶ
1377 2190 1520 2248 γαλεός

137 2366 172 2410 1)
211 2364 313 2406 Aluit]
351 2364 389 2398 τὸ
416 2353 512 2397 urit-‹1›
539 2363 601 2396 τοῦ
624 2363 751 2408 μύλου,
781 2363 894 2408 μύλος
921 2363 958 2398 τὸ
989 2365 1063 2398 ἄνω
1087 2365 1266 2409 Mosehop.
1292 2365 1419 2401 Sched.
1443 2366 1517 2402 140.

49 2431 116 2466 quo
144 2421 327 2456 Grinuuius
352 2421 386 2454 in
414 2420 560 2454 Gramin.
589 2419 625 2453 T.
648 2420 708 2453 Ill.
728 2420 804 2455 359.
840 2420 896 2455 ed.
923 2421 950 2454 l.
978 2421 1186 2456 demonstrat
1212 2421 1302 2464 agile
1328 2421 1517 2456 masculino

47 2485 177 2521 genere
214 2476 422 2519 significari,
468 2477 673 2510 contrarium
699 2477 882 2510 contrario.
931 2476 1001 2511 Sed
1027 2475 1153 2510 Moeris
1183 2480 1307 2511 nietam
1331 2475 1413 2519 (τὴν
1436 2474 1518 2520 τρά-

47 2533 174 2575 πεζαν)
198 2531 314 2575 μέλον
335 2534 456 2574 vocat,
491 2531 557 2566 nisi
584 2530 713 2564 librarii
740 2534 903 2574 errarunt,
930 2530 1022 2575 quod
1046 2530 1203 2574 Scaliger
1227 2531 1340 2565 latinis
1364 2531 1518 2565 nomini-

47 2585 112 2622 bus
135 2590 248 2621 metae
275 2590 310 2623 et
336 2588 440 2621 catilli
466 2586 639 2622 accidisse
664 2587 869 2629 suspicatur.
924 2587 960 2620 Si
993 2586 1155 2622 feminino
1188 2588 1405 2631 aequiparari
1438 2587 1521 2622 licet

50 2641 307 2686 deminutivum,
333 2643 446 2678 simile
474 2645 528 2678 est
555 2642 740 2677 discrimen
764 2642 924 2677 maxillae
949 2652 1038 2686 quae
1067 2646 1222 2679 movetur
1246 2645 1282 2681 et
1307 2642 1419 2679 malae
1445 2642 1520 2677 sive

49 2698 211 2732 ulularum
236 2707 326 2741 quae
351 2707 420 2733 non
444 2701 623 2733 moventur
646 2706 679 2730 v.
707 2695 801 2733 Cels.
827 2697 917 2732 vlu.
946 2698 976 2741 1,
1000 2697 1078 2734 499.
