1699 3021
326 162 393 203 DE
426 162 546 203 MUT.
578 161 786 205 TERMIN.
818 162 1017 206 CAUSIS.
1065 164 1106 206 C.
1129 165 1172 206 Π.
1205 170 1242 214 ὃ.
1266 167 1326 208 14.
1510 168 1560 210 51

82 270 349 323 distinguunt,
380 283 563 322 maanus
593 272 843 323 avunculus,
876 274 1012 314 amita
1031 285 1202 328 maana,
1232 276 1385 326 masor,
1418 278 1563 318 maxi-

12 332 19 341 *
80 349 169 388 ma,
221 335 472 388 eosdemque
503 341 543 378 et
581 341 777 388 posteros
818 339 1199 390 praepositionibus
1229 340 1381 380 nomini
1412 341 1561 383 additis

79 401 363 443 demonstrant
385 405 554 453 abacos,
577 405 771 454 atnepos,
795 402 1000 455 abamita,
1030 404 1230 456 abnepos,
1255 416 1463 456 prosocer
1483 410 1560 448 etc,

78 471 119 508 et
134 466 335 507 interdum
355 467 630 508 numeralibus
654 470 852 518 tritavus,
882 470 1096 520 t1·a·nepos,·
1129 481 1233 521 quae
1254 471 1418 511 nomina
1437 482 1559 522 quum

80 532 330 585 Theophilus
364 533 666 573 Institutionum
699 533 903 584 interpres
941 535 1102 585 graecis
1141 535 1355 575 vocabulis
1387 536 1558 577 reddere

76 598 221 651 vellet,
264 598 438 638 facticiis
470 599 527 638 uti
558 603 728 638 coaetus
760 602 823 638 est
852 594 1122 650 (Ξπόπαππος,
1163 596 1409 654 ἀπομάμμη,
1439 597 1559 654 ἀπέγ-

75 677 217 715 γονος,
259 659 527 714 πρόπαππος,
566 661 812 717 προμάμμη,
853 663 1103 716 ὁίςπαππος,
1143 666 1415 718 τρίςπαππος,
1454 682 1558 720 τρις-

74 725 256 781 (ἔγγονος,
285 725 519 781 τριςεγγόνη
548 729 576 769 Ι.
608 729 669 770 11.
699 730 762 770 ΙΙΙ.
792 730 828 770 G.
858 740 950 771 nam
983 730 1127 772 Graeci
1157 742 1366 783 perpauca
1397 732 1446 773 de
1475 733 1555 774 hoo

73 805 224 847 genere
253 793 482 834 delibarunt
510 791 802 848 ἐπίπαππος,ῑ’δ
829 792 1028 848 ἐπιτήθη,
1059 794 1272 850 προτήθη,
1303 794 1554 851 προςπένθε-

73 873 165 913 ρος,
196 855 452 910 τριτέγγονος
483 859 617 900 Gloss.
647 856 902 913 τριτοπάτωρ
931 873 966 901 v.
1000 862 1202 914 Aglaoph.
1234 862 1325 904 760.
1373 864 1445 904 His
1477 863 1554 905 ad-

68 925 185 977 jungi
223 934 297 975 par
335 927 399 963 est
428 924 632 964 voeabula
674 925 821 976 quibus
861 925 1048 966 cardines
1083 928 1232 967 aetatis
1264 927 1553 981 designantur3

72 1000 177 1042 quae
209 989 343 1029 omnia
373 992 468 1028 sunt
496 988 764 1039 heteronyma
791 993 910 1040 παῖς,
940 988 1171 1043 μειράκιον,
1210 992 1393 1040 νεανίας,
1431 989 1551 1047 ἀνήρ,

69 1052 223 1108 γέρων,
253 1050 502 1105 πρεσβύτης,
536 1057 575 1093 et
605 1054 646 1093 in
674 1054 804 1094 altero
837 1066 940 1095 sexu
967 1058 1064 1103 παῖς
1093 1067 1125 1098 S.
1150 1056 1363 1110 παιδίσκη,
1395 1058 1547 1111 μείραξ,

69 1121 225 1170 νεᾶνις,
256 1116 385 1172 γυνή,
415 1119 641 1171 πρεσβῦτις.
674 1119 786 1159 Haeo
818 1120 1066 1169 correlativa
1097 1122 1245 1163 aetatis
1276 1122 1412 1163 dioere
1443 1135 1550 1176 pos-

71 1197 211 1233 sumus
247 1185 353 1226 siout
386 1184 456 1224 illa
493 1195 598 1236 quae
636 1195 763 1236 supra
797 1189 834 1232 ἓ.
859 1185 896 1226 4.
928 1186 1100 1226 tractavi
1132 1183 1285 1238 (κόρος,
1315 1184 1419 1240 κόρη
1451 1188 1547 1240 etc.)

71 1251 318 1293 correlativa
348 1261 486 1292 sexus.
540 1250 682 1302 Neque
712 1249 813 1290 latet
841 1251 1038 1291 nonnulla
1068 1262 1163 1292 esse
1192 1252 1388 1293 utrolibet
1416 1264 1550 1306 versa,

69 1328 174 1370 quae
196 1315 318 1357 niodo
343 1327 505 1367 sexum,
537 1314 658 1354 modo
691 1319 867 1356 aetatem
897 1316 1146 1369 significant,
1174 1329 1282 1369 paor
1311 1342 1364 1346 —-
1388 1319 1550 1372 puella,

67 1380 194 1437 ᾔθεος
221 1404 276 1410 —
304 1381 416 1428 τᾶλις
444 1381 510 1422 vel
546 1377 766 1433 παρθένος,
783 1381 818 1406 ⁵⁰
847 1377 953 1434 ἀνήρ
984 1405 1035 1410 —
1063 1378 1224 1435 yvmj‘fl'
1254 1386 1292 1423 et
1322 1386 1365 1422 ut
1396 1382 1445 1423 de
1472 1383 1550 1423 be-

67 1449 158 1489 stiis
191 1458 354 1499 quoque
385 1446 534 1499 dicam,
565 1441 771 1499 ἀλεκτορίς
799 1447 989 1498 gallinam
1023 1451 1063 1487 et
1093 1448 1244 1500 pullum
1275 1448 1546 1499 gallinaceum

69 1513 269 1566 ostendit,
306 1512 471 1565 χίμαιρα
498 1523 663 1564 capram
693 1512 735 1552 in
763 1512 832 1552 illo
866 1511 1042 1564 Oppiani
1071 1512 1179 1565 loeo,
1212 1513 1308 1554 alibi
1337 1514 1549 1566 capellam.

66 1579 156 1620 Hoo
191 1578 240 1620 de
278 1583 516 1629 argumento
557 1579 719 1618 fuerunt
754 1578 1069 1631 Aristophanis,
1105 1578 1287 1631 Didymi,
1333 1579 1548 1621 Alexionis

68 1644 348 1686 commentarii
378 1643 610 1695 singulares
632 1639 800 1695 ἡλικιῶν
819 1638 1038 1694 ὀνομασίαι
1066 1644 1266 1696 inseripti,
1297 1645 1444 1696 quibus
1464 1656 1550 1686 non

67 1710 273 1751 hominum
296 1709 428 1750 solum
449 1707 523 1749 sed
554 1708 730 1748 oninium
760 1708 979 1748 viventium
1009 1709 1212 1750 voeabula
1248 1710 1549 1762 comprehensa

158 1873 218 1916 58)
255 1872 339 1907 Cuin
367 1874 698 1909 παππεπίπαππος,
727 1871 817 1915 quod
843 1872 962 1907 Pollux
986 1872 1213 1909 vehementer
1237 1874 1426 1918 improbat,
1452 1874 1545 1910 Mei-

69 1929 194 1965 nekius
222 1930 257 1962 in
282 1927 378 1962 Com.
406 1927 540 1970 Fragm.
569 1927 613 1961 11.
639 1927 716 1963 854.
752 1928 896 1962 contuml
919 1928 1191 1965 λιπτεπίλεπτος
1223 1932 1259 1963 et
1293 1929 1548 1974 (Ῑαυλεπίφαυ-

67 1985 138 2023 λος,
165 1994 255 2028 quae
281 1983 322 2018 ab
353 1982 536 2018 emendata
567 1983 743 2018 locutione
772 1984 901 2026 pariter
926 1982 1119 2018 abhorrent.
1168 1983 1243 2018 Neo
1268 1984 1410 2018 multum
1437 1984 1551 2021 differt

69 2038 268 2083 κυβόκυβος
298 2038 335 2072 id
371 2041 425 2073 est
456 2036 563 2081 κύβος
593 2036 651 2070 ἐπὶ
685 2035 782 2080 κύβῳ
809 2040 846 2071 ut
876 2036 1079 2075 ἐπίπαππος
1104 2038 1297 2081 explicatur
1320 2037 1465 2076 πάππος
1489 2038 1550 2073 ἐπὶ

68 2094 215 2138 πάππῳ,
244 2093 422 2137 ἐπίτειχος
446 2094 468 2126 i.
490 2102 523 2136 q.
551 2096 671 2136 τεῖχος
698 2091 755 2124 ἐπὶ
782 2094 893 2135 τείχει
920 2096 986 2127 etc.
1017 2113 1057 2117 —
1084 2092 1185 2134 Quod
1210 2093 1333 2129 Festus
1353 2093 1437 2129 dicit
1456 2095 1549 2128 Aba·

68 2161 128 2183 vus
151 2151 273 2183 dicitur
297 2149 375 2192 quia
399 2152 447 2180 est
471 2159 553 2181 (zeus
577 2149 652 2188 αυὶ,
692 2148 818 2180 Alaeus
842 2149 920 2191 quia
943 2152 992 2180 est
1017 2152 1090 2180 auu
1114 2148 1188 2189 avi,
1223 2157 1342 2192 parum
1366 2149 1548 2193 probabile

71 2208 142 2248 est,
176 2204 239 2240 sed
263 2202 452 2247 improbior
478 2205 593 2237 tamen
616 2202 817 2238 Doederlini
851 2204 1022 2238 sententia
1057 2204 1093 2236 in
1116 2202 1225 2246 Etym.
1262 2203 1346 2246 ling.
1371 2204 1429 2238 lat.
1457 2214 1485 2239 s.
1511 2204 1546 2239 h.

69 2268 101 2294 v.
126 2259 304 2291 Abavus
325 2277 369 2283 —
393 2258 637 2301 redaplication
661 2268 721 2290 υοπ
747 2269 827 2291 ava
837 2269 865 2291 s.

158 2313 217 2356 59)
244 2312 391 2349 ’Hs-9205
414 2313 554 2357 proprie
582 2313 625 2348 de
652 2316 765 2349 aetate
792 2313 935 2348 dieitur:
970 2317 1056 2350 παῖς
1090 2308 1132 2354 ἦν
1159 2312 1376 2356 (Narcissus)
1406 2311 1549 2356 μᾶλλον

71 2369 109 2403 δὲ
135 2370 257 2411 ἠίθεος
285 2368 432 2403 Callistr.
458 2369 556 2403 Statt.
579 2369 617 2403 V.
641 2369 719 2406 896.
749 2368 895 2413 Oppian.
922 2368 997 2403 Hal.
1017 2368 1043 2403 Ι.
1066 2368 1140 2404 199.
1167 2367 1338 2403 interdum
1363 2370 1467 2404 etiarn
1486 2368 1545 2405 se-

70 2426 236 2459 minarum
271 2428 308 2459 ut
337 2424 482 2468 Eupolis
509 2423 596 2469 κόρη
624 2425 736 2468 ᾔθεος
761 2424 866 2464 dixit,
903 2433 1004 2467 quain
1031 2423 1242 2466 posteriores
1266 2426 1395 2466 poetae
1419 2424 1547 2466 ἢιθέην

71 2483 212 2521 vocant;
249 2489 314 2514 nee
340 2489 394 2514 ine
420 2479 566 2515 offendit
591 2478 707 2524 ι’ίῤῥην
732 2480 853 2521 ἠίθεος
880 2488 912 2511 v.
939 2478 1078 2513 Jacobs.
1107 2477 1149 2510 ad
1174 2477 1276 2511 Anth.
1304 2478 1381 2514 697.

159 2535 219 2578 60)
252 2534 346 2575 Γυνή
380 2533 496 2575 ἡλικία
531 2534 631 2579 παρὰ
666 2532 870 2578 Πυθαγόρᾳ
904 2533 1054 2576 Hesych.
1087 2535 1123 2566 ut
1149 2532 1320 2569 Aristaen.
1351 2533 1378 2568 I.
1408 2534 1461 2576 13,
1487 2533 1541 2570 62.

70 2588 246 2632 Mors-mcci
271 2589 360 2632 γυνή
386 2593 491 2633 nupta
514 2591 710 2633 innuptave.
762 2589 962 2631 Quanquam
989 2586 1075 2631 κόρη
1109 2587 1149 2619 οὐ
1177 2586 1295 2630 μόνον
1320 2586 1339 2629 ἡ
1363 2591 1547 2634 παρθένος

70 2643 158 2677 ἀλλὰ
184 2645 244 2677 καὶ
270 2642 287 2684 ἡ
313 2646 550 2688 γεγαμημένη
576 2645 657 2679 Sch.
688 2644 752 2679 od.
782 2644 901 2678 xviii.
926 2643 1003 2678 279.
1034 2645 1137 2687 Τρεῖς
1159 2644 1338 2686 παρθένοι
1362 2643 1546 2688 Euripides

72 2697 143 2741 [ph.
172 2699 212 2732 A.
238 2699 292 2733 49.
324 2709 385 2741 pro
413 2698 518 2742 κόραι
545 2699 641 2733 dixit.

1201 2752 1264 2793 4*
