1747 3005
142 147 210 189 DE
231 146 356 189 ΝΟΜ.
383 146 601 196 QUORUM
622 146 772 188 CHAR.
793 145 892 187 EST
915 145 1189 188 DENTALIS.
1232 147 1274 188 C.
1299 148 1361 189 IV.
1388 153 1425 196 δ.
1450 149 1482 192 1.
1527 150 1610 192 371

136 256 251 298 libris
287 257 408 297 toties
447 256 593 307 legitur
621 252 803 307 ναυάτης
830 265 904 306 pro
934 251 1139 308 ναυβάτης
1167 268 1202 295 ν.
1234 256 1398 297 Jacobs.
1433 258 1480 298 ad
1512 259 1610 300 Phi-

136 322 252 362 lostr.
285 321 376 362 625).
419 322 559 361 neseio
592 333 642 360 an
682 331 732 360 ex
770 319 929 359 haeresi
962 319 1320 362 Grammaticorum
1352 322 1508 363 fluxerit
1539 325 1606 376 qui

135 387 285 428 nomini
315 387 419 433 ναῦς
448 386 646 435 geminam
680 384 864 425 subolem
897 391 1131 426 assererent
1161 377 1314 439 ναύτης
1345 392 1383 427 et
1412 385 1604 441 ναυάτης.

135 451 300 492 Galatas
340 451 460 491 modo
505 462 526 489 a
559 450 658 491 Gala
687 451 861 502 quodam
892 453 1063 503 Appian.
1093 452 1149 492 Ill.
1181 453 1224 493 Il.
1256 452 1375 492 modo
1408 466 1431 493 a
1462 454 1603 495 colo‘re

133 516 264 557 lacteo
315 517 447 556 dictos
489 516 729 556 fabulantur.
795 516 874 557 Sed
925 518 1153 557 certissima
1201 522 1263 557 est
1309 517 1601 569 adjectivorum

133 582 350 634 derivatio,
388 578 566 633 μύχατος
603 594 625 621 a
663 579 790 633 μύχος
821 587 858 621 et
887 582 1012 622 multo
1044 582 1157 633 plura
1198 582 1248 622 ab
1286 581 1498 632 adjectivis
1527 580 1602 635 μέ-

132 657 272 697 σατος,
311 643 472 696 νέατος,
512 646 714 698 τρίτατος,
755 642 973 698 ὀγδόατος,
1014 659 1118 699 quae
1147 647 1383 687 EuSlatlliuS
1414 647 1506 701 971,
1536 648 1600 690 57.

132 724 222 753 cum
253 710 422 764 ὄρχατος
452 712 668 763 componit.
726 712 789 752 Ab
821 712 882 752 bis
915 713 1043 753 dill'ert
1072 708 1268 765 ἠλέματος
1299 725 1346 754 eo
1381 713 1488 765 quod
1518 711 1604 767 ἤλε-

129 792 206 829 μος
235 789 317 817 non
347 778 546 828 reperitur
577 777 649 817 sed
675 778 794 817 modo
818 773 942 830 ἠλεός,
976 784 1012 818 et
1043 790 1147 830 quae
1178 790 1267 818 cum
1297 779 1452 819 neutris
1484 780 1524 819 in
1554 770 1603 828 οἷς

131 849 170 885 et
200 834 256 895 αὖ
283 845 501 893 conjuncta
532 847 643 882 sunt:
694 839 916 895 ἀγήρατος,
965 839 1173 895 (ἓγείοατος
1201 845 1444 900 πλεονασμῷ
1474 845 1551 885 τοῦ
1580 851 1604 886 ῑ

129 910 215 950 ΕΜ.
246 904 459 958 ἀπείρατος
489 907 597 959 quod
629 909 732 948 salso
766 920 815 948 ex
845 904 1085 959 ἀπείραστος
1114 911 1264 949 factum
1291 909 1439 962 dicunt,
1469 911 1605 951 πανεί-

129 974 250 1021 δατος
288 971 475 1025 (δόρατος)
517 979 553 1013 et
593 985 615 1013 a
645 971 723 1026 κήρ
757 976 1029 1026 compositum
1063 970 1267 1027 ἀκήρατος
1296 975 1404 1026 quod
1437 980 1475 1016 ct
1506 971 1602 1029 ἀκη-

129 1036 272 1092 ράσιος
311 1039 456 1079 dicitur
496 1038 637 1078 ecdem
679 1039 887 1079 intellectu
928 1051 1008 1090 quo
1050 1035 1238 1090 ἀκέραιος
1277 1045 1316 1080 et
1356 1036 1602 1095 ἀκραιφνής,

130 1110 341 1158 postremo
374 1116 479 1156 quae
511 1104 853 1155 superlativorum
884 1105 1017 1144 locum
1051 1105 1230 1145 obtinent
1261 1103 1439 1154 ὕπατος,
1470 1103 1604 1158 πόμα·

127 1185 218 1221 τος,
258 1168 422 1222 ἔσχατος
452 1175 524 1209 etc.
598 1169 679 1210 Sed
710 1181 732 1209 a
763 1170 1031 1209 substantivis
1063 1170 1245 1209 neutrius
1273 1171 1458 1223 generis,
1497 1183 1601 1222 quae

127 1236 347 1287 genitivum
385 1236 425 1274 in
456 1226 551 1281 εἶτ-ος
579 1235 760 1287 mittunt,
797 1234 991 1286 deinceps
1023 1235 1102 1274 alia
1132 1235 1333 1285 producta
1363 1241 1469 1288 sunt,
1500 1231 1601 1288 ἧμα-

125 1315 222 1350 mog,
254 1296 464 1349 οὐθάτιος,
495 1296 731 1348 ὑπουάτιος,
759 1296 1019 1350 παρουάτιος,
1048 1296 1312 1350 παρυόάτιος,
1336 1298 1600 1352 πανημάτιος.

125 1367 176 1407 Et
216 1365 265 1406 ab
297 1364 532 1417 adjectivis,
572 1375 677 1415 quae
713 1369 833 1404 antea
873 1365 1114 1416 memoravi,
1153 1370 1302 1416 poetae
1334 1377 1457 1416 porro
1499 1378 1602 1419 pro-

126 1434 274 1484 pagant
294 1426 517 1482 μεσσάτιος,
548 1427 730 1479 νειάτιος,
763 1425 964 1479 ὁσσάτιος,
994 1427 1208 1476 τοσσάτιος
1233 1442 1267 1471 v.
1297 1431 1519 1472 Bernllard.
1551 1432 1601 1473 ad

127 1497 244 1538 Dion.
273 1496 364 1536 363.
397 1508 420 1535 a
449 1495 596 1547 quibus
626 1493 854 1548 τρισσάτιος
883 1496 1007 1536 distat
1037 1507 1086 1535 ea
1115 1496 1274 1536 ratione
1305 1494 1414 1548 quod
1442 1498 1602 1549 τρίσσα-

125 1576 194 1610 τος
211 1573 292 1602 non
313 1566 433 1613 extat,
452 1558 634 1612 ἐσχάτως
654 1573 763 1614 vero,
783 1559 989 1608 ὁευτάτιος
1008 1566 1045 1601 ct
1064 1557 1252 1608 ὑστάτιος
1271 1566 1441 1614 propter
1467 1563 1602 1614 primi-

128 1629 300 1668 tivorum
323 1627 700 1679 conformationem,
717 1628 908 1667 universa
929 1632 1063 1666 autem
1086 1625 1135 1665 ad
1155 1637 1285 1677 genus
1307 1627 1602 1677 adjectivorum

128 1694 354 1746 pertinent,
393 1703 495 1743 quae
527 1691 577 1731 ad
608 1692 758 1743 aliquid
790 1692 896 1732 dicta
928 1695 1127 1731 vocantur
1157 1690 1304 1730 similia
1336 1692 1600 1744 ordinalibus‚

128 1758 415 1810 comparativis
447 1761 485 1797 et
516 1757 880 1808 pronoininatibus.
931 1757 1075 1796 Verum
1107 1754 1155 1795 de
1185 1755 1261 1794 hac
1292 1766 1334 1795 re
1365 1756 1479 1796 alias.
1528 1757 1603 1796 Εἴ-

125 1838 248 1870 νατος
269 1824 355 1863 sive
376 1822 560 1862 Εἶνατοιν
579 1822 725 1862 Cretae
745 1822 861 1862 locus
887 1822 948 1862 vel
978 1822 1127 1872 Lyciae
1159 1820 1416 1872 penultimam
1435 1821 1600 1861 brevem

126 1891 278 1931 habere
310 1893 494 1940 constat,
533 1888 626 1927 item
659 1886 989 1938 andronynncum
1009 1883 1198 1936 Ἔλατος,
1242 1885 1346 1924 unde
1377 1885 1599 1926 existimari

126 1949 524 2008 possunt’fflan'oev
555 1957 593 1992 et
624 1952 827 1993 Εἱλατίωυ
858 1952 1014 1999 (omiss.
1039 1953 1077 1992 in
1105 1953 1193 2002 Th.)
1223 1950 1385 1991 Lucian.
1417 1949 1465 1989 de
1498 1950 1598 1991 salt.

127 2026 166 2070 ὃ.
199 2020 260 2061 14.
293 2016 490 2059 Γαλιὲτωυ
520 2019 692 2070 pictoris
722 2029 869 2058 nomen
901 2016 1246 2070 pronunciandum
1278 2012 1434 2052 videtur
1458 2019 1500 2054 ut
1523 2014 1596 2055 Ga-

125 2086 220 2139 lata,
256 2084 440 2135 Πέρατος
469 2084 644 2135 Neptuni
675 2084 778 2123 filius
800 2084 917 2123 Pans.
941 2083 984 2123 II.
1006 2085 1042 2134 5,
1066 2082 1104 2122 7.
1136 2085 1176 2118 ut
1196 2076 1377 2127 Ἔλατος,
1404 2074 1598 2132 Ἀπριάτη

126 2152 261 2204 puella
290 2150 491 2191 Lesbiaca
511 2149 695 2190 Parthen.
717 2162 749 2189 c.
769 2149 903 2189 XXVI.
928 2147 976 2187 ad
1008 2144 1230 2195 exemplum
1254 2142 1454 2193 adjectivi.
1493 2144 1599 2184 Lon-

126 2228 218 2267 gum
248 2228 345 2257 vero
377 2215 585 2267 Καίρατος
606 2215 751 2255 Cretae
778 2214 933 2264 ssuvius,
968 2210 1201 2260 Πλευρᾶτος
1231 2219 1302 2247 rex
1332 2207 1492 2259 illyriae
1521 2208 1598 2249 Po-

125 2282 206 2333 lyb.
238 2281 284 2322 X.
311 2281 376 2322 41.
409 2286 580 2322 accentu
609 2281 767 2333 italico,
807 2279 899 2318 alibi
931 2272 1162 2325 Πλεύρατος
1191 2284 1363 2325 graeco,
1407 2278 1443 2313 et
1474 2271 1598 2326 ἄρρα-

126 2361 194 2394 τος
232 2345 612 2398 adjectivunrquod
649 2351 808 2385 veteres
849 2354 871 2381 a
910 2340 1011 2392 ῥαίω
1052 2339 1321 2390 compositum
1363 2337 1524 2378 tradunt
1562 2350 1597 2379 v.

129 2411 364 2452 Schneider.
403 2411 453 2452 ad
480 2411 578 2452 Plat.
618 2411 700 2451 Civ.
735 2410 776 2448 ll.
808 2408 897 2448 232.
929 2410 990 2458 et,
1028 2409 1148 2457 puto,
1188 2403 1378 2455 νηνίατος
1409 2403 1497 2442 sive
1526 2417 1597 2455 νη-

125 2477 288 2527 νίατον,
329 2478 364 2517 si
404 2489 427 2517 a
465 2478 611 2517 naenia
649 2475 866 2515 derivatum
908 2477 979 2511 est.
1047 2469 1312 2510 Substantiva
1343 2468 1495 2520 primae
1525 2467 1601 2508 de-

128 2543 358 2583 clinationis
399 2542 643 2593 masculina,
684 2550 785 2589 quac
821 2550 843 2577 a
882 2536 1018 2576 verbis
1050 2533 1254 2575 secundae
1297 2533 1600 2584 conjugationis

127 2609 371 2661 perispastis
403 2607 584 2647 derivata
605 2607 710 2656 sunt,
741 2613 914 2643 necesse
946 2606 1005 2641 est
1037 2601 1179 2640 horum
1211 2599 1328 2651 sequi
1357 2607 1601 2650 mensuram,

127 2671 280 2726 ἐλάτης,
310 2669 470 2724 ὁρατῆς,
497 2665 674 2721 ἱερατεύς
704 2672 779 2708 etc.
820 2667 856 2707 A
874 2666 1105 2707 nominibus
1131 2665 1315 2705 locorum
1338 2662 1459 2704 ducta
1481 2661 1603 2715 alpha

1234 2727 1326 2771 24*
