1731 3021
135 126 228 171 296
588 133 1025 182 DISSERTATIO
1072 139 1136 183 VI.

132 235 287 288 pellare
316 237 476 280 videtur
504 238 647 290 κτένας
675 240 908 298 ἕλκητῆρας,
939 247 1049 299 quod
1073 249 1319 303 interpretes
1341 255 1473 298 minus
1497 262 1610 301 recte

134 300 183 342 de
216 313 317 343 occa
349 306 566 357 accipiunt.
624 309 703 350 Pro
743 308 1009 364 ἀρθροπέδαυ
1037 311 1194 367 στήμον
1224 317 1302 368 (510
1334 325 1396 362 est
1425 323 1467 363 in
1497 324 1609 378 cod.)

134 366 229 417 quid
264 368 331 409 ille
363 372 600 427 scripserit,
646 387 793 417 vereor
829 381 873 419 ut
912 377 1184 422 demonstrari
1213 385 1367 438 possit3
1416 387 1467 429 ad
1505 400 1610 431 con-

132 432 331 482 jecturam
374 437 473 477 nihil
519 441 690 491 propius
738 447 802 483 est
843 454 962 494 quam
1000 439 1233 494 ἀρπεδόυαυ
1269 449 1509 502 στρεπτάν.9
1565 456 1610 497 In

132 497 253 538 Anth.
284 500 346 540 VI.
381 502 470 544 160.
509 499 715 560 ἁρπεδόνη
753 505 924 561 στρεπτή
964 508 1109 551 dicitur
1146 513 1252 555 filum
1292 516 1410 557 lanae
1448 519 1558 570 quod
1587 532 1610 561 e

134 562 228 603 colu
259 564 430 620 ducitur,
469 568 548 610 hoc
580 576 714 613 autem
744 573 838 613 loco
869 574 1001 628 linea,
1042 588 1122 629 qua
1151 578 1356 621 hortulani
1386 593 1506 624 areas
1534 583 1609 625 de-

133 630 372 685 metiuntur,
411 633 451 674 id
493 635 602 686 quod
655 648 705 677 ex
742 639 1065 690 agrimensorum
1102 645 1267 686 nomine
1308 641 1611 697 ἀρπεδονάπται

134 694 271 746 colligi
301 702 464 750 potest;
512 700 699 742 Germani
726 702 1001 747 Messsclmur
1030 708 1249 763 appellant,
1280 722 1361 763 qua
1391 713 1485 754 olim
1514 719 1609 757 ute-

131 757 280 800 bantur
310 773 384 812 pro
417 763 665 816 decempeda
695 767 969 822 (Messkette).
1016 773 1163 815 Verum
1187 774 1236 816 de
1266 776 1403 818 haere
1426 779 1557 822 nimis.
1573 781 1610 808 1⁰

132 823 298 865 Vocalis
330 832 355 866 δ
383 828 534 869 nullum
566 834 630 871 est
670 833 897 884 exemplum
927 841 1091 887 praeter
1121 835 1343 895 ἀργέλοφοι
1372 843 1459 884 51νο
1489 842 1609 899 ἀργί-

131 888 268 941 λοφοι,
300 890 353 931 de
383 903 463 944 quo
493 904 544 934 ne
573 895 653 936 hoc
683 897 843 949 quidem
874 905 1039 942 constat
1069 904 1293 958 simplexne
1324 908 1377 948 sit
1407 920 1459 949 an
1489 921 1609 952 com-

132 955 313 1005 positum
344 961 387 996 ut
416 957 688 1014 πυρσόλοφοι,
719 963 876 1015 virique
905 976 1054 1008 nornen
1080 967 1269 1024 Τόλοφος
1290 973 1411 1014 Thuc.
1432 974 1492 1016 III.
1516 976 1605 1018 100.

133 1024 174 1060 et
209 1021 367 1063 urbium
404 1022 608 1078 Τολοφώυ
646 1032 686 1068 et
714 1028 948 1084 Κολοφών,
994 1033 1103 1084 quod
1133 1038 1299 1089 saepius
1330 1049 1404 1089 pro
1435 1042 1609 1092 κορωνίς

132 1089 173 1125 et
200 1085 366 1141 κορυφή
399 1089 544 1131 dicitur
574 1104 597 1133 a
629 1096 831 1135 communi
862 1097 1042 1138 sortasse
1075 1100 1242 1150 origine.
1282 1101 1363 1142 Sed
1386 1103 1476 1155 ipse
1499 1117 1608 1148 nunc

131 1150 225 1191 huic
245 1152 513 1205 disputationi
534 1158 807 1210 colophonem
826 1161 1043 1213 imponam.
1073 1164 1232 1205 Etenim
1248 1168 1332 1217 jam
1352 1169 1449 1209 nihil
1465 1182 1608 1224 super-

133 1220 197 1257 est
227 1229 346 1269 quam
378 1232 481 1272 quae
514 1222 804 1275 Theognostus
834 1228 959 1267 refert
988 1239 1026 1280 p.
1056 1228 1120 1270 76.
1153 1227 1351 1284 ἄργυφος,
1380 1231 1605 1291 κόσσυφος,

131 1280 388 1337 κολόσυφος,
428 1284 627 1341 κόρυφος,
674 1302 844 1341 quorum
874 1293 1043 1344 primum
1075 1294 1125 1334 ab
1155 1291 1280 1348 ἀργός
1310 1298 1532 1344 derivatum
1562 1309 1606 1346 ut

131 1345 344 1402 κόσσυφος
374 1363 397 1391 a
425 1349 567 1400 κόττος
594 1351 706 1406 ὄρνις
733 1355 828 1397 Hes.
860 1354 961 1397 κότα
990 1359 1141 1410 gallina
1168 1362 1231 1402 Du
1260 1363 1383 1416 Cang.
1427 1367 1605 1412 Tertium

129 1414 195 1454 vel
235 1415 393 1457 incuria
428 1418 686 1460 librariorum
724 1432 773 1461 ex
804 1421 963 1464 duobus
994 1427 1172 1477 propriis
1202 1425 1425 1483 Κόττυφος
1454 1439 1493 1474 et
1521 1436 1604 1485 Σί-

130 1488 265 1533 συφος
295 1487 549 1524 contractum
581 1489 643 1525 est
674 1486 738 1526 vel
768 1499 842 1538 pro
874 1494 1018 1530 neutro
1041 1488 1219 1544 κέλυφος
1243 1494 1463 1552 subrepsit,
1494 1502 1604 1552 quod

131 1546 217 1586 sive
248 1558 271 1587 a
301 1545 448 1600 γλύφω
489 1551 620 1590 extitit
650 1556 692 1591 ut
721 1552 856 1602 gluma
885 1566 908 1594 a
936 1555 1082 1609 glubo‚
1121 1558 1208 1598 sive
1239 1570 1262 1599 a
1291 1559 1480 1603 καλύπτω
1513 1577 1603 1609 cum

130 1611 323 1652 antithesi
353 1615 506 1664 primae
538 1620 578 1655 et
609 1618 739 1656 ectasi
769 1619 997 1669 secundae,
1030 1632 1053 1660 a
1081 1626 1227 1663 nostro
1259 1628 1475 1678 proposito
1507 1634 1604 1672 tan-

129 1676 305 1717 tumdem
345 1679 475 1720 abest.
532 1680 780 1722 Femininum
811 1688 974 1734 praeter
1003 1685 1170 1740 κορυφή
1199 1690 1348 1731 nullum
1378 1697 1602 1751 reperitur;

127 1753 219 1781 nam
250 1738 391 1797 ἀσύφη
423 1746 627 1786 exoticum
658 1751 720 1787 est
752 1750 947 1790 aromatis
977 1761 1138 1807 nomen,
1171 1755 1279 1806 quod
1305 1757 1530 1802 Salmasius
1559 1764 1603 1805 in

126 1806 254 1848 Plinn.
287 1808 379 1850 919.
411 1809 452 1850 C.
494 1822 544 1850 ex
573 1812 730 1854 Arrian.
762 1814 921 1865 Erythr.
954 1827 992 1867 p.
1024 1817 1112 1859 149.
1153 1821 1256 1861 scite
1286 1824 1465 1866 restituit
1494 1828 1601 1869 Dio-

128 1873 281 1913 scoridi
310 1874 338 1914 Ι.
363 1874 424 1915 12.
454 1886 477 1915 a
505 1877 745 1928 Sprengelio
779 1882 929 1921 temere
958 1882 1198 1934 neglectum.
1239 1886 1487 1943 Diphthongi
1505 1893 1602 1934 nul-

126 1937 190 1978 lae
227 1944 426 1991 apparent
466 1942 544 1982 nisi
582 1943 624 1983 in
660 1944 816 1984 verbali
856 1941 1008 2000 ἆλοιφή
1050 1952 1088 1989 et
1127 1954 1353 2003 peregrinis
1379 1949 1601 2011 Ἀρνοῦφις

125 2002 244 2044 Dion.
287 2004 402 2047 Cass
432 2006 566 2049 LXXI.
595 2007 633 2050 8.
675 2009 785 2061 quod
815 2022 878 2063 ap.
917 2013 1027 2055 Suid.
1066 2023 1434 2070 proparoxytonon
1463 2026 1527 2063 est
1557 2029 1600 2066 ut

213 2170 250 2213 9)
276 2171 313 2205 Si
338 2174 375 2205 ut
400 2171 636 2216 μανόστημος
659 2175 707 2209 ita
731 2175 906 2220 εὕστημος
928 2178 985 2214 vel
1010 2178 1170 2224 ἄστημος
1194 2184 1354 2217 testatum
1379 2190 1485 2231 esset,
1510 2199 1598 2233 pro..

123 2225 238 2266 posito
265 2227 510 2269 praetulissem
535 2228 706 2272 ἅρπεδόιί
734 2231 924 2275 εὕστημον.

217 2291 275 2333 10)
309 2292 347 2325 In
371 2292 488 2336 Epigr.
525 2296 681 2337 proximo
712 2306 745 2330 n.
771 2297 848 2333 296.
883 2299 1023 2334 dedicat
1055 2300 1179 2345 aliquis
1212 2302 1278 2338 deo
1313 2304 1506 2351 ποδάγρην
1537 2311 1600 2344 καὶ

126 2343 309 2383 δούνακας
333 2346 557 2391 (ἔντυκτῆρας
574 2351 634 2381 καὶ
659 2351 738 2385 λίνα
766 2372 806 2377 -
835 2353 984 2395 ἰοδόκην
1006 2356 1068 2388 καὶ
1094 2357 1204 2390 army
1228 2358 1280 2391 ἐπ’
1307 2360 1431 2405 ὄρτυγι
1455 2375 1598 2410 Inpav-

123 2401 236 2432 θέντα
265 2402 325 2433 καὶ
350 2402 499 2435 πλωτῶν
523 2404 688 2442 &naenig
712 2405 930 2450 ἀμφίβολον,
957 2410 1080 2452 quibus
1110 2412 1304 2448 nominibus
1332 2419 1506 2454 venatoris
1538 2421 1598 2455 in-

123 2457 311 2491 strumenta
339 2456 489 2492 describi
512 2462 641 2502 putant.
690 2461 760 2496 Sed
785 2462 892 2499 αῦλὸς
916 2463 967 2497 ἐπ’
998 2466 1122 2510 ὄρτυγι
1147 2487 1187 2492 —
1219 2469 1311 2504 clare
1344 2469 1492 2507 fistulam
1529 2484 1597 2509 au..

123 2512 336 2553 eupatoriain
356 2511 539 2556 significat,
566 2518 600 2549 et
623 2516 769 2558 proinde
794 2518 932 2551 πλωταί
958 2523 1034 2554 sunt
1060 2530 1141 2556 aves
1162 2526 1356 2567 aquaticae,
1382 2536 1466 2569 quas
1482 2528 1597 2573 Apol-

121 2564 234 2599 lonius
260 2566 303 2600 11.
334 2567 430 2602 1053.
458 2568 630 2606 πλωάδας
652 2575 771 2614 vocat3
818 2583 878 2617 pro
907 2574 1145 2621 ἀντυκτῆρες,
1184 2579 1240 2612 cui
1265 2579 1457 2617 Brunckius
1491 2586 1596 2618 αἰθυ-

121 2620 248 2663 κτῆρες
272 2621 457 2666 substituit,
484 2624 705 2662 scribendum
731 2630 785 2664 est
810 2627 1023 2674 ἁνδικτῆρες
1047 2631 1081 2666 id
1107 2635 1159 2668 est
1186 2634 1404 2680 tendiculae3
1431 2637 1598 2682 ἄνδίκτης

121 2672 218 2712 εἶδος
241 2676 395 2721 παγίδος
420 2678 495 2714 EM.
