1699 3021
221 139 290 182 DE
320 136 611 180 NOMINIBUS
642 135 696 178 IN
728 138 757 177 ῦ
779 134 1126 178 EXEUNTIBUS.
1160 137 1201 179 C.
1224 138 1420 189 V11.§.1.
1487 143 1570 187 241

96 250 245 302 Theog.
273 247 367 290 860.
399 247 550 300 quippe
589 245 831 299 significatio
871 246 1083 298 utriusque
1114 247 1269 288 formae
1310 249 1452 292 eadem
1492 256 1570 307 est,

94 318 139 357 ut
177 315 220 355 in
261 313 398 354 verbis
436 309 565 365 κέρχω
601 309 777 365 κέρχνω,
820 312 882 353 sio
919 311 959 351 in
995 312 1228 353 nominibus
1269 310 1378 368 ὄμπη
1417 313 1568 373 ὄμπνη,

92 377 233 435 μύῤῥα
259 375 467 431 σμύρνα,3
495 375 643 430 περκός
669 374 856 430 περκνός,
887 372 1019 429 ὀρφός
1050 378 1214 429 (Parall.
1244 378 1355 433 344.)
1394 378 1566 434 ὀρφνός,

91 442 211 493 πελός
248 445 336 486 sive
373 441 516 492 πελλός
555 444 690 496 pullus
729 439 872 490 πιλνός
910 439 1034 495 φαιός
1071 443 1166 484 HeS.
1207 455 1311 496 quae
1350 448 1566 492 antithesis

91 510 250 553 vocalis
289 521 417 562 saepe
454 510 672 550 verborum
711 513 856 550 auctus
892 509 1120 561 insequitur
1155 509 1340 565 πίλνημι,
1388 513 1566 567 πίτνημι,

91 576 227 618 τίκτω.
286 575 367 617 Sed
406 575 510 615 inter
549 571 697 626 σισύρα
737 578 776 615 et
814 570 990 626 σισύρνα
1025 574 1265 616 Ammonius
1302 577 1567 632 aliquippiam

90 643 296 684 interesse
326 641 481 682 statuit.
549 641 617 682 Sic
655 640 776 680 etiam
814 651 936 692 quum
975 639 1054 681 duo
1092 641 1174 681 sint
1213 642 1339 683 verba
1377 643 1567 690 diversae

90 709 315 762 potestatis
344 703 452 746 πλέω
480 701 527 745 τὸ
557 702 679 746 πλώω
711 710 750 746 ct
777 702 885 746 πλέω
914 702 960 746 τὸ
989 703 1151 759 πλήθω,
1183 717 1234 747 ne
1264 718 1344 760 qua
1364 711 1566 764 ambigui-

92 777 157 816 tas
193 775 381 826 oriretur,
413 772 463 812 ab
494 771 564 813 illo
594 769 732 825 πλήμη
760 767 786 825 ἡ
816 769 1010 825 πλήμυρα
1039 771 1263 813 derivatum
1294 778 1369 828 est,
1404 777 1454 818 ab
1485 778 1565 820 hoc

89 835 264 892 πλήμνη.
322 839 434 879 Illam
465 849 561 879 vero
593 849 805 889 syncopae
836 838 1115 890 suspicionem
1154 849 1287 890 neque
1325 852 1565 896 usquequa-

91 916 170 958 que
198 904 452 955 respuimus,
482 913 615 954 neque
655 905 848 945 continuo
892 904 1046 957 omnia,
1085 915 1190 956 quae
1216 904 1419 948 *breviora
1457 912 1565 963 sunt,

88 970 298 1011 Imminuta
327 979 422 1009 esse
453 972 669 1020 puta1nus3
707 980 799 1009 nam
829 969 914 1009 fieri
951 973 1092 1021 potest
1130 973 1173 1009 ut
1211 974 1384 1025 utraque
1423 976 1565 1016 termi-
1629 1012 1641 1024 ,

88 1036 202 1077 natio
234 1045 423 1076 seorsum
453 1038 551 1074 nata
581 1034 635 1074 sit
664 1034 785 1075 modo
818 1035 910 1075 soni
940 1034 1123 1074 variandi
1154 1046 1281 1076 causa
1308 1042 1350 1078 ut
1379 1034 1565 1092 ὀρφανός

88 1097 246 1155 ὀρφνός
273 1113 310 1142 v.
339 1101 460 1152 Inttp.
491 1099 542 1140 ad
571 1100 746 1151 Hcsych.
779 1111 812 1141 s,
838 1095 1094 1152 Ὀρφαναία,
1126 1101 1248 1142 modo
1281 1101 1402 1144 etiam
1432 1106 1564 1157 signi-

87 1166 290 1209 ficationis
319 1170 363 1207 ut
391 1166 526 1219 λίχνος
553 1161 758 1217 λι»χανός.4
814 1165 922 1206 Idem
951 1167 993 1207 fit
1023 1167 1172 1207 ceteris
1202 1164 1429 1211 vocalibus.
1487 1167 1564 1211 Φέ-

87 1247 185 1288 ρενα
214 1237 254 1274 et
283 1230 426 1285 φερνή,
455 1230 643 1277 παίδινος
670 1226 695 1283 ἡ
725 1231 917 1285 παιδίσκη
946 1232 1040 1273 Hes.
1070 1236 1109 1273 et
1133 1229 1317 1283 παιδνός,
1349 1235 1458 1285 quod
1487 1248 1563 1278 ve-

87 1304 217 1341 terum
247 1297 431 1338 nonnulli
466 1308 491 1337 a
518 1297 645 1346 παίζω
678 1296 902 1337 derivatum
932 1299 1119 1349 putant,5
1156 1296 1327 1351 τόρονος
1365 1296 1387 1340 ὁ
1416 1298 1564 1354 τόρνος

92 1367 341 1418 Ταραντῖνοι
378 1362 474 1403 Hes.
513 1362 594 1402 hoc
633 1362 875 1414 pleonasmo
915 1365 1110 1418 propius,
1153 1365 1223 1406 illa
1264 1366 1409 1419 ellipsi.
1479 1369 1562 1410 Sed

85 1432 275 1483 utrinque
305 1429 457 1482 pariter
487 1428 612 1469 distat
642 1425 854 1481 στρωμνή,
901 1429 1010 1481 quod
1042 1441 1092 1471 ex
1121 1428 1321 1485 στορέμνη
1351 1435 1563 1476 concisum

86 1508 182 1539 esse
213 1496 417 1537 fabulatur
445 1495 562 1535 ΕΜ.ο
599 1505 676 1537 nec
713 1495 878 1536 veriora
917 1495 1021 1536 duco
1061 1508 1165 1548 quae
1207 1498 1481 1542 Sclmeiderus
1520 1502 1562 1542 in

86 1563 183 1605 Lex.
213 1566 253 1603 et
283 1561 351 1602 alii
381 1561 742 1602 comminiscuntur
771 1557 950 1614 στάμνος
979 1572 1030 1602 ex
1060 1559 1294 1617 ἱστάμενος,
1326 1562 1508 1619 σκύμνος
1538 1579 1560 1609 e

174 1748 212 1792 3]
237 1746 370 1791 ,ιΙῦῤῥα
405 1745 422 1788 ἡ
449 1745 591 1792 σμίρνα
622 1747 705 1791 παρ’
731 1746 897 1780 Aloidae
919 1747 1045 1783 Athen.
1072 1748 1138 1784 XV.
1166 1750 1242 1787 688.
1271 1750 1309 1786 C.
1340 1751 1449 1787 Omisi
1476 1766 1558 1800 κρυ-

87 1803 174 1849 μός,
210 1801 388 1848 κρυμιιός,
424 1803 504 1845 quia
535 1811 600 1835 non
636 1804 719 1837 satis
746 1805 911 1837 munitum
937 1807 1007 1846 est3
1033 1805 1186 1848 Kpcfiluog
1211 1805 1321 1841 Cram.
1350 1808 1393 1842 11.
1420 1808 1497 1844 330.
1525 1813 1560 1846 et

86 1860 263 1905 K915J11‘05
288 1860 360 1893 sive
385 1858 558 1901 Κρῶμνα,
586 1858 730 1893 sortasse
757 1859 873 1902 aliqua
902 1859 1067 1894 cohaeret
1087 1871 1163 1895 cum
1191 1862 1351 1907 κρημνός
1379 1866 1455 1900 sive
1480 1877 1558 1911 ²9⁸-

91 1914 194 1960 μνός,
222 1913 314 1958 quod
342 1913 539 1957 praeferunt
565 1914 782 1947 Grammatici
811 1914 921 1948 Ciam.
949 1915 992 1948 II.
1018 1915 1094 1959 384,
1125 1917 1176 1952 12.

173 1970 212 2012 4)
236 1968 386 2009 dariam]
416 1972 450 2003 et
478 1968 637 2002 damnum
664 1974 741 2003 sunt
765 1971 822 2013 qui
850 1976 1075 2014 componunt3
1103 1982 1168 2007 nec
1193 1973 1402 2015 repudiandi
1430 1975 1557 2011 viden-

86 2030 150 2062 tur.
197 2025 287 2060 Illud
314 2025 512 2060 Καπανέως
538 2025 651 2068 δέμας
675 2026 876 2058 καπνοῦται
900 2026 981 2060 Eur.
1022 2028 1142 2071 Suppl.
1177 2029 1253 2064 497.
1296 2028 1437 2065 forSiIan
1469 2032 1556 2068 Tra..

88 2083 245 2126 gicorum
275 2083 503 2114 commentum
526 2078 626 2114 suerit
651 2091 693 2115 cx
720 2085 831 2124 etymo
857 2081 993 2119 καπνός
1019 2082 1168 2116 ductum.

174 2138 211 2180 5)
238 2133 397 2171 Παιϋνός
432 2133 502 2166 ἀπὸ
531 2134 592 2167 τοῦ
619 2137 730 2175 παίζω
760 2134 804 2172 ὡς
833 2136 1062 2175 ιἰλαῑιαιῖνός,
1101 2138 1326 2182 ὁλοςῑυῶιός,
1365 2140 1482 2176 Schol.
1518 2143 1558 2177 Il.

85 2192 124 2227 V.
149 2192 226 2228 683.
250 2191 347 2225 Eust.
376 2190 471 2232 1900,
499 2190 532 2225 4.
576 2191 703 2225 Verum
730 2191 818 2227 haec
843 2202 862 2226 a
886 2194 1071 2236 paragogis
1097 2193 1199 2228 (lucta
1222 2199 1299 2229 sunt
1322 2199 1359 2229 ut
1380 2206 1399 2231 a
1425 2200 1559 2241 κομίζω

85 2245 231 2291 κομιδή,
258 2246 321 2281 sed
347 2255 366 2280 a
391 2247 502 2284 παίζω
528 2247 557 2280 si
588 2246 712 2282 Graeci
740 2248 957 2284 derivassent
985 2248 1204 2293 adjectivum,
1231 2250 1265 2283 id
1291 2251 1445 2295 παιγνὸς
1471 2252 1560 2289 soret

85 2306 122 2337 ut
147 2302 188 2337 ab
214 2301 345 2345 ἅζομαι
371 2299 492 2344 ἁγνός.

175 2358 211 2400 6)
238 2355 415 2401 Σῑρωμνή
441 2366 461 2390 a
483 2355 622 2400 βρώμη,
643 2357 791 2402 γνώμη,
820 2358 940 2404 τρώμη
964 2359 1076 2394 differt
1095 2360 1186 2404 quOtl
1207 2360 1431 2396 substantiam
1443 2363 1558 2406 Signi-

87 2411 167 2446 sicat
190 2413 300 2446 solum
335 2422 401 2445 non
439 2414 630 2457 actionem,
665 2425 779 2458 neque
814 2416 942 2449 scimus
978 2419 1087 2449 utrum
1114 2417 1320 2458 primitivum
1350 2419 1393 2452 sit
1421 2419 1559 2463 στρώνη

88 2471 126 2502 ut
151 2466 258 2507 ζώνη,
284 2466 425 2511 γρώνη,
453 2467 596 2511 σμώνη,
634 2480 675 2503 an
708 2471 800 2514 quod
828 2471 930 2513 vulgo
956 2472 1100 2504 sumitur
1126 2471 1283 2516 σῐρώμη.
1334 2473 1385 2508 De
1412 2478 1558 2510 accentu

89 2522 199 2557 Cram.
220 2522 246 2555 I.
268 2522 322 2557 48.
349 2522 393 2554 τὰ
418 2524 468 2559 εἰς
495 2515 546 2564 11—17—
560 2525 636 2568 μετ’
665 2524 858 2567 ἐπιπλοκῆς
874 2525 1068 2571 βαρύνεται
1093 2528 1223 2570 ὄργιἠ,
1246 2528 1363 2572 λίμνη·
1394 2528 1431 2562 τὸ
1459 2529 1558 2573 ἀκμή

88 2577 146 2611 ἐπὶ
172 2578 342 2620 ἄκμονος·
369 2578 569 2612 ἀντιπίπτει
602 2579 639 2612 τὸ
666 2580 836 2625 σιροψινὴ
869 2583 930 2614 καὶ
962 2582 1067 2625 lazur}
1093 2584 1153 2615 καὶ
1175 2582 1297 2627 Ἱσχνά
1327 2582 1427 2621 πόλις
1450 2585 1555 2619 scrib.

88 2632 127 2666 τὸ
153 2630 250 2675 ἄμνή
285 2631 355 2665 ἀπὸ
379 2632 442 2665 τοῦ
471 2634 605 2677 ἰέμενος
631 2635 683 2678 (ld
711 2641 763 2671 est
789 2635 926 2680 ἄμενής
950 2647 982 2672 v.
1009 2637 1084 2672 EM.
1109 2639 1164 2682 84,
1189 2639 1263 2682 30.)
1290 2638 1405 2683 ἄμνός
1432 2661 1469 2665 -
1499 2643 1559 2674 καὶ

84 2679 182 2731 Ἰχ-’νή
209 2687 269 2719 καὶ
290 2686 389 2731 ’lxvii
414 2687 525 2729 πόλις,
552 2691 642 2728 unde
669 2694 778 2735 Ηῇιιις
799 2693 947 2736 Ἰχναία.

138 2755 279 2785 ludu-ck.
308 2756 488 2795 l’allmlng.
1235 2752 1285 2793 16
