1731 3021
142 168 234 213 268
617 159 1051 206 DISSERTATIO
1101 159 1142 199 V.

141 284 181 320 et
218 277 311 318 huic
349 276 594 317 simillimum
633 269 797 327 ἀχηρές,
850 270 959 323 quod
1000 268 1258 309 Grammatici
1305 267 1384 307 alio
1436 267 1615 307 remedio

141 344 407 385 amoliuntur:
439 337 591 394 ἀχηρής
620 337 665 380 ἐκ
692 340 767 379 τοῦ
798 333 952 389 ἀχαρής
989 331 1147 375 ἐκτάσει
1175 333 1250 372 τοῦ
1281 336 1309 372 ἄ
1335 332 1391 379 εἰς
1419 339 1469 386 ῆ,
1513 328 1618 372 διότι

141 406 337 459 ὀξύνεται·
371 404 422 449 οὐ
451 404 529 462 γὰρ
559 402 639 446 ἀπὸ
669 406 745 446 τοῦ
775 401 873 456 ἄχος
903 399 958 449 ὡς
989 400 1106 453 ξίφος
1139 396 1313 452 ξιφήρης
1333 399 1420 440 ΕΜ.
1440 397 1530 451 181,
1556 397 1617 439 15.

141 476 190 517 (16
222 487 301 527 quo
328 477 413 527 jam
438 474 623 526 judicare
650 483 734 512 non
762 479 986 522 possumus
1018 466 1163 506 deletis
1202 464 1392 505 vocabuli
1421 463 1618 516 exemplis

144 542 344 583 omnibus.
403 541 506 582 Sunt
534 550 631 579 vero
666 538 746 577 alia
776 546 880 586 quae
911 542 1032 584 quum
1063 542 1274 583 paragoga
1302 541 1386 570 non
1427 531 1508 570 sint
1546 541 1619 569 ac-

143 612 306 649 centum
340 611 486 647 contra
515 616 635 657 quam
665 601 867 644 sancitum
899 602 963 639 est
992 599 1033 637 in
1064 597 1286 649 penultima
1306 596 1470 636 habent.
1529 595 1621 636 Pri—

142 684 249 715 mum
280 669 448 725 ὄινήρης,
481 671 530 712 de
561 681 640 721 quo
675 673 810 708 tamen
840 665 1077 715 ambigitur:
1119 659 1282 716 ἀνήρεις
1324 658 1558 712 ἀνάνδρους
1595 658 1622 714 ἢ

143 737 270 793 χήρας
299 736 325 791 ἢ
354 733 591 789 παρθένους
621 730 677 781 ὡς
707 729 900 785 ξιφήρεις,
930 727 974 769 ἐκ
1001 730 1077 769 τοῦ
1108 726 1195 769 ἄνω
1215 725 1464 780 τοῦπράττω
1486 726 1622 770 EM.³³

144 802 301 858 ἄνηρης
340 799 580 854 ἀνδρώδης,
621 799 660 840 οἱ
698 796 741 839 δὲ
770 793 1029 848 ἀνάρμοστος
1056 795 1152 836 Hes.
1208 795 1319 846 Ergo
1349 798 1394 834 *ut
1424 795 1622 845 conjuges

145 867 346 923 συνήοροι
382 873 582 908 vocantur
622 870 662 907 et
701 864 923 906 familiares
965 858 1151 913 Πόταροι
1194 857 1394 914 γνώριμοι
1428 859 1525 900 Hes.
1567 860 1625 899 ita

146 948 229 978 non
265 937 409 977 mirum
453 938 517 975 est
554 934 748 984 innuptas
780 930 911 970 dictas
941 938 1036 968 esse
1075 922 1238 979 ἀνῄρεις
1264 927 1344 967 hoo
1373 930 1436 967 est
1465 926 1625 977 injuges

147 998 445 1056 ἀναρμόστους.
506 1000 685 1040 Tertium
715 995 886 1050 praebet
915 993 1021 1034 idem
1051 992 1380 1045 glossographus
1411 989 1547 1044 Διήρη
1576 988 1627 1031 τὰ

147 1064 201 1109 δι’
246 1064 347 1108 ὅλου
373 1062 612 1120 ἡρμοσμένα
640 1059 854 1114 ἀναλόγως
879 1060 938 1116 τῷ
969 1055 1164 1111 ποδήρης,
1195 1058 1274 1099 hoc
1305 1062 1369 1099 est
1399 1058 1450 1098 ab
1482 1057 1627 1098 eodem

149 1129 343 1187 ἀρηρέναι
374 1132 660 1184 compositum.
720 1127 802 1170 Sed
830 1127 870 1167 id
893 1135 1056 1178 qnoque
1082 1125 1304 1176 paragogis
1322 1124 1468 1164 inserit
1490 1123 1627 1165 Schol.

148 1201 244 1241 Eur.
272 1199 454 1240 Plloenn.
485 1197 549 1238 90.
579 1196 714 1249 διῆρες
745 1191 883 1245 στέγος
912 1187 993 1232 ἀπὸ
1022 1191 1095 1230 τοῦ
1126 1188 1204 1231 δύο
1234 1186 1289 1238 ὡς
1322 1187 1455 1242 μόνον
1493 1185 1628 1242 μονή-

150 1281 235 1319 ρης,
268 1264 377 1317 quod
408 1263 475 1304 alii
507 1264 687 1302 sortasse
720 1272 810 1301 cum
840 1259 967 1299 verbo
1009 1253 1215 1309 ἀραρίσκω
1258 1256 1493 1307 copulatum
1532 1266 1628 1296 esse

152 1334 397 1383 statuerunt,
429 1328 615 1380 exemplo
649 1325 841 1377 adjectivi
869 1320 1057 1375 μονόζυξ,
1090 1323 1129 1362 in
1160 1334 1239 1373 quo
1273 1321 1503 1361 contrarias
1535 1322 1629 1360 uni-

152 1398 248 1439 tatis
267 1401 305 1437 et
325 1395 601 1448 copulationis
622 1394 814 1433 notiones
835 1391 987 1441 pariter
1011 1389 1219 1429 coaluisse
1239 1391 1363 1439 patet.
1395 1386 1477 1427 Sed
1489 1386 1629 1427 eadem

150 1462 366 1514 vocabula,
397 1472 518 1512 quum
540 1460 588 1499 de
609 1459 782 1499 navibus
805 1457 1006 1505 dicuntur,
1027 1459 1246 1505 ceteraque
1267 1452 1499 1504 hujusmodi
1521 1449 1630 1505 τριή-

153 1544 239 1581 ρης,
272 1524 454 1580 ὁεκήρης,
486 1522 667 1577 ἁλιήρης,
696 1520 922 1575 ταχυὴρηςι,
964 1518 1135 1574 ἐπήρης,
1176 1516 1353 1571 κατήρης
1391 1518 1442 1558 ad
1479 1515 1629 1571 ε’ρέσσω

154 1596 357 1646 referunt,
395 1591 504 1644 quod
534 1591 701 1631 verbum
732 1600 853 1640 quum
884 1592 1034 1639 poetae
1065 1596 1191 1637 saepe
1223 1596 1246 1624 a
1275 1584 1510 1635 remigando
1545 1590 1632 1625 tra-

156 1661 305 1702 ducant
336 1658 386 1698 ad
417 1658 622 1697 actionem
653 1660 692 1696 et
724 1654 1000 1705 agitationem,
1032 1662 1115 1691 non
1145 1650 1247 1690 adeo
1287 1649 1470 1690 damnem
1501 1650 1635 1691 Photii

156 1725 411 1766 notationem
442 1718 603 1774 Εὐῆρες
632 1715 846 1772 εὐαγωγόν
876 1713 957 1758 ἀπὸ
987 1722 1059 1771 τῆς
1083 1716 1264 1769 εἰρεσίας,
1282 1715 1319 1741 34
1348 1727 1440 1756 nam
1458 1715 1634 1757 indidem

161 1791 324 1832 ductum
356 1792 419 1829 est
449 1783 672 1839 συνηρέτης
701 1782 927 1837 σύμφωνος
956 1779 1011 1831 ὡς
1052 1778 1271 1835 ἀντηρέτης
1307 1779 1491 1829 ἐναντίος
1519 1782 1635 1823 Phot.

159 1861 199 1898 et
230 1851 431 1908 ὑπηρέτης
460 1854 484 1894 i.
517 1864 552 1905 q.
587 1848 793 1904 ὑπουργός
822 1863 857 1892 v.
889 1850 939 1890 ad
969 1851 1031 1901 Aj.
1066 1849 1182 1890 1329.
1220 1860 1297 1889 nec
1335 1849 1468 1889 minus
1507 1859 1635 1900 saepe

159 1923 273 1963 verbi
313 1916 523 1972 ιἰραρίσκω
562 1919 623 1958 vis
665 1922 702 1957 et
743 1915 1028 1968 componendo
1071 1915 1336 1955 obumbratur
1372 1918 1412 1956 et
1453 1915 1635 1955 transse-

159 1988 286 2029 rendo
326 1992 369 2027 ut
407 1983 542 2026 κάλλει
582 1979 745 2036 ἀραρώς
782 1983 877 2023 Eur.
918 1982 979 2022 El.
1012 1981 1103 2023 948.
1146 1977 1282 2034 κράτει
1320 1975 1484 2033 ἀραρώς
1524 1980 1635 2021 Pind.

161 2055 222 2096 Ol.
252 2054 297 2094 X.
330 2052 393 2094 98.
425 2047 665 2104 ἀπηνείῃσιν
694 2043 858 2101 ἀρηρώς
886 2047 1079 2099 Apolloll.
1109 2047 1154 2087 II.
1188 2046 1304 2087 1202.
1335 2041 1441 2098 ὀσμῇ
1459 2042 1637 2098 κατήρης

160 2121 256 2161 Eur.
286 2119 346 2159 El.
379 2116 471 2159 498.
504 2128 528 2156 a
557 2128 637 2167 quo
671 2110 854 2167 ὀσμήρης
885 2113 1082 2153 tantulum
1114 2111 1286 2152 discedit
1314 2116 1357 2151 ut
1380 2122 1404 2151 a
1425 2110 1637 2150 Gramma-

163 2186 254 2226 ticis
286 2183 561 2225 schismaticis
590 2183 632 2221 in
663 2180 865 2231 synthetis
896 2178 1038 2218 referri
1068 2177 1260 2229 potnerit.
1322 2175 1404 2217 Sed
1432 2175 1503 2215 illa
1521 2177 1640 2217 simi-

159 2251 287 2292 litudo
319 2260 403 2290 non
431 2249 553 2289 efficit
582 2252 626 2287 ut
656 2258 680 2287 a
707 2245 848 2297 regula
879 2244 1017 2284 tonioa
1046 2241 1274 2283 abeundum
1306 2246 1518 2294 putemus;
1546 2253 1639 2283 nam

254 2437 313 2478 33)
339 2436 516 2469 Postrema
545 2431 583 2464 ἐκ
611 2430 671 2463 τοῦ
700 2431 774 2463 ἄνω
799 2450 842 2454 -
866 2439 933 2463 non
954 2428 1020 2462 huc
1038 2429 1209 2471 pertinere
1236 2436 1364 2462 censeo
1392 2428 1455 2463 sed
1474 2429 1516 2463 ad
1539 2429 1641 2473 ἀνήρ,

168 2492 258 2536 qnod
286 2490 479 2533 Etyinologi
505 2497 524 2521 a
548 2486 652 2521 verbo
681 2486 739 2519 illo
765 2489 925 2528 repetere
954 2485 1077 2518 solent.
1128 2482 1309 2523 Quomodo
1338 2482 1470 2529 ἀνήρης
1494 2494 1555 2527 pro
1582 2484 1640 2517 ἀμ.

169 2546 310 2590 Ορώδης
336 2545 405 2578 dici
432 2544 593 2587 potuerit,
620 2551 738 2584 parum
765 2551 945 2585 assequor,
971 2550 1036 2575 nec
1062 2549 1179 2573 verum
1209 2542 1302 2582 puto.

256 2601 317 2644 34)
344 2598 443 2640 Quod
471 2597 647 2632 antecedit
671 2598 804 2639 Εύηρές
829 2596 979 2632 ἐπιεικές
1004 2594 1133 2639 πρᾷον,
1160 2603 1227 2627 11011
1259 2593 1348 2628 hanc
1380 2594 1448 2627 vim
1482 2593 1586 2629 habet
1611 2599 1647 2628 ut

172 2656 437 2690 [iraininaticuin
463 2652 677 2695 significatus
705 2652 861 2687 diversos
888 2655 1032 2685 accentu
1061 2649 1261 2684 distinxisse
1295 2652 1412 2693 putem
1445 2649 1507 2685 sed
1533 2651 1646 2694 potius

170 2710 393 2745 scribendum
419 2709 553 2753 εὐῆρες.
