1699 3021
323 164 390 204 DE
421 163 541 205 MUT.
573 163 780 205 TERMIN.
812 162 1011 205 CAUSIS.
1061 163 1103 205 C.
1123 164 1186 205 III.
1224 169 1261 213 §.
1281 164 1316 206 2.
1502 163 1561 206 57

88 273 180 314 ticis
202 273 342 313 formis
363 284 466 324 quas
487 273 617 314 adhuc
641 283 760 313 nemo
783 271 833 313 ad
853 283 990 313 curam
1002 273 1224 326 revocavit,
1243 284 1382 314 eorum
1398 273 1559 326 quidem

87 339 155 391 qui
190 338 240 378 de
268 348 418 389 graeca
447 343 534 379 arte
564 338 868 389 scriptitarunt3
898 349 991 378 nam
1016 338 1185 378 aliarum
1205 338 1431 390 linguarum
1450 340 1559 381 inve-

86 404 310 456 stigatores
332 404 437 443 hunc
463 404 596 444 locum
617 414 664 443 ea
685 415 764 455 qua
785 414 858 455 par
878 407 942 444 est
962 404 1225 444 accuratione
1247 403 1399 455 dignati
1424 409 1530 446 sunt.

197 474 235 517 ἓ.
255 469 291 510 2.
347 469 378 510 J.
402 468 627 522 Grimmius‚
656 469 718 508 vir
747 470 1142 522 praestantissimus,
1171 469 1212 509 in
1234 468 1405 511 Gramm.
1428 469 1557 512 Germ.

88 534 334 575 T.›111.347.
365 535 578 575 vocabulis
608 535 649 574 in
679 545 803 575 sexus
834 535 955 575 motis
987 534 1286 586 quodammodo
1319 536 1559 588 aequiparat

85 600 276 641 feminina
306 611 355 640 ex
394 599 628 640 masculinis
664 601 873 640 neutrisve
912 611 1115 641 conversa
1151 600 1402 652 hujusmodi:
1440 604 1560 644 Stein

85 665 229 717 (lapis)
250 667 421 706 steiana
443 665 544 716 (olla
563 664 741 716 lapidea)
764 668 839 706 can
861 665 1076 717 (pinetum)
1099 668 1228 707 tanne
1250 667 1402 720 (pinus,
1423 667 1556 720 abies)

85 736 125 772 et
154 730 274 772 bodie
305 732 454 771 usitata
485 730 601 771 Laub
631 730 797 781 Laube,
832 731 944 771 ltoltr
973 731 1147 772 Roelzre.
1203 731 1346 773 Graeci
1375 734 1560 784 magistri

83 797 206 838 modo
224 797 450 837 masculina
470 807 493 836 a
510 796 711 836 femininis
730 800 938 848 repetunt:
959 793 1161 850 στέφανος
1178 793 1201 838 ὁ
1219 795 1370 846 κύκλος
1387 794 1469 839 ἀπὸ
1486 800 1558 852 τῆς

84 859 287 916 στεφάνης
314 863 397 902 τῶν
425 861 636 912 γυναικῶν
665 861 758 902 Sch.
788 862 828 902 Il.
859 862 959 903 XIII.
991 863 1081 904 736.
1118 863 1240 905 modo
1267 865 1368 906 hacc
1398 866 1448 906 ab
1476 867 1557 908 illis

83 925 233 978 ἑσπέρα
262 923 342 967 ἀπὸ
360 927 436 966 τοῦ
456 924 622 978 ἕσπερος
653 927 744 967 Sch.
766 927 808 967 ll.
828 927 945 968 XXII.
976 928 1067 970 318.
1099 930 1376 981 appellatione
1407 931 1558 984 duplici

85 989 198 1041 οἶνος
227 1016 280 1022 —
307 991 400 1044 οἴνη
429 987 454 1044 ἡ
479 988 655 1043 ἄμπελος
674 987 779 1030 κατὰ
795 990 1050 1046 παραγωγήν
1069 995 1317 1046 Theognost.
1338 997 1382 1037 II.
1405 997 1556 1050 22,;25.

82 1057 159 1113 τὴν
187 1058 281 1111 βίαν
307 1053 558 1110 παράγοντες
587 1052 811 1108 ὠνόμασαν
827 1057 919 1109 βίον
940 1056 1069 1110 ὥςπερ
1088 1056 1164 1113 τὴν
1183 1058 1357 1113 ἑσπέραν
1373 1059 1558 1115 “Όμηρος

83 1123 274 1176 ἕσπερον,
314 1120 416 1163 ὅθεν
457 1117 695 1175 ἀντίφωνον
729 1123 805 1163 τοῦ
843 1124 937 1175 βίου
965 1122 1098 1177 ὄνομα
1125 1123 1265 1178 γέγονε
1295 1128 1486 1171 Themist.
1517 1132 1559 1172 iu

86 1192 202 1233 Stob.
243 1191 369 1231 Serm.
410 1187 542 1229 CXIX.
582 1187 646 1228 28.
668 1187 684 1213 3
749 1186 1012 1242 Μάρπησσος
1055 1190 1310 1246 παρώνυμον
1355 1190 1437 1235 ἀπὸ
1482 1197 1559 1237 τοῦ

83 1253 327 1308 Μάρπησσα
363 1250 418 1302 ὡς
455 1251 622 1306 μέλισσα
657 1250 867 1302 Μέλισσος
905 1256 1084 1309 Theogn.
1114 1258 1178 1312 ¹73,
1209 1259 1246 1300 3.
1303 1261 1396 1302 Arc.
1427 1262 1491 1316 77,
1521 1263 1558 1305 5.

84 1321 309 1375 Στάφυλος
336 1317 592 1372 παρώνυμον
619 1315 700 1359 ἀπὸ
729 1321 805 1360 τοῦ
835 1319 1023 1375 σταφυλή
1052 1324 1146 1365 Arc.
1166 1324 1231 1378 57,
1253 1324 1288 1366 5.
1321 1326 1430 1378 quod
1456 1329 1558 1369 Am-

84 1389 245 1431 monius
285 1387 489 1438 disceptat
529 1398 561 1427 s.
591 1386 628 1426 h.
658 1398 693 1426 v,
729 1383 878 1438 λαχνος
913 1386 1176 1442 παρωνύμως
1209 1391 1260 1444 τῇ
1296 1389 1424 1448 λάχνῃ
1465 1394 1557 1436 Sch,

84 1454 157 1497 od.
195 1453 259 1494 IX.
296 1453 387 1493 445.
430 1463 534 1504 quae
570 1463 649 1492 nos
685 1452 917 1493 nominibus
957 1454 1307 1498 denominatorum
1355 1463 1396 1499 et
1432 1470 1559 1511 para-

83 1519 441 1561 schematistorum
472 1518 741 1559 distinximus.
792 1519 835 1558 Si
864 1530 962 1561 vero
996 1521 1204 1573 quaeritur
1234 1534 1432 1575 quaenam
1453 1526 1557 1566 ratio

84 1589 153 1627 aut
183 1585 278 1624 illos
310 1584 469 1625 duxerit
499 1588 567 1624 aut
597 1585 718 1625 nobis
750 1585 959 1636 sequenda
988 1587 1053 1641 sit,
1084 1598 1151 1629 res
1181 1589 1273 1641 ipsa
1297 1600 1374 1630 nos
1394 1590 1434 1630 in
1455 1590 1560 1632 hanc

83 1651 326 1694 sententiam
359 1650 507 1690 ducere
535 1649 693 1689 videtur
722 1655 765 1689 ut
786 1662 873 1691 eam
904 1653 1073 1693 sormam
1103 1655 1345 1705 primitivam
1376 1656 1557 1698 dicamus

85 1719 202 1768 cujus
234 1716 475 1766 significatio
509 1715 733 1765 simplicior
764 1720 803 1756 et
835 1728 858 1756 a
888 1718 1079 1758 sensibus
1120 1720 1310 1773 propior,
1350 1733 1449 1762 usus
1481 1734 1558 1763 an—

85 1782 235 1833 tiquior
266 1781 530 1831 crebriorque
562 1784 636 1820 est.
693 1781 833 1833 Itaque
864 1779 1005 1836 σάλος,
1044 1795 1124 1835 quo
1166 1795 1384 1837 corporum
1421 1792 1557 1829 motus

85 1852 308 1888 aestuosus
355 1845 604 1898 declaratur,
653 1847 766 1897 prius
805 1852 943 1888 natum
984 1849 1258 1899 judicabimus
1298 1863 1416 1903 quam
1455 1850 1558 1907 σάλη

85 1912 267 1967 φροντίς,
300 1916 339 1952 et
358 1908 512 1958 καπνος
534 1912 739 1963 antiquius
761 1924 879 1964 quam
905 1912 1039 1967 κάπνη
1062 1916 1284 1970 fumarium,
1316 1922 1355 1957 et
1375 1918 1558 1974 κυνδαΐλη

86 1975 108 2020 ὁ
138 1974 413 2029 κυνδαλισμός
443 1989 467 2017 a
497 1974 700 2024 κύνόαλος
722 1976 904 2031 (κοντός)
935 1985 1084 2032 natum,
1118 1981 1338 2034 eademque
1360 1983 1408 2024 de
1431 1996 1558 2026 causa

85 2041 240 2098 κνημός
269 2055 292 2084 a
320 2041 474 2096 κνήμη,
508 2040 692 2091 ἄκανθος
722 2045 771 2084 ab
802 2042 987 2096 ἄκανθα,
1020 2047 1163 2098 spinus
1195 2059 1218 2087 a
1249 2049 1388 2102 spina,
1417 2054 1556 2101 guttus

87 2123 110 2152 a
138 2115 264 2163 gutta,
295 2110 439 2161 alapus
469 2109 518 2149 ab
550 2109 670 2161 alapa
701 2109 923 2151 derivatum
949 2111 1160 2153 videbitur.
1207 2114 1295 2154 Hoc
1320 2116 1558 2157 confirmant

85 2177 250 2218 nomina
280 2175 542 2216 animantium
573 2186 596 2215 a
625 2176 810 2226 partibus
841 2178 1029 2229 corporis
1061 2178 1181 2218 ducta
1209 2176 1407 2232 κέφαλος,
1437 2179 1558 2235 κόρυ-

85 2256 178 2295 φος,
208 2238 362 2292 κόπος,
390 2237 557 2293 ἥπατος,
588 2236 726 2294 ὠτός,4
754 2242 919 2296 barbus,
951 2247 1019 2282 aut
1050 2255 1072 2283 a
1102 2243 1206 2284 locis
1233 2242 1410 2294 κύψελος
1432 2244 1494 2287 ὅτι
1513 2245 1558 2289 ἐν

84 2310 173 2355 ταῖς
195 2307 381 2355 κυψελίσι
397 2303 596 2347 monada
623 2308 795 2348 Ariston..
825 2312 895 2348 aut
924 2308 975 2349 ob
997 2309 1099 2349 alias
1119 2310 1302 2352 rationes
1324 2315 1367 2352 ut
1383 2312 1558 2367 κίθαρος

175 2438 212 2479 3)
247 2437 320 2471 lloc
351 2440 464 2474 simile
492 2439 690 2476 Heracliteo
717 2438 767 2484 τῷ
792 2438 880 2482 τόξῳ
907 2439 1025 2483 ὄνομα
1051 2439 1129 2483 βιός
1156 2440 1263 2485 (βίος)
1290 2442 1398 2487 ἔργον
1421 2443 1459 2478 δὲ
1488 2444 1555 2478 3ίῖ-

87 2505 193 2529 νατος
216 2492 290 2526 EM.
320 2494 392 2537 198,
417 2495 471 2530 24.

176 2547 212 2590 4]
249 2547 308 2581 Sic
335 2550 368 2581 in
394 2549 551 2583 omuibus
577 2550 678 2584 codd.
707 2548 903 2585 Aristotelis
927 2549 1087 2584 scribitur
1112 2552 1210 2593 quasi
1236 2551 1405 2591 diastolae
1431 2566 1555 2600 causa;

86 2603 177 2639 ἅπας’
199 2612 253 2646 ap.
280 2603 405 2639 Athen.
438 2608 473 2639 ct
499 2604 653 2639 Eustatb.
684 2606 735 2639 sic
758 2608 795 2639 ut
822 2601 1238 2648 andronymicumRrec,
1267 2620 1333 2646 nec
1357 2611 1556 2655 distiguun-

88 2663 140 2693 tm.
164 2659 318 2701 proxima
344 2669 362 2694 a
387 2661 535 2703 propriis
555 2659 731 2704 Κύψελος,
757 2659 938 2704 Κόρυφος,
966 2659 1108 2698 Κόττος.
1141 2662 1280 2699 Arcadii
1300 2669 1471 2703 sententia
1489 2677 1556 2703 non

88 2714 207 2757 liquet.
