1699 3021
275 180 343 222 DE
374 179 557 223 NOMIN.
589 174 643 221 ΙΝ
666 169 716 220 Ta
744 175 1090 222 EXEUNTIBUS.
1122 181 1247 225 c.111.
1278 188 1317 232 s.
1337 186 1372 227 1.
1487 186 1566 230 113

681 308 824 350 CAP.
884 306 957 349 ΠΙ.

334 402 410 446 De
443 402 711 446 nominibus
747 403 796 444 in
828 385 877 444 ἶῖ
915 425 977 433 -
1015 403 1310 448 exeuntibus.

187 501 226 546 ς.
260 497 294 540 1.
354 499 589 553 Nominum,
620 510 725 552 quae
758 498 839 540 hoc
868 498 962 539 loco
995 500 1291 555 tractabuntur,
1323 503 1553 547 terminatio

77 566 147 604 aut
178 573 266 603 cum
297 564 400 615 ipsis
432 569 528 605 nata
558 568 625 605 aut
657 577 680 605 a
709 565 846 606 verbis
878 569 1101 618 praecepta
1130 571 1216 619 est3
1250 567 1291 608 in
1320 579 1400 621 quo
1433 573 1472 610 et
1502 568 1553 612 ab

76 628 254 679 antiquis
282 628 562 671 Grammaticis
593 630 793 671 dissentio
826 632 865 670 et
904 640 928 670 a
956 631 1124 672 nostris.
1181 632 1347 673 Illorum
1377 644 1482 676 unus
1512 635 1554 676 in

74 694 161 735 ΕΜ.
195 693 284 747 164,
317 694 378 735 18.
409 692 452 735 ἐκ
480 696 555 736 τοῦ
586 691 734 744 ἄταλος
763 690 923 735 ἀτάλλω
965 699 1006 736 et
1045 695 1188 737 eodem
1229 697 1350 738 modo
1391 698 1441 739 de
1478 711 1553 742 ce-

75 760 174 800 teris
206 759 560 802 terminationibus
599 757 681 801 ἀπὸ
717 761 794 802 τοῦ
833 759 970 813 ἵμερος
1010 760 1146 814 ἱμείρω
1176 762 1269 816 582,
1299 763 1364 805 53.
1404 761 1449 805 ἐκ
1477 767 1554 807 τοῦ

72 821 278 877 βάσκανος
307 826 517 878 βασκαῐνω
551 826 639 880 190,
670 826 734 868 28.
769 830 809 867 et
837 830 1074 867 nostrorum
1095 828 1263 879 signifer
1281 829 1551 873 Buttmannus

72 891 114 930 in
145 889 315 931 Gramm.
350 894 388 938 §.
422 890 510 932 119.
546 890 649 931 Adn.
679 891 717 933 4.
746 891 985 942 ποικίλλω,1
1024 887 1201 945 ἀγγέλλω
1233 897 1272 934 et
1302 893 1364 935 his
1404 896 1553 938 similia

72 954 200 996 verba
230 955 280 996 ab
312 954 526 1006 adjectivis
559 956 743 996 derivata
772 961 900 1010 putat,
928 968 1011 997 non
1035 962 1191 1000 contra.
1247 959 1390 1012 Neque
1416 964 1551 1004 tamen

72 1031 214 1061 omnes
254 1021 295 1060 in
333 1019 412 1060 lioc
449 1021 717 1072 conspirasse
757 1022 878 1062 docet
907 1023 992 1063 ΕΜ.
1024 1022 1116 1072 582,
1150 1023 1214 1064 34.
1245 1020 1327 1065 ἀπὸ
1355 1027 1433 1066 τοῦ
1460 1024 1550 1079 μέλι

68 1085 258 1139 μειλίσσω
293 1082 363 1125 καὶ
395 1081 552 1125 ἐκεῖθεν
579 1085 753 1138 μείλιχος
791 1083 847 1134 ὡς
881 1084 1073 1139 ταράσσω
1106 1085 1301 1141 τάραχος,
1341 1095 1381 1130 et
1412 1102 1547 1134 canon

71 1152 262 1203 antiquus
293 1147 355 1191 ὅτι
383 1146 432 1191 τὰ
462 1147 645 1203 ὀνόματα
672 1153 756 1193 τῶν
784 1150 979 1207 ῥημάτων
1006 1151 1233 1206 βραχύτερα
1262 1150 1318 1202 ὡς
1342 1151 1389 1195 τὸ
1406 1154 1548 1199 θάλλω

68 1213 220 1267 θάλος,
260 1212 438 1269 ἀγγέλλω
481 1213 648 1270 ἄγγελος
686 1218 777 1259 Sch.
815 1219 910 1270 Lyc.
949 1217 1042 1260 842
1074 1230 1153 1270 quo
1185 1220 1268 1260 nixi
1297 1216 1546 1280 ἀτάσθαλος,

68 1281 271 1336 κωτίλος,3
295 1279 522 1336 σκέρβολος,
551 1280 799 1335 στρογγύλος
825 1283 962 1324 verbis
983 1284 1221 1335 subjicimus
1242 1289 1432 1340 tanquam
1455 1295 1549 1333 ortu

68 1347 287 1400 prioribus.
344 1349 492 1390 Verum
524 1354 587 1390 est
618 1348 724 1390 aliud
754 1360 884 1401 genus
915 1349 1137 1389 verbalium
1157 1350 1269 1402 ‘quod
1288 1355 1548 1397 terminatio-

67 1421 159 1453 nem
188 1421 271 1453 non
302 1413 462 1455 aliunde
493 1416 652 1468 accepit
680 1414 753 1456 sed
784 1415 901 1468 quasi
931 1410 1182 1470 αὐθαίρετον
1207 1415 1344 1473 habet,
1373 1421 1545 1472 primum

157 1559 192 1604 1)
226 1560 299 1595 Hoc
326 1570 345 1596 a
376 1559 480 1599 πικός
512 1563 587 1598 sive
611 1561 753 1606 πεικός,
795 1562 887 1606 quod
921 1562 1115 1607 Hesychius
1148 1562 1280 1609 πικρόν
1317 1566 1546 1602 πευκεὸανόν

67 1616 318 1660 interpretatur,
344 1618 481 1660 proprie
508 1621 622 1652 autem
647 1619 698 1652 sic
717 1622 752 1652 ut
772 1618 913 1652 latinum
931 1620 1043 1661 spiens
1062 1620 1135 1654 sive
1155 1620 1250 1662 spica
1266 1619 1396 1663 aliquid
1418 1623 1544 1659 acute..

67 1675 159 1705 atum
186 1670 403 1713 significasse
428 1672 574 1707 videtur.
623 1674 710 1707 Hinc
734 1673 861 1716 πικρός
885 1684 962 1707 cum
988 1674 1030 1707 ad
1056 1675 1123 1707 alia
1148 1683 1238 1716 quae
1275 1684 1416 1709 sensum
1447 1688 1542 1721 pun-

67 1730 150 1769 gunt
173 1727 370 1760 translatum
401 1731 453 1761 est
477 1731 514 1761 ut
536 1727 663 1771 πικρὸς
688 1727 784 1770 ὀδμή
807 1728 904 1761 Ηοηι.
931 1727 1130 1771 γλιιυκόιης
1146 1728 1257 1772 πικρά
1278 1729 1363 1764 Plut.
1390 1731 1428 1765 V.
1452 1733 1538 1769 Sull,

66 1782 111 1816 11.
140 1785 209 1815 tum
235 1781 277 1814 ad
303 1790 416 1815 amara
447 1791 598 1826 quoque,
625 1783 688 1817 sed
714 1783 888 1826 pungendi
913 1783 1121 1825 significatio
1151 1785 1316 1818 remansit
1341 1787 1376 1820 in
1401 1790 1542 1825 nomine

66 1835 178 1877 πεύκη
206 1846 237 1869 v.
261 1836 452 1871 Buttmann.
472 1837 579 1872 Lexil.
609 1838 634 1872 1.
667 1840 718 1873 17.
750 1838 842 1881 quod
868 1847 993 1873 nomen
1022 1848 1064 1873 ex
1085 1841 1197 1881 etymo
1218 1839 1425 1883 interpretor
1441 1845 1542 1887 aqui-

66 1893 187 1935 folium
222 1892 296 1926 sive
323 1890 524 1935 ὀὲιῗᾳυλλον
555 1896 591 1926 ut
623 1895 722 1930 πίιυς
753 1892 920 1937 ὀξυτόρος
945 1903 963 1927 a
988 1893 1164 1936 Meleagro
1191 1894 1315 1929 (licitur
1338 1896 1364 1930 Ι.
1394 1898 1445 1934 16.
1471 1909 1540 1934 non

67 1946 120 1990 (ut
150 1947 253 1989 vulgo
283 1947 473 1990 accipiunt)
504 1949 584 1990 quia
609 1949 684 1992 ipsa
709 1950 741 1982 in
773 1958 918 1983 acumen
952 1950 1022 1983 exit
1055 1948 1118 1983 sed
1147 1948 1189 1982 ob
1217 1950 1356 1984 l'ormani
1381 1952 1541 1989 soliorum

66 2011 156 2046 quae
181 2010 244 2035 nos
273 2011 411 2046 quoque
438 2004 652 2037 nominamus
682 2003 817 2036 Nadeln
858 2007 892 2038 et
917 2012 1026 2047 genus
1052 2004 1209 2038 arborum
1233 2006 1430 2041 universum
1453 2009 1538 2041 Na-

63 2057 205 2094 delholz,
257 2057 331 2093 Nec
362 2058 537 2101 pungendi
572 2059 683 2092 solum
718 2059 861 2093 verbum
897 2069 916 2093 a
949 2061 1056 2102 stirpe
1089 2068 1216 2103 graeca
1249 2063 1439 2104 repetimus
1474 2063 1539 2100 sed

65 2115 169 2150 etiam
191 2114 328 2157 pinyere
348 2117 383 2149 et
405 2113 601 2147 ποικίλλειν
624 2114 657 2148 id
684 2118 737 2149 est
758 2116 893 2157 punctis
918 2115 1132 2157 distinguere
1156 2119 1191 2150 et
1215 2118 1312 2158 quasi
1338 2119 1442 2160 guttis
1468 2119 1537 2153 ad-

65 2178 250 2213 spergere,
281 2169 373 2204 unde
406 2178 470 2203 acu
495 2170 589 2213 picta
623 2168 666 2201 τὰ
691 2170 834 2202 ποικίλα
869 2170 1027 2204 dicuntur
1057 2169 1202 2205 Tlieocr.
1228 2169 1295 2205 XV.
1330 2175 1365 2206 et
1388 2173 1534 2218 phrygio

63 2224 382 2267 βελονοποικίλτης.

151 2279 189 2323 2)
213 2279 276 2314 Pro
301 2277 526 2323 ἀγκύλεσθαι
551 2288 605 2323 ap.
632 2279 782 2324 Hesych.
812 2279 957 2325 ἄγκύλλ.
983 2279 1086 2315 scribi
1114 2284 1270 2324 oportet,
1296 2291 1356 2325 pro
1382 2282 1533 2326 Βαμβά-

65 2333 117 2368 aa
141 2336 263 2378 τρέμει
289 2338 347 2368 aut
369 2326 569 2377 βαμβᾶλλει
595 2339 653 2370 aut
675 2336 868 2380 βιιμβαλεῖ.
918 2335 1003 2370 Nam
1027 2335 1224 2379 βιψβάλω,
1262 2336 1354 2380 quod
1380 2337 1534 2374 Valcke-

65 2391 179 2424 narius
206 2389 350 2424 Moscho
376 2389 559 2433 tribuebat,
584 2399 747 2433 graecum
771 2401 838 2425 non
864 2395 927 2427 est.
975 2390 1124 2426 Canonis
1148 2391 1241 2425 illius
1261 2401 1344 2426 usus
1370 2395 1421 2428 est
1440 2394 1534 2428 mul-

66 2444 192 2487 tiplex:
221 2446 300 2476 ἴσον
322 2443 543 2488 βραχύνεῑαι
569 2444 622 2478 ὅτι
649 2446 687 2479 ἐκ
713 2447 775 2479 τοῦ
801 2446 888 2479 εἴδω
920 2447 981 2478 καὶ
1008 2445 1050 2478 τὰ
1076 2446 1239 2489 ὀνόματα
1266 2447 1336 2479 τῶν
1360 2448 1535 2491 ῥημάτων

66 2497 272 2543 βραχύτερα
299 2499 478 2543 Moschop.
505 2500 594 2534 Dict.
620 2501 688 2535 Att.
715 2504 897 2546 πιθαρχία
927 2501 964 2535 τὸ
993 2493 1032 2534 7ι-ι
1062 2499 1107 2538 ὡς
1125 2502 1303 2534 ι”κελον-
1320 2501 1374 2535 ὅτι
1396 2503 1436 2536 τὰ
1456 2504 1534 2538 ὀνό-

65 2563 164 2594 ματα
188 2553 259 2585 τῶν
281 2552 454 2597 ῥημάτων
475 2554 682 2600 βραχύτερα
707 2557 792 2591 ibid.

158 2607 195 2648 3)
232 2609 390 2641 Κωτίλον
417 2609 520 2652 ὄμμα
545 2611 645 2645 Anth.
673 2613 710 2647 V.
738 2622 768 2645 ri.
798 2610 872 2647 131.
900 2611 941 2645 ad
969 2612 1186 2647 catachresin
1210 2611 1329 2648 referri
1363 2617 1477 2658 potest
1501 2619 1537 2650 ut

66 2663 182 2705 βρέφη
223 2662 461 2707 ψελλιζόμενα
494 2664 557 2705 τὴν
586 2666 695 2709 βάσιν
721 2665 857 2702 Heliod.
885 2666 939 2700 IX.
968 2669 1026 2710 11,
1058 2668 1134 2704 366.
1170 2669 1204 2702 in
1239 2678 1306 2712 quo
1341 2671 1536 2706 amoliendo

67 2717 207 2750 multum
227 2717 357 2751 laborat
376 2717 518 2762 Coraes,
537 2721 653 2764 χωλὸς
672 2721 734 2761 τῆν
752 2725 858 2764 χεῖρα
880 2731 910 2754 v.
925 2722 1074 2759 Meineli.
1097 2723 1191 2758 Com.
1214 2724 1345 2767 Fragm.
1364 2725 1398 2760 T.
1414 2726 1439 2761 1.
1458 2727 1534 2762 567.

115 2781 258 2815 Lubet-k,
280 2784 460 2825 I’allaolog.
1228 2781 1255 2821 8
