1731 3021
125 171 211 213 122
511 160 513 163 '
594 169 1033 214 mssnRTA'rlo
1081 170 1128 214 Π.

126 281 414 322 Verumtamen
443 280 520 322 hac
550 281 711 322 ratione
742 285 884 322 carent
909 278 1134 333 Γόγγυλος,
1166 281 1277 334 quod
1306 282 1474 334 saepius
1505 281 1611 335 legi-

127 351 193 388 tur
217 351 600 401 proparoxyt0n0n‚
631 351 670 388 et
703 344 931 399 Κρώβυλος
961 347 1166 388 Planudes
1198 349 1365 400 scripsit
1393 348 1514 389 Anth.
1547 349 1610 390 VI.

130 412 220 456 155.
235 414 417 455 sortasse
444 413 733 454 antidiastolae
754 425 902 466 causa,
934 424 1165 465 quanquam
1188 414 1479 466 appellativum
1502 426 1611 466 quo-

128 490 207 532 que
235 479 438 520 interdum
467 475 679 532 κρωβύλος
708 479 902 519 scribitur
930 492 966 520 v.
998 479 1254 533 WernsdoJs.
1287 479 1337 520 ad
1363 480 1511 521 Himer.
1542 479 1610 522 Or.

126 545 227 586 VIII.
256 544 294 599 3,
323 545 416 587 546.
473 546 524 587 Et
554 546 746 592 Μίκυλος
782 545 903 585 Anth.
934 546 1014 586 VII.
1045 545 1137 587 460.
1176 545 1337 586 defendi
1377 550 1518 597 potest
1558 546 1610 587 ob

127 612 414 664 synemptosin
435 611 638 665 adjectivi,
669 613 745 652 etsi
767 611 1025 652 Grammatici
1047 612 1127 663 ipsi
1150 611 1199 652 de
1221 611 1486 653 distinctione
1508 623 1612 664 pro-

127 679 309 732 priorum
348 682 387 718 et
428 678 698 719 communium
736 677 835 717 nihil
873 678 1131 730 praecipiunt
1169 688 1303 729 neque
1344 682 1533 718 servatur
1570 678 1611 718 in

127 747 292 785 nomine
330 745 439 785 fluvii
469 740 700 796 Καμπύλος
727 743 912 795 aliisque.
973 743 1054 784 Sed
1094 754 1221 795 saepe
1262 743 1384 782 etiam
1422 754 1471 783 ea
1502 754 1612 795 quo-

126 822 214 852 rum
252 810 364 851 nulla
402 814 467 851 est
498 809 742 860 ambiguitas
762 804 962 855 ’Ἀκτυλος
989 808 1106 849 Phot.
1134 805 1333 860 ’Ἀρχυλος
1361 808 1479 850 Diod.
1507 808 1610 851 XIV.

125 877 191 919 52.
209 874 408 924 ’Ἄστυλος
436 876 557 916 Paus.
586 874 649 915 vl.
684 874 767 916 13.5
796 871 1017 922 Δάσκυλος
1045 874 1239 926 Apollon.
1267 871 1465 927 Δήμυλος
1485 875 1609 916 Clem.

128 944 276 984 Strom.
307 942 370 983 IV.
401 941 439 995 8,
469 940 562 984 813.
593 937 778 988 ‘'Hdwtog
806 940 927 981 Anth.
949 941 1011 982 IV.
1036 940 1071 994 1,
1090 941 1155 982 45.
1188 944 1227 981 et
1246 937 1471 994 Κάσμυλος
1487 941 1609 982 Anth.

125 1009 238 1050 Plan.
268 1008 332 1050 IV.
362 1007 427 1049 23.
467 1017 640 1060 quorum
679 1011 892 1047 accentum
929 1006 1150 1047 Jacobsius
1190 1006 1241 1047 ad
1271 1007 1452 1059 regulam
1482 1018 1610 1047 revo-

126 1076 247 1128 cavit,
278 1075 462 1127 Σίμυλος
489 1073 609 1114 PauS.
638 1072 720 1113 VII.
750 1072 815 1126 22,
844 1072 882 1113 2.
911 1073 1076 1113 Lucian.
1106 1072 1207 1113 Dial.
1226 1073 1345 1114 Mori.
1368 1073 1432 1113 IX.
1454 1072 1491 1113 2.
1523 1072 1610 1112 Το-

124 1153 212 1182 xar.
244 1140 360 1182 c.19.
392 1143 432 1180 et
464 1138 648 1179 erebrius
676 1139 717 1178 in
748 1150 862 1191 seqq.
894 1138 967 1180 sed
998 1137 1254 1178 emendatum
1286 1139 1335 1178 ab
1368 1137 1608 1179 editoribus.

128 1206 247 1256 Quod
285 1206 327 1246 in
359 1206 436 1246 fine
468 1205 639 1246 canonis
672 1203 779 1257 apud
809 1204 1027 1244 Arcadium
1066 1203 1214 1255 legitur
1243 1201 1314 1244 καὶ
1341 1199 1388 1244 τὸ
1407 1200 1609 1256 ’Ἀγκυλος

125 1270 273 1324 κύριον
301 1268 655 1324 προπαροξύνεται
681 1275 878 1311 mutarem
907 1270 949 1309 in
968 1266 1142 1321 ’'Ayvstog
1170 1269 1380 1311 Jamblieh.
1410 1271 1454 1311 V.
1474 1270 1516 1311 P.
1540 1269 1606 1327 36,

124 1339 218 1381 267.
251 1339 381 1391 (522.)
412 1339 491 1379 nisi
520 1337 600 1378 hoc
631 1337 814 1378 doricum
843 1336 1050 1376 videretur
1080 1348 1155 1388 pro
1176 1333 1369 1388 ‘'Hyvmg.
1426 1336 1607 1377 Eadem-

125 1417 205 1458 que
234 1405 395 1445 ratione
434 1404 662 1445 excluditur
689 1414 839 1444 nomen
869 1398 1055 1454 Αἰγύλου
1083 1404 1124 1442 in
1154 1402 1280 1444 Inscr.
1311 1402 1455 1455 Delph.
1488 1401 1606 1444 1690.

126 1471 208 1513 Sed
247 1472 320 1512 suit
358 1472 538 1511 sortasse
576 1470 787 1522 proprium
813 1466 988 1516 ’Ἁκυλος
1019 1469 1149 1509 simile
1184 1469 1457 1522 appellativo,
1496 1466 1606 1520 quod

123 1539 258 1589 ipsum
298 1536 447 1577 excidit
483 1537 606 1587 (quis
648 1536 753 1576 enim
792 1535 849 1575 illi
886 1535 1070 1586 ignotum
1110 1535 1240 1576 fuisse
1271 1534 1470 1587 credat?)
1515 1544 1606 1574 cum

125 1604 237 1655 aliis,
273 1600 415 1650 ἕκυλος
443 1602 595 1643 herbae
627 1612 789 1654 nomen,
829 1601 995 1651 corylus
1026 1596 1109 1641 ἀπὸ
1137 1601 1213 1641 τοῦ
1242 1597 1417 1653 κόρυλος
1447 1600 1606 1652 (omiss.

124 1670 166 1710 in
197 1670 335 1722 Thes.)
366 1669 562 1709 Priscian.
593 1668 619 1708 Ι.
650 1667 688 1719 8,
717 1666 781 1707 45.
813 1666 868 1718 (p.
899 1667 990 1708 561.
1020 1667 1204 1719 Putsch.)
1236 1663 1402 1720 ἄμυλος,
1432 1663 1607 1713 κότυλος

124 1746 382 1789 paronvmon
409 1735 481 1787 τῆς
507 1730 683 1786 κοτύλης
714 1736 757 1772 ut
788 1736 826 1772 et
857 1733 1068 1784 proprium
1098 1730 1297 1780 Κότυλος.

237 1806 276 1849 §.
306 1801 343 1843 2.
409 1801 557 1841 Verum
587 1810 671 1839 non
702 1799 834 1839 minor
864 1809 983 1850 quam
1015 1803 1210 1840 accentus
1243 1802 1306 1839 est
1337 1797 1603 1838 derivationis

124 1869 324 1920 varietas,
365 1878 448 1907 non
487 1867 620 1906 solum
658 1865 865 1904 nominum
905 1863 979 1905 sed
1020 1866 1141 1905 etiam
1170 1864 1388 1906 verborum
1420 1864 1606 1905 similiter

124 1935 355 1977 cadentium
385 1942 489 1984 quae
520 1934 659 1971 mutuo
680 1931 786 1970 inter
809 1941 854 1971 se
879 1935 1027 1970 nentur
1049 1930 1251 1972 discursu.
1277 1926 1468 1972 Ὀθύλλω
1499 1928 1605 1969 unde

122 1997 324 2041 ὠθύλλετο
354 1998 545 2038 διενοεῖτο
575 1996 670 2037 Hes.
690 1996 740 2036 ab
770 1993 925 2048 ὄθομαι
955 1995 1118 2036 ductum
1149 1997 1237 2036 sine
1268 1996 1351 2036 ulla
1379 1995 1605 2036 mutatione

124 2066 314 2107 thematis
346 2065 453 2105 sicut
490 2059 660 2103 εἰδύλλω
701 2062 751 2103 ab
790 2062 885 2102 εἴδω
915 2062 981 2103 vel
1009 2057 1136 2112 εἶδος,
1168 2057 1355 2114 ὀγκύλλω
1387 2061 1437 2101 ab
1469 2058 1605 2112 ὄγκος,

124 2145 148 2174 a
176 2129 280 2184 δέρω
317 2127 446 2183 δέρμα
475 2125 683 2182 δερμύλλω
721 2124 869 2180 ἐκδέρω
908 2128 1018 2169 Suid.
1056 2140 1079 2168 a
1109 2129 1238 2168 σαίνω
1270 2139 1359 2168 cum
1391 2126 1605 2178 epenthesi

124 2198 285 2239 labialiS
316 2192 510 2236 σαπύλλω
534 2194 691 2248 adulor,
724 2194 884 2246 aliaque
915 2194 1085 2245 ambage
1117 2206 1141 2234 a
1169 2195 1248 2247 μίω
1280 2194 1416 2234 minuo
1437 2188 1605 2245 μιστύλ-

122 2267 192 2315 λω,
224 2275 301 2304 neo
331 2262 451 2303 dubie
481 2256 630 2301 ὀκῦλαι
657 2257 863 2301 ὀκλάσαιῦ
892 2263 931 2301 et
961 2254 1195 2312 ὦγύλλοντο
1224 2257 1479 2313 ἐκάμπτοντο
1507 2258 1604 2299 Hes.

212 2405 249 2448 5)
279 2403 441 2439 Ἀσιύλος
467 2400 651 2437 Jamblich.
681 2401 719 2435 V.
753 2401 790 2436 P.
818 2410 847 2435 c.
874 2401 939 2444 36,
976 2400 1053 2436 267.
1080 2400 1194 2443 (524.)
1220 2399 1283 2435 sed
1303 2399 1488 2436 Ἄστυλλος
1513 2398 1605 2433 Cro-

123 2462 270 2496 toniates
296 2459 413 2493 Schol.
440 2458 525 2492 Plat.
551 2457 659 2500 Legg.
686 2457 778 2491 VIII.
805 2467 838 2500 p.
870 2456 947 2492 453.
979 2457 1037 2499 qui
1073 2466 1092 2490 a
1116 2457 1281 2498 Dionysio
1315 2455 1406 2489 Antt.
1444 2456 1536 2489 VIII.
1573 2455 1603 2489 1.

116 2517 281 2552 Ἄστυλος
307 2518 461 2549 vocatur.
509 2512 650 2556 Ypsilon
678 2512 783 2547 breve
811 2515 863 2547 est
888 2513 922 2545 in
946 2511 1104 2546 versibus
1130 2515 1309 2555 poetarum
1340 2521 1427 2554 quos
1452 2511 1605 2544 nominat

122 2571 335 2608 Wernsdors.
361 2571 396 2603 in
421 2569 504 2603 Exc.
533 2569 595 2603 111.
624 2568 667 2602 ad
694 2567 786 2602 Grat.
815 2566 897 2610 Cyn.
924 2577 957 2610 p.
985 2567 1061 2602 243.

211 2627 250 2669 6)
275 2623 452 2657 Mamuda
477 2623 515 2657 τὸ
542 2622 594 2656 ἐπ’
623 2623 848 2667 ἀμφοτέροις
866 2622 1058 2662 καθῆσθαι
1083 2623 1189 2654 ποσίν
1216 2621 1298 2656 Hes.
1327 2620 1421 2655 idem
1443 2618 1604 2662 estquod

125 2680 284 2716 ὀκλαδὸν
309 2673 420 2721 ἧσθαι
447 2679 610 2723 Apollon.
636 2679 699 2714 111.
728 2679 802 2716 112.
829 2678 870 2714 ab
895 2676 1031 2713 ὄκύλλω
1061 2675 1207 2717 ὀκλύζω,
1236 2673 1392 2713 ὂκλυδά,
1422 2684 1500 2710 cum
1524 2683 1604 2710 me·-

122 2737 247 2773 tathesi
274 2739 308 2774 et
333 2736 441 2772 ectasi
467 2733 648 2769 κλωκνδά.
