1731 3021
108 182 197 226 356
556 170 989 217 DISSERTATIO
1040 168 1138 210 VIII.

112 287 425 343 ἐμπροσθίδιος,
456 283 671 337 μαψίδιος,
708 279 838 329 ἀΐδιος
869 281 962 333 (pro
994 275 1161 329 ἆείδιος)
1192 272 1303 316 οὕτω
1331 271 1403 327 ῥέα
1431 271 1587 326 ρηίδιος

112 354 304 407 Apollon.
336 352 384 392 de
404 351 503 391 Adv.
523 362 560 402 p.
581 350 672 391 507.
703 357 874 400 quorum
897 344 1103 385 nonnullis
1128 344 1365 394 praejacent
1385 338 1588 390 adjectiva

116 418 326 469 ὀπίσθιος,
367 413 590 468 πρόςιθιος,
637 419 716 453 tani
747 412 866 453 simili
895 411 999 450 inter
1030 420 1075 449 se
1105 406 1400 458 significatione
1429 408 1471 443 ut
1501 401 1590 442 dis-

117 486 227 532 cerni
257 495 339 524 non
370 483 545 535 possint,
574 492 651 524 nec
675 478 792 520 video
817 487 896 528 qua
916 475 1072 514 ratione
1093 472 1312 512 Jacobsius
1333 470 1383 510 ad
1399 469 1589 509 Pliilostr.

119 563 156 603 p.
186 550 277 592 644.
307 546 356 588 τὰ
379 546 614 588 ἐντοσθίδια
633 545 762 595 magis
788 541 934 593 probet
959 550 1079 591 quam
1099 534 1305 578 ἐντόσθια,
1344 534 1435 576 Alia
1458 545 1479 572 a
1499 532 1592 573 sub-

120 614 309 656 stantivis
344 614 408 653 vel
446 614 600 665 primae
640 607 926 653 declinationis
972 602 1172 657 μοιρίδιος
1208 601 1334 652 Soph.
1374 596 1594 650 νυμφίδιος

76 698 79 699 ’
118 680 213 720 Eur.
254 678 319 719 vel
357 678 562 730 secundae
599 674 809 727 τυμβίδιος
847 671 969 723 Orph.
1009 666 1197 714 ὑπνίδιος
1235 665 1355 707 Anth.
1394 675 1417 704 a
1447 666 1592 703 neutro

123 745 228 794 ζῶον
258 755 331 783 seu
363 740 483 792 ζώιον
512 741 670 790 ζωίδιος
697 736 848 783 κύκλος
880 737 992 776 Arat.
1023 735 1114 775 543.
1146 744 1220 785 pro
1253 742 1333 783 quo
1349 729 1524 770 Vossius
1555 731 1595 766 et

125 810 393 850 Buttmannus
433 806 604 856 ζωιδίων
640 803 858 854 genitivum
898 799 1022 840 scribi
1068 799 1211 839 volunt
1246 796 1343 837 illud
1384 793 1596 844 analogiae

127 884 275 924 expers
306 872 396 924 rati,
428 871 532 916 salso
565 869 725 921 quidem
757 871 799 906 ut
830 877 879 905 ex
907 865 1056 904 ceteris
1086 867 1220 915 patet3
1260 861 1325 901 vel
1356 860 1500 903 tertiae
1528 872 1598 897 κυ-

127 937 285 990 πρίδιος
311 936 430 977 Auth.
451 935 605 988 ληίδιος
624 934 726 984 Opp.
745 929 952 983 μητρίὸιος
973 929 1182 980 Aristoph.
1213 932 1252 967 et
1281 925 1487 978 gentilicia
1516 918 1600 963 Αὐ-

126 1004 263 1052 λίδιος,
290 1001 517 1051 Βουλίδιος,
549 999 790 1046 Ααυλίόιος,
830 994 1045 1047 Ψωφίδιος
1070 1005 1159 1033 cum
1193 992 1360 1043 proprio
1384 988 1598 1036 Ἐλπίδιος.

126 1070 218 1110 Alia
257 1069 306 1108 ab
347 1067 560 1118 adjectivis
602 1062 773 1116 ὄρθριος
811 1057 1044 1112 ὀρθρίδιος,
1085 1055 1242 1111 φώριος
1279 1056 1496 1109 φωρίδιος,
1538 1067 1601 1107 γε·

130 1132 292 1180 νὲθλιος
329 1130 598 1184 γενεθλίδιος,
638 1139 742 1180 quae
784 1127 917 1166 omnia
954 1126 995 1165 in
1024 1124 1143 1164 Anth.
1173 1123 1360 1173 leguntur
1390 1126 1429 1163 et
1460 1132 1484 1160 a
1514 1121 1602 1172 pri-

128 1199 277 1240 mitivis
309 1198 395 1237 suis
426 1206 509 1235 non
538 1195 666 1245 magis
698 1192 891 1232 distincta
928 1194 1022 1231 sunt
1052 1200 1170 1240 quam
1201 1188 1347 1240 quibus
1378 1191 1472 1228 ante
1501 1197 1602 1227 usus

131 1275 219 1305 suin
257 1260 496 1314 προςθίδιος
535 1265 610 1300 etc.
667 1258 754 1298 Nec
792 1257 924 1297 solum
956 1267 979 1295 a
1010 1254 1263 1305 simplicibus
1295 1252 1368 1293 sed
1398 1262 1604 1304 parasyn-

132 1329 243 1368 theta
270 1337 434 1378 quoque
461 1320 786 1375 ἀποδειπνίδιος,
815 1320 1114 1371 ἐπιπορπίδιος,
1146 1317 1441 1370 ἐπικαρπίδιος,
1480 1331 1604 1367 παρμ-

132 1393 293 1441 στίδιος,
323 1387 677 1440 παραπλευρίδιος,
709 1388 868 1438 aliaque
899 1386 947 1426 ad
977 1385 1123 1436 Phryn.
1143 1385 1235 1425 557.
1265 1384 1400 1435 allata,
1431 1393 1602 1434 quorum

133 1458 335 1510 primitiva
366 1456 559 1508 pleraque
591 1458 755 1503 extant3
787 1463 891 1503 quae
921 1461 1003 1490 non
1034 1454 1173 1490 extant
1204 1450 1292 1489 sine
1314 1449 1396 1488 ullo
1421 1447 1602 1499 periculo

135 1522 287 1563 erroris
327 1521 418 1570 fingi
450 1523 638 1570 possunt.
695 1518 769 1557 Est
810 1528 907 1556 vero
947 1515 1144 1567 quaedam
1181 1515 1222 1553 in
1260 1514 1323 1554 his
1362 1513 1605 1562 differentia3

137 1587 369 1637 composita
400 1586 503 1624 enim
533 1584 653 1624 etiam
684 1587 892 1622 oratorum
923 1581 1064 1620 usibus
1096 1584 1191 1629 apta
1221 1585 1313 1619 sunt
1348 1576 1608 1618 ἐπιθαλασσί-

138 1652 225 1698 διος
256 1651 377 1691 Thuc.
407 1646 634 1705 ἐντειχίδιος
663 1648 826 1687 Luc-ian.
859 1651 934 1685 etc.
964 1657 999 1685 v.
1031 1644 1081 1684 ad
1110 1644 1256 1694 Phryn.
1286 1644 1377 1684 556.
1408 1643 1609 1695 simplicia

137 1721 271 1756 autem
310 1715 446 1768 poetis
479 1714 675 1765 propiora
706 1722 800 1752 esse
838 1710 986 1751 docent
1015 1710 1274 1761 subscriptae
1305 1709 1500 1760 exemplis
1531 1720 1609 1748 au-

138 1781 374 1831 ctoritates,
414 1779 598 1829 exceptis
630 1782 784 1829 tamen,
823 1780 864 1818 ut
906 1780 1051 1816 natura
1082 1777 1178 1825 fert,
1219 1775 1434 1826 gentilicis.
1490 1776 1608 1814 Μοι-

138 1845 264 1897 χίδιος
304 1840 326 1883 ὁ
354 1841 398 1883 ἐκ
425 1844 501 1883 τοῦ
530 1843 675 1895 μοιχοῦ
704 1837 966 1894 γεγενημένος
993 1841 1268 1881 Antiatticista
1296 1840 1420 1881 Bekk.
1449 1851 1487 1891 p.
1519 1838 1608 1880 109.

139 1911 189 1951 ab
231 1909 438 1949 Hecataeo
482 1913 520 1948 et
550 1907 753 1959 Hyperide
793 1907 942 1947 dictum
974 1906 1108 1958 affert,
1149 1905 1258 1958 quod
1286 1906 1418 1957 ipsum
1451 1909 1514 1945 est
1542 1905 1610 1943 in-

140 1975 340 2015 solentiae
385 1973 595 2024 cujusdam
647 1973 864 2021 indicium3
915 1971 1127 2024 λαθρίδιος
1171 1982 1253 2011 non
1299 1969 1610 2021 locupletiorem

137 2039 304 2080 Polluce
335 2038 457 2078 habet
489 2042 721 2087 auctorem3
772 2037 820 2077 de
850 2036 1024 2088 μεσίὸιος
1054 2048 1149 2077 mox
1182 2036 1333 2086 dicam3
1391 2032 1608 2086 αἰφνίδιος,

141 2116 220 2156 quo
257 2102 512 2154 Thucydides
554 2102 743 2142 etmulti
782 2103 1017 2144 inferiorum
1053 2102 1116 2141 usi
1158 2105 1271 2151 sunt,
1325 2100 1374 2138 ab
1415 2098 1607 2138 adverbio

142 2169 363 2209 derivatum
395 2172 469 2208 est.
527 2167 646 2207 Errat
675 2168 796 2217 igitur
828 2167 999 2206 Tzetzes
1037 2166 1087 2207 ad
1116 2166 1210 2204 Hes.
1243 2164 1345 2215 Opp.
1380 2163 1467 2204 132.
1497 2163 1610 2203 παῦ-

141 2248 213 2285 ρος
241 2231 309 2273 καὶ
338 2232 563 2283 παραγωγῇ
593 2228 888 2283 ὑποκοριστικῇ
919 2229 1058 2282 ἀττικῇ
1096 2229 1329 2281 παυρίδιος,
1371 2229 1438 2280 qui
1476 2239 1610 2279 quau·-

141 2302 221 2337 tum
253 2297 301 2336 de
333 2297 535 2336 atticismo
570 2295 731 2346 fallitur,
763 2300 914 2335 tantum
946 2295 1063 2335 abest
1101 2298 1143 2333 ut
1182 2294 1459 2346 hypocorismi
1494 2293 1609 2333 fidem

141 2361 275 2401 saciat.
337 2360 417 2400 Sed
447 2360 572 2399 multo
604 2360 793 2410 graviore
824 2360 1058 2399 difficultate
1089 2360 1192 2398 hanc
1223 2360 1505 2410 quaestionem
1531 2359 1610 2397 im-

141 2425 264 2476 plicat
292 2424 513 2464 Herodiani
551 2435 685 2464 serino
727 2425 1045 2465 obscurissimus
1086 2424 1172 2464 EM.
1207 2423 1297 2476 783,
1327 2423 1391 2464 20.
1430 2418 1610 2462 ὑποπτέ-

141 2502 228 2538 ρων
266 2483 438 2540 ὀνείρων
475 2487 700 2535 Διονύσιος
739 2485 761 2528 ὁ
801 2489 943 2536 Σίδιος
981 2489 1146 2541 πρῶτον
1182 2485 1312 2540 ταύτῃ
1356 2488 1406 2540 τῇ
1444 2485 1609 2540 ἐπιβολῇ

141 2550 338 2605 ἐχρήσατο
385 2545 493 2608 ᾧπερ
531 2550 753 2605 ἐχρήσαντο
795 2554 834 2593 οἱ
870 2552 1139 2607 γραμματικοὶ
1176 2549 1231 2601 ὡς
1274 2550 1426 2605 τύμβος
1464 2552 1609 2604 τυμβί-

140 2617 248 2666 διος,
278 2619 438 2668 παῦρος
463 2618 700 2669 παυρίδιος,
732 2618 894 2670 σχίὸιος,
924 2617 1073 2672 πτέρον
1099 2618 1311 2672 πτερίδιος.
1355 2613 1502 2670 Ἐχρῆν
1531 2608 1610 2656 οὖν

139 2681 262 2721 εἰπεῖν
298 2681 367 2722 καὶ.
395 2679 693 2733 ὑποπτεριδίων
729 2679 830 2735 ὑπὲρ
868 2685 949 2723 τῶν
987 2680 1315 2734 ὑποπετεριδίων.
1367 2681 1608 2732 Sylburgius
