1731 3021
149 169 242 210 340
611 160 1038 207 DISSERTATIO
1091 160 1171 202 vn.

753 306 896 347 CAP.
955 305 1023 347 lv.

263 404 302 448 §.
335 399 369 441 1.
426 397 543 439 Nunc
574 408 709 439 sermo
742 397 780 436 in
811 405 900 436 eum
932 393 1129 434 deductus
1161 397 1223 434 est
1248 392 1380 432 locum
1400 395 1443 432 ut
1466 390 1514 432 de
1534 401 1626 431 mu-

154 466 377 506 tationibus
417 465 708 505 elementorum
749 459 1033 513 exponendum
1064 460 1128 500 sit.
1201 457 1377 498 Vocales
1414 456 1629 508 ancipites,

156 544 260 585 quae
289 530 530 582 gutturalem
557 528 830 581 praecedunt,
862 527 1099 578 plerumque
1129 525 1276 565 breves
1309 528 1410 565 sunt.
1468 522 1630 573 Hippo-

156 610 238 638 nax
277 602 411 638 tamen
447 596 508 636 Fr.
538 596 602 636 44.
641 590 856 647 φαρμακός
895 597 955 632 ter
995 596 1219 643 quaterque
1259 591 1319 630 sic
1350 588 1563 639 usurpavit
1590 591 1632 626 ut

157 663 328 705 mediam
359 661 622 714 protenderet
657 660 723 700 vel
761 669 987 699 consonam
1026 656 1267 709 geminando
1299 661 1340 695 ut
1368 650 1563 693 πέλεκκον
1592 655 1632 692 et

160 726 292 782 ἰακχη,
338 728 402 768 vel
433 726 700 779 productione
730 725 909 776 vocalis,
956 723 1005 763 de
1044 735 1123 774 qua
1152 722 1339 773 Ilaipoci
1344 720 1425 760 itio
1466 730 1499 760 s.
1529 718 1566 759 h.
1595 729 1632 759 v,

161 795 348 836 diSSerit:
399 792 582 843 Δίὸιυος
621 790 904 844 προπερισπᾶν
934 784 1043 837 ἀξιοῖ
1076 785 1260 839 τοῦιομα
1299 780 1378 826 ἀλλ’
1418 781 1530 837 ἡμεῖς
1559 779 1634 835 οὐχ

160 858 409 911 εὑρίσκομεν.
458 857 679 907 Pereg1ina
709 855 888 905 regulam
919 853 1165 905 detrectant3
1196 864 1288 893 nam
1317 848 1495 903 ὁανάκης
1516 850 1637 902 alpha

161 928 327 977 longum
355 923 488 974 habet,
520 920 593 961 sed
629 916 852 972 Φαρνάκης
880 920 1004 959 Arist.
1035 920 1134 959 Av.v.
1170 919 1286 959 1025.
1318 918 1442 958 breve
1471 920 1514 956 ut
1544 918 1638 956 Δα-

163 989 291 1044 δάκης
319 989 467 1030 Aesch.
496 987 610 1027 Pers.
642 985 734 1027 309.
767 985 914 1026 Otaces
944 984 1076 1025 Valer.
1106 984 1236 1024 Flacc.
1266 984 1328 1024 VI.
1364 983 1452 1024 120.
1492 983 1637 1035 hisque

164 1059 303 1100 notius
334 1058 527 1105 Arsaces,
558 1064 711 1103 anceps
734 1047 1010 1103 Φαρανδάκης
1029 1063 1063 1090 v.
1082 1050 1252 1100 Interpr.
1284 1049 1333 1088 ad
1353 1049 1502 1089 Aesch.
1523 1049 1637 1089 Pers.

166 1137 202 1165 v,
233 1123 297 1163 31.
337 1116 567 1172 Ταῤῥάκωυ
608 1118 678 1158 Sil.
710 1117 795 1158 Ital.
826 1116 890 1157 Ill.
922 1115 1014 1157 369.
1056 1115 1349 1166 pronunciatur
1381 1119 1423 1154 ut
1452 1114 1640 1156 Arbacus

165 1188 351 1230 111.302.
391 1190 430 1225 et
471 1181 684 1233 σαλάκων,
729 1179 912 1234 Συρακώ
942 1192 1039 1221 vero
1079 1186 1122 1220 ut
1152 1178 1329 1232 τριακάς.
1385 1181 1474 1220 Iota
1511 1180 1642 1220 variat

170 1266 253 1295 vox
289 1253 457 1305 μυρίκη,
508 1251 571 1289 cui
604 1249 712 1301 qnod
738 1247 960 1299 respondet
988 1247 1026 1285 in
1062 1247 1188 1287 altero
1219 1258 1408 1287 sermone
1439 1249 1639 1297 tcmzaretae,

169 1317 467 1369 Lexicographi
486 1316 670 1355 vocalem
699 1315 739 1353 in
759 1313 963 1354 declinatu
989 1313 1196 1363 corripere
1224 1313 1434 1365 affirmant,
1465 1324 1544 1364 quo
1565 1324 1642 1352 au-

170 1390 285 1427 ctore
315 1384 456 1423 nescio
489 1381 561 1422 sed
592 1379 758 1420 credere
789 1390 871 1418 non
901 1379 1047 1418 abnuo.
1114 1377 1271 1418 Ceteris
1310 1378 1434 1418 breve
1474 1382 1537 1419 est
1566 1378 1645 1419 nisi

171 1450 332 1504 quando
364 1459 436 1500 per
465 1448 698 1486 insitionem
728 1445 896 1484 increvit
926 1447 966 1483 ut
996 1439 1197 1495 σκάριφος
1227 1443 1404 1495 paullum
1432 1444 1552 1485 modo
1579 1445 1644 1485 di-

173 1521 255 1558 stat
285 1528 308 1555 a
337 1511 518 1566 κάρφος,
559 1508 721 1562 τάριχος
751 1522 773 1549 a
802 1507 969 1561 τάρχος,
1011 1508 1116 1548 unde
1147 1509 1329 1549 derivata
1355 1508 1578 1562 ταριχεύειν
1608 1517 1645 1551 et

172 1579 360 1635 ταρχύειν
398 1583 550 1619 tantum
587 1578 690 1616 inter
729 1587 774 1615 se
806 1575 992 1614 differunt
1030 1578 1222 1624 quantum
1252 1574 1375 1614 latina
1406 1577 1575 1617 condire
1606 1580 1646 1617 et

175 1649 376 1699 condere,
413 1640 613 1695 ταρχηρός
637 1646 767 1681 autem
798 1642 839 1680 in
873 1639 998 1690 Soph.
1031 1639 1235 1690 Triptlv.
1257 1651 1430 1690 prorsus
1458 1642 1555 1681 nihil
1574 1642 1647 1683 dis—

176 1716 254 1755 sert
284 1725 306 1753 a
335 1706 562 1762 ταριχηρός,
592 1707 701 1759 quod
733 1707 826 1746 olim
857 1706 921 1745 hic
951 1704 1220 1745 scribebatur.
1259 1706 1317 1746 De
1347 1707 1474 1747 latino
1506 1710 1648 1750 vesica

175 1781 243 1820 vix
281 1776 492 1829 dijudicari
522 1778 661 1826 potest
690 1777 822 1813 utrum
855 1784 877 1811 a
907 1768 1047 1824 φύσκη
1079 1774 1209 1810 ortum
1241 1772 1294 1812 sit
1324 1783 1376 1812 an
1405 1785 1427 1813 a
1457 1771 1649 1827 φύσιγξ.1

175 1847 261 1887 Nec
292 1844 438 1885 desunt
478 1840 683 1881 contrarir
723 1838 932 1879 exaeresis
974 1837 1171 1888 exempla.
1228 1837 1361 1889 Alpha
1391 1840 1495 1880 enim
1525 1841 1650 1881 remi-

178 1914 319 1952 serunt
348 1922 475 1960 ταρχη
504 1902 665 1957 (wem)
696 1901 859 1957 τάραξις
888 1903 983 1943 Hes.
1011 1902 1242 1953 ταργαίνειν
1266 1901 1489 1955 ταράττειν,
1520 1902 1650 1958 ἄταρ-

176 1992 247 2031 χος
276 1973 489 2027 ἀτάραχος,
522 1971 771 2022 eandemque
802 1970 956 2009 literam
986 1968 1059 2008 sed
1089 1969 1129 2008 in
1160 1974 1274 2020 parte
1298 1970 1488 2011 vocabuli
1513 1972 1650 2022 priore

179 2045 415 2084 exemerunt
433 2038 576 2080 Graeci
605 2035 777 2088 θράσσω
808 2036 988 2076 dicentes
1011 2045 1083 2085 pro
1106 2032 1308 2085 ταράσσω.
1341 2036 1534 2077 Similiter
1554 2040 1651 2089 μαλ-

178 2105 262 2157 κός,
294 2106 403 2159 quod
432 2104 660 2154 Hesychius
686 2103 800 2142 affert
830 2113 903 2153 pro
937 2097 1129 2152 μαλακός,
1161 2101 1282 2152 alpha
1302 2101 1523 2142 secundum
1547 2105 1652 2144 ami-

181 2175 256 2223 sit,
288 2169 385 2225 βλάξ
414 2171 453 2211 id
484 2175 547 2210 est
576 2166 704 2219 μάλαξ
734 2169 901 2219 primum
933 2178 968 2206 v,
998 2166 1142 2206 Paiall
1162 2166 1225 2207 05.
1257 2168 1406 2219 quippe
1438 2178 1461 2208 a
1489 2168 1651 2210 diversa

181 2238 320 2290 specie
351 2237 489 2288 stirpis
518 2237 598 2287 μαλ
628 2239 666 2274 et
696 2236 772 2286 βλα
802 2238 844 2273 ut
873 2247 948 2283 ταρ
979 2236 1016 2272 et
1048 2237 1145 2282 θρα.
1202 2233 1264 2272 Ab
1296 2233 1429 2285 ellipsi
1461 2239 1500 2274 et
1530 2235 1652 2287 pleo-

180 2314 324 2343 naslno
357 2307 520 2342 transeo
553 2300 604 2341 ad
633 2300 892 2351 metalepsin.
924 2294 1080 2337 ἁλυκόν
1110 2293 1300 2350 &runc-39,
1331 2294 1474 2339 ἁλικόυ
1503 2301 1652 2348 κοινῶς

182 2370 308 2410 Moer.
338 2363 514 2414 ἀστυκός
543 2365 749 2406 Demosth.
783 2364 898 2405 1274.
934 2364 1028 2413 Lys.
1058 2362 1150 2415 590,
1181 2362 1216 2404 o,
1258 2332 1380 2405 rhua.
1411 2366 1454 2407 v.
1485 2366 1548 2407 20.
1585 2348 1678 2407 uhr

184 2434 300 2475 codd.
338 2435 470 2474 minus
510 2432 670 2484 probati
709 2426 873 2476 ἀστικός
916 2429 1126 2480 praebent.
1192 2429 1294 2471 Huic
1332 2432 1499 2483 ypsilon
1536 2433 1654 2485 quasi

277 2604 311 2645 1)
338 2602 486 2646 Hesych.
515 2601 634 2645 ἕρίκεα
661 2600 877 2646 ([ριξγματα,
903 2602 1038 2645 ἑρίκεος
1064 2599 1242 2646 φραγμοῦ
1265 2610 1326 2644 pro
1358 2599 1487 2644 ἕρκεα,
1520 2600 1652 2645 ἕρκεος.

185 2656 296 2699 Supra
323 2656 499 2700 ἐραχάται
529 2657 686 2701 eJ'uSdenl
710 2657 959 2700 interpretabar
988 2654 1146 2703 ξῖρκται,
1181 2656 1312 2700 ἔραχος
1347 2654 1385 2688 τὸ
1422 2654 1572 2700 δράγμα
1597 2657 1653 2693 vel

186 2710 343 2756 φράγμα
368 2722 429 2755 pro
455 2712 604 2757 εἱργμός
630 2712 788 2748 sortasse.
