1731 3021
150 156 210 199 38
626 154 1059 198 DISSERTATIO
1109 154 1136 195 1.

153 266 302 307 mitivis
333 267 374 306 in
402 269 428 306 v
461 267 718 321 exeuntibus,
749 267 920 307 alterum
951 277 975 306 a
1005 265 1201 318 diversiS‚
1231 263 1342 304 illam
1372 264 1555 317 speeiem
1583 265 1635 306 ad

155 332 398 384 epenthesin
427 333 582 373 referre
613 337 935 372 consentaneum
975 336 1059 384 est,
1103 330 1273 370 alteram
1312 329 1362 370 ad
1399 331 1636 382 pareotasin

154 398 242 438 sive
272 409 520 450 paragogen.
588 398 839 450 Quamquam
879 397 982 437 haee
1020 396 1229 436 distinctio
1270 396 1371 435 artis
1409 396 1540 447 magis
1571 401 1637 437 est

154 475 274 516 quam
295 468 479 504 naturae.
539 462 620 504 Sed
651 463 700 504 de
722 464 903 504 motione
930 467 969 503 et
997 462 1390 514 paraschematismo
1414 462 1635 516 nominum,

155 539 262 581 quae
292 529 412 571 litera
440 532 469 570 ῦ
499 530 710 583 finiuntur,
752 533 905 569 tantum
936 529 1030 569 mihi
1060 528 1215 568 dixisse
1245 527 1402 582 videor,
1441 532 1635 580 quantum

155 607 260 648 opus
293 601 390 637 erat.

265 688 302 732 ὃ.
334 683 370 725 9.
427 684 702 725 Animantium
727 682 942 735 voeabula>
974 694 1077 734 quae
1109 682 1182 722 rho
1214 681 1366 722 habent
1397 686 1634 735 extremum,

153 749 363 800 generalia
393 754 432 790 et
464 749 685 803 specialia7
724 750 833 789 velut
872 745 979 798 ψάρ,
1019 744 1125 799 θήρ,
1166 744 1263 800 χήρ,
1295 744 1410 800 φώρ,
1438 748 1523 787 sere
1552 758 1637 787 non

154 819 370 855 moventur
409 826 482 867 per
512 826 685 866 generag
735 815 813 854 τοῦ
851 811 956 866 ὁαήρ
990 810 1037 853 τὸ
1065 810 1252 866 θηλυκόν
1284 808 1336 853 οὐ
1366 812 1507 865 δαεῖρα
1536 808 1638 853 ἀλλὰ

154 877 290 933 petiam
321 880 458 921 Schol.
487 880 531 920 11.
562 880 625 920 ΙΙΙ.
658 879 747 921 180.
779 891 853 931 pro
887 891 967 932 (1110
999 875 1139 929 δάειρα
1170 880 1366 931 seriptum
1399 879 1514 920 Eust.
1545 877 1638 932 648,

154 945 218 986 31.
261 957 375 986 more
416 945 661 998 verbalium,
707 957 730 985 a
769 941 860 998 μάω
889 943 1084 998 μάστειρα
1116 949 1155 984 et
1193 941 1362 997 μήτειρα
1397 940 1423 998 ἡ
1454 944 1638 998 φρονίμη

152 1011 248 1052 Ηο5.
281 1016 357 1052 ete.
389 1011 438 1052 (10
469 1011 617 1063 quibus
648 1011 745 1051 nihil
775 1023 853 1052 1105
885 1012 1030 1051 attinet
1062 1011 1209 1051 dicere.
1246 1009 1551 1051 Gentilieiorum
1572 1011 1638 1051 fe-

152 1077 304 1118 minina
335 1077 538 1128 adjectiva
569 1082 663 1117 sunt
697 1077 852 1128 Πιερίς,
890 1072 1045 1130 Ἰβηρίς.
1115 1077 1196 1118 Sed
1226 1088 1348 1117 unum
1379 1081 1514 1117 tamen
1543 1087 1637 1116 mo-

154 1146 288 1183 torum
320 1143 500 1183 ordinem
532 1143 669 1196 intrat,
714 1140 808 1195 Κάρ
838 1168 894 1174 -
920 1139 966 1183 τὸ
995 1140 1183 1197 θηλυκὸν
1213 1140 1383 1195 Κάειρα.
1437 1137 1637 1182 Ἀπολλώ·

152 1222 241 1256 νιος
261 1205 329 1248 διὰ
347 1210 423 1249 τοῦ
442 1211 463 1248 ἶ
484 1218 585 1262 φησι
607 1211 770 1261 μακροῦ
784 1222 792 1230 ·
822 1206 848 1263 ἡ
871 1207 913 1250 δὲ
935 1207 1091 1257 ἔκτεισις
1111 1205 1335 1262 ἀναγκαία·
1365 1204 1416 1248 τὰ
1437 1204 1516 1261 γὰρ
1538 1207 1593 1256 εἰς
1611 1208 1640 1247 οἳ

154 1269 288 1326 βραχὺ
302 1274 342 1300 41
380 1272 815 1328 παμασχηματιζόμενα
850 1273 1011 1316 ἐκτείνει
1039 1273 1116 1328 τὴν
1147 1272 1471 1329 παραλήγουσαν
1500 1270 1528 1328 ἢ
1557 1270 1638 1327 φύ-

155 1348 215 1379 σει
249 1337 277 1393 ἢ
315 1337 436 1381 θέσει.
489 1336 745 1392 “Ηρωὸιανὸς
782 1339 826 1382 ἐν
858 1343 908 1396 τῇ
946 1338 1133 1382 καθόλου
1174 1343 1224 1396 τῇ
1262 1339 1401 1395 χρήσει
1441 1338 1638 1394 ἑπόμενος

157 1401 225 1445 διὰ
256 1404 506 1459 διφθόγγου,
550 1403 893 1460 ὑπομιήματίζων
923 1405 965 1448 ὁὲ
994 1404 1068 1448 τὸν
1093 1404 1369 1448 Ἀπολλώνιον
1399 1403 1467 1448 διὰ
1496 1407 1573 1448 τοῦ
1603 1409 1637 1448 ῑ·

154 1467 238 1511 ἔστι
265 1468 344 1525 γὰρ
375 1470 439 1514 ὅτε
466 1470 565 1525 μετὰ
594 1469 671 1527 τὴν
700 1474 896 1525 διαίρεσιν
926 1472 1083 1522 ἔκτεισις
1105 1474 1294 1527 γίγνεται,
1327 1473 1467 1526 οἴομαι
1487 1469 1637 1527 ὀΐομαι.

149 1532 209 1577 Ἡ
240 1539 380 1590 χρῆσις
417 1536 460 1579 δὲ
497 1535 601 1580 κατὰ
637 1537 922 1593 συνεκὸρομὴν
958 1542 1034 1581 τοῦ
1072 1537 1245 1593 σώτειρα
1273 1537 1455 1591 ἐλάτειρα
1497 1540 1637 1592 Steph.

156 1604 201 1645 In
230 1605 431 1657 principio
464 1605 723 1646 scribendum
763 1610 826 1646 est
858 1607 997 1659 Καῖρα
1035 1612 1077 1647 ut
1108 1618 1171 1658 ap.
1203 1606 1461 1648 Eustathium
1491 1606 1640 1657 legitur

156 1669 249 1724 367,
284 1670 346 1711 19.
406 1671 750 1720 Quemadmodum
781 1673 885 1712 enim
915 1669 1027 1725 παρὰ
1055 1669 1131 1726 τὴν
1158 1669 1341 1725 μάκαρος
1370 1667 1537 1724 γενικὴν
1564 1668 1639 1724 μά-

155 1750 277 1787 καιρα
314 1734 383 1776 καὶ
421 1733 596 1784 τάλανος
632 1734 804 1777 τάλαινα
842 1736 910 1777 καὶ
945 1735 1106 1789 τέρενος
1139 1735 1296 1791 τέρεινα
1333 1739 1419 1780 ΕΜ.
1451 1738 1542 1791 ²752,
1573 1737 1638 1778 27.

155 1802 215 1841 510
246 1813 314 1842 ars
345 1803 575 1854 analogiam
611 1814 789 1855 sequens
821 1815 843 1843 a
873 1805 1053 1855 genitivo
1085 1806 1160 1845 τοῦ
1187 1801 1329 1857 Καρός
1354 1805 1464 1845 ducit
1487 1805 1638 1856 Καῖρα.

154 1867 258 1907 Huio
285 1867 526 1909 Eustathius
559 1870 753 1909 continuo
786 1870 923 1910 subdit
965 1882 987 1910 a
1020 1871 1216 1922 Stephani
1248 1871 1476 1924 expilatore
1509 1870 1639 1911 omis·-

157 1945 246 1974 sum
285 1932 354 1974 καὶ
391 1931 436 1974 ἐν
472 1932 653 1975 διαλύσει
684 1932 836 1987 Κάϊρα.
897 1936 1022 1987 Cujus
1064 1936 1150 1975 iota
1190 1937 1362 1988 produci
1402 1936 1539 1977 dicunt
1571 1938 1641 1976 aut

157 1999 251 2051 quia
282 2010 332 2039 ex
363 1999 508 2050 dialysi
541 2005 671 2042 ortum
703 2006 765 2041 est
797 2006 864 2041 aut
898 2002 949 2041 ob
982 2002 1309 2042 terminationem
1339 1997 1390 2041 τὰ
1418 1998 1496 2054 γὰρ
1524 2000 1581 2050 εἰς
1612 2002 1639 2042 ἆ

156 2062 288 2117 βραχύ
316 2070 391 2107 eto.
450 2065 656 2107 Produeto
689 2067 774 2106 iota
805 2066 983 2107 additum
1015 2072 1077 2107 est
1111 2068 1272 2119 epsilon
1292 2091 1346 2095 -—
1366 2066 1434 2108 καὶ
1466 2064 1487 2108 ὁ
1517 2065 1639 2120 λόγος

155 2126 232 2183 τὴν
259 2130 495 2184 δίφθογγον
525 2132 628 2172 αἰτεῖ
656 2132 792 2173 Schol.
825 2132 866 2173 ll.
890 2133 952 2174 IV.
975 2132 1062 2173 142.
1095 2134 1189 2186 quia
1218 2134 1447 2186 ubieunque
1470 2138 1564 2174 ante
1585 2125 1638 2185 ρῖε

157 2196 356 2247 syllabam
395 2198 481 2237 iota
520 2199 745 2252 reperitur,
796 2197 1091 2250 diphthongum
1131 2204 1213 2239 est:
1255 2202 1432 2252 σφαῖρα,
1481 2203 1638 2252 σπεῖρα,

155 2264 300 2314 μοῖρα,
339 2264 485 2318 πρῷρα
516 2288 567 2292 —
597 2263 859 2316 σεσημείωται
897 2260 944 2304 τὸ
982 2261 1070 2316 εἶρα
1099 2263 1168 2305 καὶ
1199 2262 1358 2318 Κάειρα
1388 2261 1639 2319 ἅμφιβαλλό-

155 2342 257 2379 pava
294 2329 380 2369 EM.
419 2329 511 2383 318,
551 2329 615 2370 53.
664 2329 793 2370 Cram.
834 2330 880 2371 Il.
921 2329 1009 2373 196.
1077 2331 1334 2372 Postremum
1374 2331 1550 2373 diaeresi
1589 2343 1638 2373 ex

159 2395 298 2446 Καῐρα
340 2396 489 2436 sactum
522 2406 616 2436 esse
648 2395 854 2435 consentit
887 2395 1023 2438 Schol.
1054 2396 1096 2437 Il.
1127 2397 1190 2438 IV.
1223 2397 1312 2438 142.
1354 2397 1428 2438 sed
1460 2397 1570 2438 addit
1600 2397 1640 2438 οἱ

156 2456 200 2499 δὲ
230 2456 284 2506 ὡς
315 2456 396 2500 ἀπὸ
426 2461 501 2501 τοῦ
531 2461 669 2514 φαίνω
700 2460 871 2513 φαείνω,
914 2473 1019 2513 (11105
1050 2473 1226 2504 11000550
1257 2467 1320 2503 est
1352 2474 1427 2515 pro
1462 2463 1640 2505 diaeresi

157 2525 425 2566 substituisse
465 2526 709 2578 epenthesin
756 2525 995 2578 diphthongi
1039 2529 1223 2581 integrae
1266 2529 1453 2582 exemplo
1493 2540 1638 2583 parum

241 2705 300 2747 41)
338 2704 449 2749 Alpha
476 2715 542 2739 non
568 2716 686 2750 purum
715 2708 897 2751 significat,
926 2712 961 2742 ut
987 2709 1149 2744 excludat
1175 2711 1260 2752 μία,
1290 2707 1488 2753 ὀρχήστρας
1516 2713 1582 2745 etc.
