1699 3021
401 163 469 204 DE
500 162 621 204 MUT.
652 162 864 206 TERMIN.
897 163 1096 206 CAUSIS.
1147 170 1183 213 §.
1210 167 1245 209 2.
1538 169 1566 210 5

90 272 328 316 Germanice
358 273 466 314 scire
495 272 696 313 videbitur
726 273 793 325 qui
823 273 1029 314 nominum
1059 273 1207 325 Flam,
1246 275 1389 327 Fluss)
1422 275 1565 327 Riese,

85 339 219 389 Floss,
258 338 425 389 Flesse,
465 338 638 378 confinia
669 343 709 378 et
739 339 914 379 divortia
943 340 1127 392 ignoret,
1176 340 1233 380 ita
1264 352 1369 392 quae
1400 342 1464 382 his
1495 352 1566 382 re-

87 404 292 457 spondent
310 403 436 443 latina
465 402 634 454 fluvia-5,
666 402 809 455 fluvio,
841 403 965 455 fluor,
997 403 1167 456 slmnen,
1199 405 1356 457 flemus,
1390 406 1561 458 fluctus,

83 469 269 522 fluxura.
302 468 449 520 fluxio,
481 467 693 519 flustrum,
725 466 944 518 fluentum,
979 473 1017 509 et
1042 472 1287 521 graecanica
1316 468 1420 523 ῥέος,
1452 469 1562 524 ῥόος,

83 531 175 587 ῥοή,
207 531 324 585 ρύαξ,
356 530 485 584 ῥύσις,
516 532 656 585 ῥεῦμα,
688 531 870 585 ῥεῖθρον,
902 531 1043 585 eamq,
1075 533 1239 586 ῥόθιον,
1271 539 1350 577 nisi
1383 538 1561 579 sciamus

82 600 178 654 quid
199 600 384 640 differant
414 603 454 639 et
482 599 523 639 in
552 599 787 639 universum
817 610 1003 651 quaeque
1035 602 1189 642 formae
1211 603 1450 654 principalis
1480 604 1559 643 irn-

79 667 250 708 mutatio
281 665 377 717 quid
411 665 672 705 emolumenti
703 665 845 716 saciat,
885 665 1052 706 multum
1083 667 1201 707 abest
1240 673 1282 707 ut
1324 669 1444 709 nobis
1484 680 1558 709 ac—

80 735 262 773 curatam
308 731 463 782 antiqui
511 730 714 771 sermonis
752 730 1059 781 intelligentiam
1099 744 1294 784 arrogare
1334 735 1555 785 possimus.

78 798 227 838 Verum
262 797 482 836 intestinae
522 795 813 835 elementorum
845 797 1130 837 conversionis
1170 800 1341 850 ejusque
1380 811 1485 851 quae
1517 801 1556 840 in

78 863 219 915 primis
260 862 452 902 consistit
483 861 612 901 literis
645 861 831 911 exempla
861 861 941 900 alio
973 862 1092 914 loco;
1139 875 1247 904 nunc
1277 864 1326 905 de
1359 867 1554 906 termina-

76 929 232 969 tionum
262 928 461 967 varietate
493 926 623 966 dicam
653 937 736 966 non
766 926 1001 977 singillatim
1032 928 1106 969 sed
1135 931 1379 985 generatim,
1421 943 1553 983 neque

77 994 212 1034 omnia
241 992 536 1032 vocabulorum
573 1002 727 1041 genera
763 992 1015 1042 complectar
1045 994 1118 1034 sed
1149 995 1408 1036 substantiva
1438 998 1551 1049 sola3

75 1070 124 1100 ac
154 1069 204 1098 ne
234 1058 335 1098 haec
366 1057 526 1109 quidem
557 1056 608 1096 ad
639 1061 861 1096 extremum
899 1061 938 1096 et
977 1069 1191 1110 quousque
1224 1072 1327 1112 opus
1360 1066 1423 1101 est
1453 1074 1552 1114 per-

77 1135 226 1177 sequar
258 1123 331 1164 sed
360 1123 490 1174 magis
521 1121 702 1162 tentandi
733 1125 773 1162 et
803 1123 1044 1174 proludendi
1076 1136 1212 1165 cansa.
1271 1126 1415 1167 Adhuc
1445 1129 1549 1168 enim

76 1192 117 1232 in
145 1190 359 1231 vestibulis
391 1189 490 1229 artis
521 1188 786 1227 consistimus
817 1189 1112 1239 speculabundi
1139 1191 1376 1243 similesque
1407 1194 1550 1234 turbae

75 1258 266 1298 curiosae
304 1266 408 1307 quae
448 1253 512 1294 die
552 1254 658 1293 festo
698 1253 990 1295 dominantium
1032 1257 1185 1307 palatia
1223 1257 1427 1298 luminosa
1465 1260 1548 1298 cir-

73 1325 248 1364 cumstat
293 1331 366 1373 per
410 1320 533 1359 rimas
575 1323 770 1370 spectans
810 1332 1020 1372 vocesque
1061 1323 1166 1362 sorte
1206 1324 1380 1364 emissas
1418 1324 1547 1366 avidis

72 1393 245 1441 captans
274 1386 452 1427 auribus,
511 1385 623 1425 Intus
655 1386 791 1425 omnia
822 1386 944 1438 plena
974 1387 1076 1429 lucis
1105 1392 1144 1428 et
1177 1390 1363 1442 canoris,
1401 1395 1440 1430 et
1468 1402 1546 1442 ap-

69 1458 215 1508 parent
251 1464 325 1505 per
368 1453 573 1492 fenestras
614 1451 799 1502 picturae
828 1453 1028 1504 parietum
1060 1458 1099 1494 et
1129 1454 1380 1496 lacunarium
1420 1467 1546 1496 orna-

67 1524 205 1562 menta
235 1524 274 1559 et
303 1517 636 1558 circumeuntium
667 1518 803 1569 capita
833 1519 1066 1572 cristaeque
1091 1525 1296 1563 nutantes.
1326 1546 1380 1550 —
1418 1522 1545 1563 Extra

68 1586 262 1627 tenebrae
294 1588 334 1625 et
364 1587 628 1635 conjecturae
659 1594 709 1623 ex
742 1594 875 1635 ungue
907 1585 1052 1626 leonis.

175 1661 214 1704 ἓ.
237 1656 274 1697 2.
326 1655 684 1697 Substantivorurn
714 1655 836 1706 igitur
866 1656 1098 1706 positiones
1130 1655 1181 1696 ad
1213 1657 1289 1697 tria
1319 1658 1437 1709 quasi
1469 1668 1542 1698 ca·-

63 1722 150 1775 pita
173 1722 360 1762 revocari
390 1724 579 1773 possunt,
610 1720 1057 1774 paraschematismum‚
1088 1722 1322 1775 motionem,
1354 1722 1542 1763 denomi—

62 1788 280 1827 nationem.
331 1785 765 1844 l'arascliematisnnim
796 1785 886 1825 dico
919 1797 1005 1825 eam
1032 1786 1324 1826 vocabulorum
1356 1787 1541 1828 declina-

63 1854 214 1893 tionem
253 1850 602 1908 qua-intellectus
642 1861 725 1903 non
764 1855 963 1904 mutatur,
1001 1851 1203 1891 vocabulo
1236 1853 1403 1904 antiquo
1434 1864 1540 1894 nove

62 1929 162 1958 usus
192 1917 255 1958 vel
287 1917 425 1969 potius
457 1916 645 1967 ambiguo
672 1917 992 1969 circumscripte.
1039 1916 1141 1957 Nam
1169 1921 1331 1957 veteres
1363 1919 1424 1958 sic
1446 1918 1538 1970 ple—

59 1995 230 2035 rumque
269 1983 491 2023 motionem
532 1986 682 2021 vocant
722 1993 826 2033 quae
867 1984 907 2023 fit
946 1994 1018 2035 per
1056 1993 1227 2034 genera:
1288 1978 1311 2023 ὁ
1357 1981 1539 2035 σώφρων

60 2045 86 2102 ἡ
116 2046 310 2100 σώφρων,
351 2046 489 2100 μάκαρ
517 2044 710 2099 μάκαιρα,
741 2045 845 2088 λέων
873 2045 1012 2088 λέαινα
1041 2049 1232 2100 Apolloni.
1254 2049 1303 2089 de
1322 2048 1424 2090 Adv.
1445 2050 1535 2090 553.

59 2114 206 2155 Arcad.
239 2114 302 2154 co.
362 2114 517 2155 Deinde
556 2114 850 2154 derivationem
888 2115 1064 2155 nominis
1096 2126 1119 2154 a
1148 2115 1332 2167 nornine,
1370 2115 1458 2155 sive
1490 2126 1537 2154 ea

60 2180 228 2220 vertitur
258 2179 491 2220 intellectus
522 2184 565 2221 ut
594 2175 640 2220 τὸ
661 2179 770 2232 ὁείρη
802 2179 841 2219 οἱ
867 2179 1028 2227 Αἰολεῖς
1056 2177 1179 2232 δέῤῥη
1201 2175 1389 2219 καὶκατὰ
1407 2193 1536 2231 παρα-

60 2240 338 2297 σχηματισμὸν
376 2242 511 2296 δέῤῥις
550 2241 573 2299 ἡ
611 2242 744 2299 βύρσα
780 2247 866 2287 ΕΜ.
898 2246 990 2299 202,
1021 2245 1084 2287 56.
1131 2247 1219 2286 Sive
1256 2244 1361 2285 idem
1399 2248 1536 2285 manet

0 2315 1 2328 ¹
60 2311 346 2352 terminatione
376 2316 550 2352 mutata:
599 2309 802 2364 μηνιθμός
831 2313 950 2365 μῆνις
978 2306 1365 2365 παρασχηματισμὸς
1394 2306 1416 2349 ὁ
1445 2307 1535 2361 τρό-

57 2390 134 2423 πος
174 2376 310 2417 Schol.
343 2376 383 2417 [ί.
410 2377 509 2418 XVI.
532 2377 596 2418 62.
627 2376 671 2418 ἐκ
700 2380 775 2419 τοῦ
804 2375 964 2431 μηχανή
993 2379 1144 2431 γίνεται
1172 2377 1298 2429 μῆχος
1326 2370 1431 2415 κατὰ
1461 2389 1534 2414 πα·

56 2438 388 2494 mammaeae„
416 2438 471 2489 ὡς
500 2439 629 2497 ἡδονή
660 2437 760 2498 ἦδος
788 2445 873 2485 ΕΜ.
894 2445 986 2497 585,
1006 2444 1069 2485 20.
1101 2443 1248 2495 quibus
1275 2439 1533 2481 Herodianus

55 2507 97 2548 in
128 2507 264 2548 Schol.
295 2507 337 2548 Il.
363 2508 390 2549 Ι.
421 2509 513 2550 576.
550 2510 614 2551 ΙΧ.
640 2510 676 2552 5.
712 2512 828 2552 Eust.
861 2510 950 2563 154,
978 2509 1042 2551 40.
1074 2508 1183 2549 addit
1214 2506 1374 2548 tertium
1403 2502 1533 2558 ἡμέρα

55 2565 206 2635 afflicto.3
237 2573 374 2615 Schol.
393 2574 529 2626 Apoll.
546 2576 574 2617 Ι.
597 2576 714 2618 1350.
745 2574 767 2618 ὁ
796 2573 924 2630 μόρος
952 2570 1319 2628 παρεσχηματισται
1348 2567 1430 2611 ἀπὸ
1459 2572 1532 2612 τοῦ

143 2715 180 2758 3)
209 2714 350 2762 Ἱίμέρα
370 2737 408 2742 -
432 2713 550 2762 ἦμαρ,
589 2718 625 2751 τὸ
663 2718 733 2762 γὰρ
771 2717 840 2752 ἀπὸ
874 2718 1006 2754 δασέος
1036 2715 1447 2762 μεῑασχηματιζόμενον
1472 2723 1530 2758 ψι.
