1747 3005
128 168 195 209 DE
225 166 350 210 NOM.
372 166 590 216 QUORUM
619 166 769 209 CHAR.
792 166 892 209 EST
912 165 1188 208 DENTALIS.
1219 165 1262 206 C.
1287 165 1330 206 V.
1359 165 1446 214 §.2
1480 166 1572 209 397⁴

99 276 267 317 cobsius
310 277 431 318 Anth.
474 277 574 318 XIII.
616 276 676 318 18.
707 288 782 329 pro
823 273 892 317 καὶ
913 271 1097 316 ’Τλαΐδαι
1132 275 1320 328 βασιλῆες
1358 276 1570 326 corrigens

94 336 370 394 Ἀμυκλαῖὶαι,
403 343 452 383 ad
484 343 726 383 sententiam
758 342 860 382 satis
891 346 995 392 apte,
1026 352 1116 381 nam
1148 341 1338 381 Dtoscuri
1368 340 1446 380 hoc
1476 341 1569 380 loco

97 407 315 458 significari
347 407 544 460 videntur,
576 408 646 448 sed
680 412 842 460 poterat
873 407 1028 446 leniore
1058 406 1254 446 medicina
1278 407 1334 445 uti
1359 401 1570 457 Ἀμυκλαΐ-

97 471 174 512 δαι.
232 472 318 513 Nec
347 473 464 513 valde
496 474 719 526 probabihs
752 477 815 513 est
844 472 1005 523 Bergkii
1041 472 1288 521 conjectatio
1321 470 1571 522 Aristopha-

98 548 190 577 nem
231 538 270 577 In
300 539 466 579 Danaid.
507 539 566 579 Fr.
606 539 669 579 XI.
706 539 822 580 1051.
864 537 1044 583 Λυκιτᾶς
1082 547 1308 588 usurpasse
1354 536 1570 588 penultima

97 602 222 643 brevi.
281 604 409 644 Poeta
451 606 517 656 qui
557 606 746 645 vocativo
785 600 985 655 πρεςβύτα
1025 614 1124 642 usus
1172 605 1235 641 est
1281 612 1355 653 pro
1404 600 1578 651 dactylo

96 668 215 708 Anth.
247 668 272 708 Ι.
303 679 338 709 n.
370 669 432 710 40.
464 681 542 710 una
573 672 731 710 ratione
763 669 950 709 excusari
981 672 1141 720 potest,
1173 666 1282 717 quod
1313 666 1569 707 Christianus

99 738 174 774 est.
235 734 531 775 Eratosthenes
570 747 666 775 vero
706 734 891 786 Append.
932 745 968 774 n.
1004 734 1069 774 25.
1106 729 1206 785 μηδὲ
1246 727 1340 784 σύγ’
1370 727 1569 783 Ἀρχύτεω

99 796 336 851 δυςμήχανα
365 798 460 852 ἔργα
489 802 705 850 genitivum
737 801 825 840 sIne
867 800 989 840 dubio
1023 799 1274 849 trisyllabum
1306 808 1400 838 esse
1430 797 1571 838 voluit.

99 866 331 906 Ceterarum
364 867 689 905 terminationum
720 866 785 905 lex
815 866 924 905 nulla
956 864 1099 904 tradita
1130 869 1201 904 est.
1260 863 1421 904 Insulae
1450 863 1570 902 Meli-

98 935 162 970 tae
200 941 348 970 nomen
388 930 555 971 Ovidius
596 931 703 970 Fast.
737 931 799 971 III.
839 931 929 971 507.
962 935 1001 970 et
1033 930 1156 970 Silius
1197 928 1296 970 XIV.
1334 928 1424 969 251.
1466 939 1570 980 pro-

96 996 391 1035 nunciaverunt
431 996 491 1035 sIc
532 1000 573 1035 ut
604 995 790 1036 Nereidis
831 996 1054 1047 Homerus,
1095 994 1166 1035 sed
1208 994 1408 1045 Lycophr.
1452 993 1568 1035 1028.

96 1060 228 1101 media
259 1066 470 1112 porrecta,
510 1062 587 1101 nisi
628 1073 648 1100 e
683 1061 799 1101 codd.
842 1061 1048 1101 nonnullis
1086 1058 1319 1110 recipienda
1350 1064 1412 1099 est
1441 1060 1572 1111 parti-

99 1126 190 1166 cula
220 1123 334 1166 ἄλλοι
363 1123 406 1165 δὲ
436 1128 619 1179 Μελίτην
658 1126 862 1178 quomodo
905 1126 1086 1166 mulieris
1125 1135 1273 1164 nomen
1313 1125 1570 1164 enunciatum

99 1196 162 1231 est
192 1191 311 1232 Anth.
343 1192 384 1232 V.
416 1191 507 1233 282.
539 1197 578 1232 et
608 1192 682 1231 viri
720 1191 913 1230 Μελίτων
942 1190 1005 1231 IX.
1046 1190 1135 1231 143.
1175 1189 1383 1230 Genitivus
1413 1184 1570 1241 Ἰφίτου

97 1256 139 1296 Il.
172 1256 216 1295 ll.
247 1257 337 1296 518.
369 1257 430 1296 sic
461 1261 502 1295 ut
532 1254 689 1296 Αἰόλου
718 1258 758 1296 in
790 1256 991 1308 Odyssea,
1024 1256 1171 1306 legitur
1201 1254 1331 1294 media
1359 1254 1569 1306 producta.

95 1321 127 1361 F.
159 1321 282 1361 breve
311 1326 350 1361 et
381 1322 544 1372 longum
576 1322 809 1373 Stephanus
841 1332 873 1361 s.
894 1318 977 1368 Ἴος
996 1320 1184 1360 coneedit
1212 1320 1418 1370 gentilicio
1441 1315 1570 1373 Ἰήτης

94 1384 164 1427 καὶ
189 1382 308 1438 Ἰέτης
338 1392 375 1426 et
405 1400 427 1426 a
458 1387 619 1427 nomine
652 1387 761 1426 urbis
788 1382 903 1426 Ἰεταί
932 1386 1071 1438 Steph.
1116 1386 1240 1426 Silius
1280 1385 1391 1425 linxit
1431 1386 1569 1426 celsus

96 1452 213 1493 Ietas
244 1452 342 1493 XIV.
375 1452 465 1493 271.
497 1453 556 1492 Illi
589 1453 718 1493 simile
755 1452 1044 1504 appellativum
1076 1451 1305 1501 Hesychius
1346 1452 1471 1491 refert
1501 1449 1568 1504 ἰή-

93 1532 164 1571 της
191 1515 357 1570 τοξότης
387 1514 558 1569 ἰοβόλος,
581 1518 689 1569 quod
710 1518 744 1558 si
770 1515 882 1570 ἱὴτης
902 1517 1117 1557 scribimus
1139 1522 1178 1556 ut
1197 1516 1405 1556 Albertius
1425 1518 1568 1567 suasit,

96 1583 268 1624 difficilis
301 1587 363 1623 est
394 1583 550 1623 vocalis
582 1583 780 1635 defensio,
811 1594 902 1622 nam
932 1580 1021 1634 ἕτης
1051 1581 1262 1621 dicendum
1294 1586 1380 1622 erat
1421 1588 1462 1622 ut
1492 1580 1568 1623 θὲ-

94 1663 166 1701 της
206 1648 269 1688 vel
311 1648 582 1700 productione
622 1649 800 1688 adhibita
842 1645 938 1700 ἤτης
978 1653 1020 1687 ut
1059 1644 1189 1698 ὁώτης
1230 1659 1265 1686 ν.
1298 1647 1564 1690 ΡᾏΓ311.420.

94 1715 185 1755 442.
218 1725 346 1765 eaque
368 1714 517 1754 ectasis
548 1714 666 1753 etiam
698 1713 746 1752 ad
777 1712 1000 1752 derivativa
1030 1713 1201 1764 pertinet
1223 1723 1311 1752 cum
1333 1723 1569 1766 paronyma,

96 1785 138 1820 ut
168 1775 364 1831 ἀγρώτης,
398 1784 478 1818 tum
508 1779 709 1831 verbalia,
740 1777 847 1829 quod
886 1789 1014 1828 genus
1047 1779 1247 1828 Scymnus
1277 1789 1316 1817 in
1347 1778 1502 1830 Fragm.
1532 1791 1567 1820 V.

98 1845 187 1886 103.
218 1845 334 1885 metri
367 1856 493 1884 causa
523 1841 693 1884 Σκύθαι
731 1840 934 1896 ιῖιρωτῆρες
972 1844 1070 1883 dixit
1107 1848 1149 1882 ut
1188 1843 1419 1894 Sophocles
1463 1840 1568 1895 ἀρώ-

96 1920 221 1962 σιμος.
279 1910 430 1950 Eadem
461 1911 619 1949 ratione
650 1910 852 1950 vocabula
881 1910 1057 1961 gentium
1083 1909 1347 1949 barbararum
1371 1907 1568 1961 Κερκέται

96 1980 135 2016 et
171 1972 341 2027 Τωρὲται
372 1976 551 2015 AvIenus
584 1976 722 2015 Descr.
753 1975 844 2017 800,
887 1975 1074 2015 versibus
1116 1975 1202 2014 suis
1244 1975 1566 2017 accommodavit

95 2047 318 2092 contraque
348 2040 516 2091 Abydus
548 2040 638 2081 003.
671 2046 708 2080 et
729 2040 903 2091 Berytus
930 2040 1044 2081 1071.
1075 2051 1157 2080 non
1187 2040 1341 2080 veritus
1373 2045 1436 2080 est
1467 2053 1565 2082 eor-

94 2107 239 2158 ripere.
298 2107 557 2157 Correptioni
586 2105 796 2157 longarum
836 2105 1037 2146 vocalium
1068 2105 1201 2144 vicina
1231 2111 1296 2145 est
1325 2106 1456 2159 elisio,
1489 2119 1565 2147 cu·-

90 2174 158 2222 jus
190 2182 310 2211 unum
342 2177 405 2212 est
435 2171 508 2212 sed
547 2172 862 2223 inexpugnabile
895 2170 1120 2221 exemplum
1152 2170 1296 2210 Athen.
1329 2171 1392 2212 III.
1421 2171 1486 2213 86.
1516 2175 1564 2214 A.

95 2232 118 2276 ὁ
148 2232 337 2286 ἀναρίτας
365 2234 434 2276 καὶ
463 2232 642 2288 ἀνάρτας
670 2240 858 2278 καλεῖται.
926 2237 1026 2278 Nam
1068 2235 1176 2287 qUOd
1216 2236 1352 2276 Schol.
1393 2238 1563 2280 Theocr.

94 2301 138 2342 V.
170 2302 206 2342 5.
238 2301 333 2341 dicit
362 2299 465 2342 κατὰ
493 2300 567 2355 μὲν
594 2299 640 2343 τὸ
671 2298 877 2355 ἀνάλογον
907 2301 1153 2354 Συβαρίτης,
1187 2297 1290 2341 κατὰ
1319 2299 1362 2342 δὲ
1390 2306 1564 2356 Δωριεῖς

95 2364 327 2419 Συβάρτας,
373 2369 549 2419 pertinet
587 2368 637 2409 ad
674 2370 884 2420 pristinam
927 2368 1171 2419 scripturam
1208 2364 1449 2419 Συβάρτας,
1489 2381 1562 2421 pro

96 2431 381 2485 quossplerique
403 2433 518 2473 codd.
555 2431 764 2486 Σιβύρτας
794 2433 1003 2486 praebent,
1034 2438 1075 2472 ut
1104 2433 1276 2484 Epirota
1303 2434 1462 2485 quidam
1487 2446 1567 2475 vo-

97 2502 211 2537 catur
243 2497 383 2548 Polyb.
414 2498 532 2539 XXII.
562 2498 599 2552 9,
620 2500 656 2540 7.
691 2504 729 2539 et
758 2499 988 2539 Messenius
1021 2495 1235 2550 Βαβύρτας
1254 2498 1360 2550 apud
1381 2499 1565 2553 eundem,

95 2563 227 2602 Arcas
258 2560 477 2613 Λασύρτας
507 2564 597 2605 Ath.
628 2564 670 2606 ll.
705 2565 770 2605 44.
808 2565 847 2605 F.
888 2560 1098 2613 Νικύρτας
1134 2560 1431 2612 ὄουλέκδουλος
1468 2565 1563 2606 Hes.

96 2623 317 2678 Σιβύρτιος
346 2628 554 2680 Aristoph.
585 2633 625 2669 et
655 2629 704 2670 al.
751 2629 837 2670 Nec
878 2629 1078 2670 credimus
1116 2629 1330 2669 Eustathio
1372 2630 1464 2683 481,
1498 2629 1562 2671 35.

95 2689 159 2732 τὰ
183 2689 310 2733 ὀπτόν
347 2689 393 2733 ἐκ
431 2694 508 2734 τοῦ
538 2689 716 2747 ὀπτητόν
744 2693 813 2735 καὶ
841 2692 888 2735 τὸ
917 2691 1055 2747 ἑφθόν
1093 2690 1137 2734 ἐκ
1174 2695 1250 2735 τοῦ
1278 2691 1431 2748 ἑψητόν
1459 2692 1562 2735 ἔοικε
