1747 3005
257 163 326 206 DE
354 162 481 207 NOM.
511 162 645 205 PRIM.
678 160 881 204 DECLIN.
910 161 964 203 IN
986 147 1036 210 Ec}
1065 162 1254 204 PURUM.
1289 167 1329 212 §.
1357 163 1394 205 2.
1477 163 1572 208 489

101 272 273 315 XXXVI.
303 272 395 315 267.
426 272 553 325 (524.)
584 267 748 324 Εὐρέας
774 271 916 324 Polyb.
946 267 1122 322 Μελέας,
1158 271 1322 323 Τελέας,
1353 273 1432 314 nisi
1468 273 1572 316 haec

101 337 330 390 adjicienda
359 342 454 378 sunt
484 338 720 379 verbalibus
750 334 915 388 Κινέας,
946 334 1106 388 Φιλέας,
1127 333 1297 390 Ὀρσὲας
1315 337 1427 380 Pind.
1447 340 1570 380 Μνα-

100 399 207 454 σέας,
239 404 411 444 Staseas
442 403 523 444 Cic.
554 403 815 455 Appellativa
852 403 971 455 hujus
1013 403 1168 444 formae
1207 403 1347 445 dubito
1379 415 1431 444 an
1459 405 1572 447 nulla

101 469 196 511 sint.
255 468 334 509 Pro
362 464 551 521 Ἐριφέας
579 470 748 522 χίμαρος
776 469 870 510 Hes.
911 467 1078 510 Guietus
1118 473 1230 510 recte
1268 466 1424 522 ἐρίφιος
1461 472 1572 512 scri-

101 535 209 587 psit3
239 544 313 586 pro
340 529 478 581 Ἐλέας
507 531 652 587 ὄρνεον
690 535 731 574 in
759 535 884 575 Arist.
923 535 1023 575 Avv.
1063 534 1156 575 303.
1193 532 1305 582 ἐλεᾶς
1340 536 1488 588 legitur
1527 541 1571 578 ut

100 596 247 646 ἐλασᾶς
289 599 428 639 ultima
467 599 762 652 circumducta,
801 611 880 652 quo
919 600 1013 640 huic
1041 611 1209 641 numero
1242 601 1456 653 eximitur3
1486 607 1573 643 ter-

103 665 199 705 tiam
238 664 421 716 ejusdem
459 665 643 716 glossam
677 661 816 717 Έρέας
845 662 966 705 τέκνα
1000 665 1220 716 Θεσσαλοί,
1252 668 1317 707 cui
1346 667 1477 708 simile
1507 672 1572 710 est

101 729 270 770 latinum
302 729 475 781 luteres,
518 742 542 771 a
579 731 829 771 nominativo
859 727 974 781 ἐρεύς
1002 730 1245 772 declinatum
1275 743 1371 774 esse
1400 738 1574 786 apparet

103 806 155 836 ex
184 795 320 835 dativo
348 790 527 848 Ἐρὲεςφι
555 792 724 843 τέκνοις.
783 793 949 849 Νομέας
979 795 1200 848 Gregorius
1230 798 1328 839 Naz.
1359 798 1422 839 bis
1446 810 1573 840 usur-

103 861 215 913 pavit
245 871 320 913 pro
350 858 500 913 νομεύς
528 874 563 903 v.
593 862 758 903 Jacobs.
788 861 839 902 ad
867 863 987 904 Anth.
1017 863 1114 903 VIII.
1145 874 1182 904 n.
1214 863 1277 905 17.
1301 875 1406 916 quae
1427 866 1572 907 crebra

104 930 169 967 est
199 927 458 978 propriorum
499 926 741 968 vicissitudo
780 924 970 979 Δρομέας
999 925 1208 981 Δρομεύς,
1236 924 1438 981 Ἀριστέας
1461 926 1574 984 Ἀρι-

103 988 220 1039 στεύς
248 1004 284 1033 v.
317 992 472 1033 Coraes
504 992 554 1033 ad
587 993 687 1033 Plut.
720 993 761 1034 T.
792 994 836 1034 V.
867 994 960 1035 435.
1001 994 1074 1034 sed
1111 995 1260 1045 inJuria
1291 996 1492 1036 translata
1521 995 1572 1038 ad

103 1057 394 1109 appellativum
422 1054 583 1110 νομέας,
613 1068 690 1098 nec
719 1061 763 1098 ut
792 1056 980 1111 Δρομέας
1010 1061 1071 1100 sic
1098 1061 1216 1101 etiam
1237 1057 1409 1113 δρομέας
1428 1061 1575 1103 dicitur

104 1123 179 1164 sed
215 1123 385 1176 δρομέας
420 1128 464 1164 ut
505 1124 698 1176 τροφίας,
737 1124 898 1176 τομίας,
935 1125 1106 1177 τροχίας.
1161 1122 1432 1179 Ἐπιτραγέαι,
1464 1127 1574 1181 quod

105 1188 223 1230 codd.
257 1189 441 1229 nonnulli
469 1189 684 1230 Aristoteli
715 1189 935 1230 obtrudunt
965 1202 1039 1243 pro
1069 1188 1314 1245 ἐπιτραγίαι,
1355 1204 1473 1233 nemo
1502 1204 1575 1235 re-

104 1254 242 1306 cipere
272 1254 460 1305 dignatus
493 1259 568 1296 est.
627 1251 794 1306 Βορέας,
826 1259 942 1307 cujus
972 1260 1136 1307 etymon
1165 1257 1277 1310 latet,
1299 1259 1478 1311 propriis
1497 1258 1574 1300 ad-

102 1319 306 1359 numerari
337 1320 539 1360 convenit.
598 1316 860 1371 Λακκοσχέας
888 1321 1073 1361 vocalem
1106 1334 1129 1362 a
1159 1323 1332 1374 SImplici
1360 1319 1481 1375 ὀσχέα
1508 1324 1576 1365 vel

103 1378 245 1436 ὀσχεός
268 1389 537 1436 propagatam
567 1385 700 1426 habet.
758 1386 915 1435 Κασᾶς,
946 1385 994 1426 de
1025 1398 1106 1438 quo
1138 1387 1219 1428 dixi
1262 1389 1303 1428 in
1331 1388 1475 1430 Parall.
1505 1389 1573 1432 80.

105 1452 146 1490 et
175 1444 304 1501 ἀργᾶς
343 1461 364 1490 e
402 1447 572 1501 κασέας,
612 1446 760 1503 ἄργέας
798 1451 860 1503 (ut
900 1453 1109 1504 proprium
1143 1448 1289 1505 ’Λργᾶς
1326 1466 1362 1496 V.
1400 1455 1573 1498 Meinek.

105 1513 216 1556 Com.
256 1515 320 1556 111.
357 1515 468 1568 388.)
511 1520 724 1557 contracta
761 1515 968 1569 videntur,
1010 1517 1083 1558 sed
1122 1518 1283 1570 integra
1320 1524 1455 1561 tamen
1492 1533 1577 1564 non

103 1584 264 1632 extant;
296 1591 450 1633 coprea
479 1592 627 1633 graece
655 1582 826 1633 κοπρίας
856 1581 1013 1623 dicitur.
1072 1582 1285 1631 Quomodo
1307 1591 1440 1627 autem
1462 1588 1578 1640 epsi-

103 1645 174 1686 lon
202 1646 243 1686 in
270 1637 307 1686 Ξῖ
336 1651 530 1697 transeat,
557 1647 662 1688 inter
692 1647 929 1688 affectiones
961 1646 1127 1690 dicetur.
1184 1650 1325 1703 Itaque
1355 1663 1477 1694 unum
1506 1665 1578 1695 re-

104 1714 189 1751 stat
217 1711 304 1752 iota
334 1713 483 1752 ceteris
513 1712 634 1753 latius
665 1712 849 1752 diffusum
882 1713 1139 1765 omniumque
1168 1716 1462 1759 vocabulorum
1500 1729 1578 1771 ge-

104 1785 205 1816 nera
250 1788 485 1830 permeans,
525 1789 696 1829 quorum
739 1777 787 1818 de
829 1782 942 1830 ortu,
973 1778 1293 1834 significatione,
1335 1787 1508 1825 accentu
1537 1789 1578 1826 et

106 1841 391 1884 affectionibus
422 1843 673 1884 membratim
706 1843 842 1884 dicere
872 1844 965 1884 mihi
996 1846 1209 1896 proposui.

218 1922 256 1966 ὃ.
287 1918 323 1959 2.
381 1918 596 1959 Nominum
626 1920 747 1971 igitur
776 1920 817 1960 in
846 1910 911 1968 ἰοί-ς
939 1921 1169 1963 exeuntium
1201 1922 1338 1975 aliqua
1367 1929 1435 1966 aut
1455 1926 1577 1977 igno-

108 1987 188 2025 tam
221 1984 417 2036 originem
448 1984 598 2025 habent
629 1989 696 2026 aut
726 1996 809 2025 non
840 1985 890 2026 ad
920 1986 1112 2039 liquidum
1143 1989 1397 2041 exploratam
1435 1995 1480 2032 ut
1508 2000 1578 2033 σα-

107 2049 224 2102 βρίας
252 2050 389 2101 poculi
419 2050 598 2104 genus‚³
636 2051 835 2102 βασυνίας
872 2051 1082 2106 placenta,
1120 2050 1322 2106 ἀβραμίας
1357 2054 1478 2110 βόλος
1506 2072 1578 2099 κυ-

106 2113 290 2169 βευτικός
327 2116 423 2157 Hes.
463 2116 717 2169 pisciumque
753 2117 917 2158 nomina
942 2113 1084 2170 ἀμίας,
1123 2121 1319 2172 θρανίας,
1359 2124 1579 2176 καλλαρίας

108 2181 196 2222 sive
226 2182 457 2234 γαλλαρίας,
487 2183 638 2233 κολίας,
668 2183 844 2235 λεβίας.4
901 2183 983 2225 Sed
1013 2183 1063 2225 de
1093 2185 1300 2240 plerisque
1330 2188 1408 2230 dici
1438 2193 1580 2243 potest

196 2367 234 2411 3)
268 2368 393 2404 Athen.
429 2369 485 2403 VI.
519 2370 595 2406 262.
633 2370 670 2404 B.
708 2368 748 2402 ἒν
778 2369 829 2414 τῷ
863 2373 995 2415 σαβρίᾳ
1026 2372 1221 2417 βολιιβυλίῳ.
1269 2374 1339 2410 Sed
1373 2375 1448 2410 cod.
1476 2375 1577 2411 Laur.

108 2423 253 2466 praebet
277 2425 418 2468 σαυρία,
446 2425 538 2467 quod
565 2425 779 2460 fabricatoris
804 2426 858 2461 vel
893 2429 1106 2470 possessoris
1133 2428 1278 2466 Sauriae
1314 2440 1437 2466 nomen
1472 2430 1581 2469 fuisse

111 2478 259 2514 videtur.
309 2479 449 2514 Saurias
477 2480 612 2514 Samius
637 2481 806 2524 Athenag.
835 2481 954 2524 Legat.
981 2481 1065 2516 XIV.
1094 2483 1180 2518 alius
1208 2484 1385 2520 Demosth.
1419 2486 1515 2523 1360.

199 2535 237 2578 4)
266 2535 363 2570 Idem
392 2536 525 2575 ἥπατος
549 2540 701 2579 vocatur,
728 2537 832 2572 latine
858 2537 976 2580 hepar.
1026 2537 1099 2573 Hoc
1132 2543 1167 2574 et.
1182 2539 1281 2583 jecur
1309 2543 1470 2577 convenit
1495 2551 1581 2586 ger-

111 2591 246 2625 manico
281 2591 409 2630 heber,
446 2590 538 2633 quod
572 2601 680 2635 prope
717 2593 855 2628 accedit
890 2593 932 2626 ad
966 2603 1128 2635 graecum
1161 2594 1266 2638 λοβός
1302 2596 1338 2629 τὸ
1373 2597 1487 2642 ἄκρον
1516 2597 1581 2631 τοῦ

112 2645 245 2685 ἥπατος
268 2646 348 2681 Sch.
376 2645 504 2682 Aescil.
532 2646 596 2689 Ag.
622 2648 699 2684 495.
748 2648 835 2682 Hinc
861 2647 1006 2683 sortasse
1031 2651 1137 2692 piscis
1162 2660 1298 2687 nomen.
1332 2653 1489 2696 Θρανίας
1505 2653 1580 2688 Co-

113 2711 191 2739 raes
216 2703 257 2738 ad
282 2702 428 2740 Xenocr.
458 2714 491 2748 p.
522 2702 576 2738 62.
603 2703 646 2738 ad
673 2706 826 2749 θρανίον
848 2704 996 2748 paxillus
1022 2705 1145 2748 resert3
1180 2707 1272 2751 quod
1306 2716 1424 2751 parum
1447 2709 1580 2754 proba-
