1731 3021
115 150 207 192 1124
616 151 1047 194 DISSERTATIO
1080 150 1142 192 IX.

120 255 188 299 διὰ
217 259 292 298 τοῦ
327 261 345 297 ῖ
372 254 427 306 ὡς
451 256 640 310 κάκιθος,
670 256 822 312 ἔριθος,
853 257 1026 308 λέκιθος.
1068 261 1177 300 Haec
1199 261 1332 301 aliena
1354 264 1471 312 sunt3
1504 271 1594 300 nam

122 323 226 364 demi
256 334 405 364 nomen
435 324 509 365 fuit
537 325 827 366 Probalinthus
859 326 1039 366 sortasse
1072 338 1095 366 a
1124 322 1333 377 πρόμαλος
1363 325 1526 366 ductum
1555 329 1599 365 ut

122 385 334 441 ἐρέβινθος
380 389 430 429 ab
477 386 626 443 ὄροβος
666 402 817 433 ervum.
884 392 986 431 Hinc
1029 392 1305 444 Προβαλίσιος
1342 391 1426 431 iota
1461 391 1600 449 longo,

126 466 251 507 quare
286 452 572 508 Προβαλήσιος
601 457 793 497 scribitur
830 458 871 497 in
902 457 1018 498 codd.
1050 458 1190 509 Steph.
1222 461 1265 497 ut
1296 467 1421 507 saepe
1455 450 1602 506 ζευγή-

127 530 230 567 σιον,
260 531 336 561 nec
365 521 496 571 aliter,
529 525 642 574 puto,
668 517 915 575 Ἀμαρύσιος
934 523 1247 575 pronunciatum
1275 526 1339 561 est
1358 532 1477 572 quam
1508 522 1601 572 Τρι-

126 582 320 638 κορύσιος
347 587 388 626 in
417 598 541 627 versu
570 588 883 642 Aristophanis,
913 589 991 629 hoc
1023 592 1086 629 est
1116 588 1250 640 ypsilo
1282 586 1499 639 producto,
1530 595 1604 637 pro

129 662 209 703 quo
243 651 517 704 diphthongus
547 652 656 693 valet
684 654 726 693 in
763 651 1049 705 Τρικορεύσιος
1069 654 1194 694 Inscr.
1215 654 1298 693 Att.
1321 662 1358 692 n.
1384 650 1473 692 172.
1496 650 1519 690 l.
1541 648 1604 691 39.

131 716 200 756 Sic
231 716 352 756 etiam
381 719 562 770 χαρίσιος
591 718 701 771 illud,
733 719 841 770 quod
873 719 1104 770 Stephanus
1132 720 1173 758 in
1203 717 1430 769 exemplum
1462 719 1606 767 tropae

131 781 258 834 affert,
276 793 348 833 pro
366 783 449 823 iota
468 785 633 834 genitivi
655 781 817 835 χάριτος
836 784 949 824 brevi
974 785 1133 834 accepit
1152 783 1329 834 longum,
1359 783 1455 821 item
1479 778 1608 832 Ἀρτε-

130 846 268 898 μίσιον
292 847 333 886 in
355 847 538 888 clausula
550 860 697 889 versus
718 848 1035 900 iambiciDiphil.
1055 849 1210 900 Fragm.
1229 849 1310 888 Inc.
1329 847 1444 887 XLII
1465 858 1502 898 p.
1515 845 1609 887 426.

134 915 174 952 et
199 907 434 964 Ἀρτεμισία
463 914 588 954 Arist
607 914 814 965 Lys.675.
847 918 951 954 utet
975 914 1295 955 Choeioboscus
1317 910 1608 964 sensitp.173.

128 973 389 1030 Ἀρτεμίσιον
418 975 463 1018 τὸ
493 995 535 1031 μι
558 980 657 1031 (scr.
684 980 741 1032 σι)
781 977 926 1031 βραχύ,
956 976 1003 1020 τὸ
1034 978 1076 1020 ὁὲ
1107 989 1145 1019 σι
1175 979 1273 1030 (scr.
1298 979 1357 1031 μι)
1390 974 1457 1018 διὰ
1485 977 1560 1017 τοῦ
1591 980 1610 1015 ῖ

134 1045 307 1096 μακροῦ.
365 1041 426 1084 Τὰ
454 1041 533 1096 γὰρ
562 1041 630 1085 διὰ
657 1047 732 1086 τοῦ
763 1057 866 1093 ισιος
895 1041 1220 1099 ἀποστρέφονται
1250 1040 1327 1097 τὴν
1355 1058 1399 1096 ει
1433 1055 1513 1120 q'ua
1542 1054 1613 1083 re-

135 1109 230 1161 gula
260 1121 343 1150 non
373 1110 768 1162 comprehenduntur
794 1107 1034 1164 Ἀρκείσιος,
1057 1111 1290 1164 Σιμοείσιος
1317 1110 1433 1150 Hom.
1458 1105 1614 1148 Ὀποεί-

137 1184 224 1221 σιος
255 1175 394 1226 Steph.
433 1172 668 1229 ἀπερείσιος.
707 1177 816 1218 Idem
859 1189 896 1229 p.
927 1177 1019 1218 215.
1061 1183 1100 1218 et
1129 1177 1259 1228 Etym.
1292 1174 1390 1216 Gud.
1427 1174 1519 1228 229,
1549 1174 1613 1216 51.

138 1240 337 1291 ζευγίσιον
366 1238 434 1280 διὰ
462 1243 537 1282 τοῦ
568 1243 593 1281 ι’
618 1243 675 1298 τῷ
706 1244 931 1296 χαρακτῆρι
959 1243 1043 1283 τῶν
1072 1239 1139 1282 διὰ
1177 1242 1252 1282 τοῦ
1281 1250 1389 1281 ισιον
1419 1235 1510 1280 οἷον
1537 1254 1615 1292 χα-

139 1306 282 1356 ρίσιον,
318 1306 608 1359 Προβαλίσιον,
635 1303 905 1360 Ἀρτεμίσιον,
935 1309 1097 1349 diversa
1116 1309 1392 1360 permiscen53
1423 1316 1515 1345 nam
1535 1306 1617 1354 ζευ-

138 1371 270 1423 γίσιον
307 1372 393 1411 iota
432 1372 594 1423 longam
626 1373 748 1413 habet
779 1385 802 1413 a
833 1375 1036 1425 primitivo
1069 1374 1244 1425 ζευγίτης
1281 1377 1324 1412 ut
1361 1368 1616 1425 ἀφροδίσιος,

139 1437 211 1476 illa
241 1448 338 1476 vero
382 1438 432 1477 ob
467 1438 758 1491 characterem,
789 1443 832 1478 ut
866 1439 1090 1490 Φορμίσιος
1119 1439 1193 1478 viri
1224 1449 1372 1478 nomen
1402 1449 1424 1478 a
1459 1434 1619 1490 Φόρμις

140 1502 206 1543 vel
242 1502 440 1554 Φορμίων
463 1508 746 1556 propagatum,
768 1515 844 1543 nec
867 1504 1045 1544 dubitem
1071 1505 1166 1555 quin
1189 1503 1380 1555 Χαρισίαι
1403 1503 1514 1544 urbis
1535 1504 1620 1543 Ar-

142 1567 309 1608 cadicae
346 1578 494 1608 nomen
533 1569 590 1608 ita
627 1568 870 1609 efferendum
910 1571 963 1610 sit
1001 1574 1044 1609 ut
1074 1569 1269 1618 Χαρίσιος
1297 1569 1384 1621 viri,
1400 1568 1434 1593 13
1473 1580 1496 1608 a
1537 1580 1618 1620 quo

144 1633 376 1684 Stephanus
407 1633 505 1673 illud
536 1638 711 1673 sumtum
743 1638 879 1687 putat,
923 1638 962 1674 et
996 1630 1184 1686 Ἀγχισία
1214 1633 1396 1684 ejusdem
1436 1635 1617 1685 regionis

143 1698 204 1738 sic
242 1702 285 1738 ut
317 1693 531 1750 Ἀγχίσης,
573 1698 763 1750 quodque
797 1700 1034 1740 Passowius
1072 1699 1283 1739 brevitatis
1315 1699 1432 1750 signo
1464 1700 1621 1739 notavit

142 1760 342 1814 νεκύσιος,
376 1764 557 1804 Graecos
587 1775 671 1804 non
699 1765 816 1806 aliter
846 1766 1146 1818 pronunciasse
1177 1765 1364 1805 existimo
1396 1776 1516 1816 quam
1544 1768 1622 1806 θα-

142 1827 305 1879 λύσιος,
348 1830 420 1871 sed
455 1824 654 1878 Ἀνύσιος
692 1832 910 1883 scriptoris
948 1842 1097 1871 nomen
1129 1831 1160 1872 J.
1189 1830 1286 1882 Lyd.
1317 1830 1365 1870 de
1394 1831 1523 1871 Mens.
1553 1830 1621 1873 IV.

143 1895 209 1937 40.
250 1907 288 1947 p.
330 1895 393 1937 68.
432 1897 493 1936 sic
531 1900 575 1936 ut
611 1897 778 1937 verbum
816 1896 922 1937 unde
960 1901 1097 1937 natum
1139 1901 1212 1937 est.
1279 1895 1621 1944 Quemadmodum

144 1971 243 2000 vero
278 1961 551 2013 Προβαλίσιος
583 1966 622 2003 et
648 1958 893 2014 Ἀμαρύσιος
922 1963 1108 2002 vocalem
1139 1962 1303 2013 longam
1333 1961 1484 2001 habere
1515 1961 1621 2001 dixi-

145 2037 234 2066 mus
274 2029 612 2078 compensatione
651 2028 966 2081 primitivorum‚
1009 2039 1114 2080 quae
1152 2028 1311 2068 literam
1348 2031 1373 2066 ῦ
1401 2027 1620 2078 continent,

144 2091 202 2131 ita
239 2089 462 2141 Τιθράσιος
500 2093 645 2134 dicitur
676 2093 797 2144 alpha
827 2093 950 2144 longo
992 2099 1033 2133 ut
1065 2098 1126 2134 est
1154 2094 1196 2132 in
1224 2092 1387 2132 nomine
1416 2091 1519 2131 demi
1557 2093 1621 2132 Τί-

145 2159 253 2208 θρας
290 2158 520 2210 Τιῗθρτιντος
558 2160 620 2211 (ut
657 2156 791 2207 τύψας
818 2156 1044 2211 τύψαντος)
1086 2157 1190 2197 unde
1237 2154 1483 2208 Τιθράντιος
1519 2157 1622 2198 deri-

146 2224 234 2263 vari
272 2228 436 2275 poterat
472 2228 516 2265 ut
547 2225 596 2265 ab
616 2221 745 2272 ’Ἀλεις
777 2225 938 2278 (omiss.
967 2225 1007 2264 in
1039 2223 1126 2275 Th.)
1155 2218 1366 2273 Ἆλέντιος,
1384 2223 1418 2248 1⁴
1448 2234 1472 2264 a
1502 2225 1619 2266 Γλισ-

240 2409 298 2450 13)
330 2409 404 2443 Hoc
436 2409 621 2444 Jacobsius
659 2408 759 2442 Anth.
790 2409 873 2443 XIV.
900 2409 932 2444 2.
959 2409 1099 2451 vulgato
1122 2410 1314 2452 Χαρίσῃῐος
1339 2408 1535 2451 anteponit3
1569 2408 1622 2442 sie

150 2467 184 2498 et
205 2464 362 2500 Ἀκέσιος
392 2464 516 2497 dicitur
542 2468 576 2499 et
598 2465 773 2500 Ἀκέστιος
797 2465 896 2498 PauS.
925 2464 951 2498 I.
978 2465 1032 2506 37,
1061 2465 1089 2499 1.
1120 2465 1160 2498 ab
1188 2463 1337 2500 ἄκεσῖός
1373 2466 1409 2497 ut
1434 2464 1623 2506 Θεμίστιος

150 2528 170 2552 a
195 2517 379 2562 θεμιστός,
406 2519 600 2554 Themistus
625 2519 698 2553 Liv.
725 2519 838 2553 XXIV.
864 2520 918 2555 24.
945 2519 1003 2552 ubi
1030 2520 1106 2553 libri
1135 2519 1279 2563 perboni
1301 2518 1495 2553 Themisius
1513 2526 1621 2560 prae-

150 2573 247 2614 bent3
274 2574 446 2616 (ἔκέσιμος
472 2579 506 2609 et
534 2575 739 2617 'flm'otquog
765 2573 865 2618 Corp.
894 2575 999 2608 lnscr.
1028 2585 1059 2608 n.
1091 2575 1191 2611 2562.
1227 2577 1262 2610 et
1283 2574 1383 2610 2583.
1431 2573 1521 2608 Nota
1544 2576 1622 2607 sunt

148 2628 377 2663 Romanorum
402 2630 571 2666 solemnia
598 2630 781 2662 charistia.

241 2695 296 2737 14)
320 2694 476 2729 Ἀλεντία
502 2697 646 2732 Veneris
673 2705 863 2737 cognomen
889 2695 968 2738 Lyc.
996 2696 1073 2732 863.
1100 2695 1258 2736 Ἀλησίας
1278 2694 1470 2739 Ἀφροδίτη
1497 2691 1558 2727 διὰ
1581 2692 1619 2726 τὸ
