1731 3021
161 145 246 186 212
635 146 1066 189 DISSERTATIO
1106 147 1169 188 lv.

164 265 240 294 nas
271 254 358 295 sive
387 257 550 308 ganglia
593 256 695 297 facie
738 257 799 297 sic
838 256 915 297 dici
953 256 1184 307 Hesychius
1229 254 1351 296 docet
1391 254 1637 308 Γαγγαλίδες

165 321 391 375 γελασῖυοι,
431 326 470 362 et
512 323 715 363 facticium
747 319 952 374 ἐλεγξῑυος.
1019 322 1079 362 De
1122 321 1374 373 diphthongo
1418 321 1528 373 quod
1567 321 1636 361 ille

167 385 380 440 admonet,
410 398 492 427 non
523 388 655 428 solum
686 388 878 441 Σεβεῖνος
916 388 976 428 510
1012 388 1207 438 scriptum
1240 391 1303 427 est
1339 388 1380 426 in
1423 386 1511 427 cod.
1541 387 1637 426 Rav.

166 452 292 492 Arist.
321 453 419 493 Ran.
449 453 540 495 427.
572 454 645 494 sed
675 459 714 495 et
745 454 824 494 alia
852 454 1016 493 nomina
1047 453 1214 504 saepius
1244 453 1285 491 in
1312 452 1426 492 libris
1449 455 1492 491 ut
1524 452 1638 491 Χαλ-

166 521 300 565 κεῖνος
325 518 444 559 Paus.
474 519 498 558 l.
530 519 595 572 37,
623 520 659 561 4.
695 517 890 573 Λάρειυος
914 519 1028 560 1‘1101.
1060 530 1092 559 s.
1126 515 1329 570 Λαρινός,
1367 528 1442 569 pro
1480 528 1560 570 quo
1596 517 1638 557 in

170 583 307 624 Schol.
348 583 460 624 Pind.
499 584 612 626 Nem.
650 586 713 626 IV.
750 585 816 626 82.
856 585 1010 625 rectius
1050 581 1251 637 Λάρινος,
1299 584 1339 623 in
1379 582 1472 624 Sch.
1512 582 1638 623 Arist.

167 648 261 689 Pac.
292 648 383 689 922.
421 650 553 689 miuus
594 654 705 690 recte
742 647 924 703 Λαρινός
961 650 1127 703 legitur,
1166 660 1242 689 nec
1271 660 1366 689 raro
1395 649 1437 688 in
1464 648 1637 689 nummis

167 719 292 766 atque
320 714 523 767 lapidibus
556 717 755 766 Χαρεῖνος
785 716 904 768 Corp.
934 716 1121 768 Inscript.
1153 727 1190 755 n.
1225 714 1341 756 1241.
1371 716 1574 762 Λυκεῖνος
1600 723 1639 754 n.

171 779 287 821 1255.
320 784 359 819 et
390 780 468 818 alia
499 780 612 830 prius
644 781 767 820 allata
799 793 830 822 c.
860 782 905 822 ΙΙ.
936 782 998 822 fin.
1030 781 1138 833 quod
1159 792 1304 821 cavere
1323 780 1482 821 videtur
1501 780 1640 821 Choe-

167 845 373 885 roboscus
417 844 547 884 Cram.
586 845 631 885 ΙΙ.
662 845 753 887 260.
790 849 1007 898 Σκωρῖνος
1034 871 1086 875 —
1116 844 1172 894 ὡς
1201 861 1214 886 ι
1246 843 1271 900 ἡ
1308 845 1638 898 παρατελευταῖα,

167 907 193 963 ἡ
223 906 461 961 παράδοσις.
519 910 606 951 Νο5
636 911 713 951 hac
750 912 1001 964 diphthongo
1040 923 1123 953 non
1158 914 1288 964 magis
1329 913 1478 953 utimur
1520 920 1639 963 quam

167 976 209 1015 in
241 975 440 1016 similibus
470 973 596 1028 τειμὴ,
624 972 730 1025 εἶσος
760 982 836 1019 etc.
866 1002 919 1006 ——
948 977 1081 1018 Medio
1110 979 1215 1018 inter
1237 979 1525 1031 perispomena
1543 977 1638 1016 loco

166 1041 368 1082 Arcadius
400 1041 573 1094 abrupte
602 1043 723 1083 insert
753 1040 905 1083 σπάνια
935 1041 977 1084 ὁὲ
1004 1042 1055 1084 τὰ
1082 1041 1258 1094 &genovae
1288 1041 1420 1095 ἐρινός
1445 1040 1468 1083 ὁ
1487 1038 1639 1094 ἐρινεός

165 1105 234 1148 καὶ
261 1103 487 1159 χαλινός,21
519 1112 600 1149 tum
629 1110 857 1159 interjectis
889 1110 999 1164 aliis,
1044 1122 1149 1162 quae
1184 1113 1269 1162 jam
1298 1110 1431 1162 retuli,
1461 1107 1637 1159 adjecti-

165 1184 255 1213 vum
287 1172 425 1224 adjicit
453 1169 500 1213 τὸ
530 1171 572 1213 δὲ
600 1172 765 1227 λαρινός
795 1170 1001 1225 ὀξύνεται,
1042 1187 1123 1228 000
1161 1180 1333 1217 accentu
1362 1173 1636 1216 Herodianum

164 1249 281 1279 usum
317 1249 411 1279 esse
444 1242 618 1280 testatur
648 1240 885 1281 Scholiasta·
902 1242 1028 1282 Arist.
1058 1241 1151 1282 Pac.
1173 1240 1265 1282 922.
1297 1241 1372 1290 Qui
1390 1241 1469 1281 hoc
1488 1250 1638 1280 nomen

163 1301 455 1358 μεγαλόῤῥινος
491 1307 750 1358 interpretati
789 1311 904 1357 sunt,
953 1308 1193 1348 necessario
1232 1310 1473 1359 gravarunt,
1518 1305 1637 1356 isque

165 1376 361 1411 accentus
394 1373 585 1413 convenit
616 1373 737 1412 etiam
769 1373 943 1424 simplici
973 1373 1083 1425 quod
1112 1374 1239 1414 latino
1271 1373 1454 1414 laridum
1479 1380 1638 1422 cogna-

164 1442 244 1477 tum
275 1436 443 1477 videtur.
503 1437 823 1478 Choeroboscus
853 1450 952 1479 vero
984 1440 1231 1479 enumeratis
1264 1438 1502 1491 adjectivis,
1532 1447 1637 1489 quac

161 1502 372 1542 materiam
403 1502 626 1556 declarant,
655 1500 830 1553 τούτοις,
859 1505 1002 1558 inquit,
1032 1501 1156 1557 ὅμοια
1183 1502 1229 1544 τὸ
1258 1502 1440 1556 κάμινος,
1469 1503 1635 1551 ἴκτινος,

161 1564 345 1619 κύμινος,
375 1564 636 1621 κυκλάμιυος,
671 1566 856 1621 κόφινος,
885 1567 1107 1621 κότινος,22
1137 1568 1205 1610 διὰ
1232 1570 1308 1611 τοῦ
1336 1574 1356 1609 ῐ
1384 1565 1637 1622 γραφόμενα.

160 1634 313 1673 Horum
345 1634 514 1685 primum
555 1638 594 1674 et
634 1635 702 1686 qui
740 1635 791 1675 ad
831 1636 934 1675 naim
976 1637 1157 1676 referunt
1195 1641 1235 1676 et
1277 1637 1343 1688 qui
1384 1636 1434 1676 ad
1471 1631 1637 1687 καμάρα

162 1698 276 1751 (0010
316 1700 506 1740 fornaces
552 1700 752 1740 fornicum
790 1701 963 1753 similes)
1004 1712 1136 1753 aequo
1176 1703 1268 1752 jure
1306 1705 1420 1751 sunt3
1466 1699 1635 1740 secundi

160 1764 279 1804 aliani
312 1765 480 1805 formam
511 1764 648 1817 prodit
686 1765 917 1816 Hesychius
955 1766 1109 1813 Δίκτυς
1151 1765 1349 1813 ἰκτῖνος23
1389 1767 1569 1807 fortasse
1609 1777 1633 1806 a

160 1830 286 1870 verbo
319 1829 446 1870 δικεῐν
474 1832 586 1872 icere
615 1835 658 1871 ut
696 1830 862 1872 δίκτυον
900 1835 992 1873 rete
1011 1833 1234 1882 jamdum,-
1273 1843 1447 1885 namque
1485 1831 1632 1872 milvus

159 1900 223 1936 est
260 1897 393 1936 avium
442 1897 672 1950 rapacium,
717 1897 864 1948 quibus
907 1908 1058 1939 nomen
1098 1909 1311 1939 commune
1349 1894 1632 1951 καταῤῥάκτης

156 1961 424 2013 8ίο5500901,
468 1963 563 2013 quia
600 1974 645 2004 se
688 1974 739 2004 cx
778 1963 862 2003 alto
901 1963 943 2002 in
979 1963 1172 2015 praedam
1204 1963 1398 2016 dejiciunt
1427 1965 1533 2006 sicut
1560 1963 1628 2004 ille

246 2125 434 2170 21)‘1¹vz‹}
461 2148 504 2153 —
540 2128 584 2162 τὰ
620 2129 775 2173 luituri,
809 2133 939 2174 κυρίως
971 2130 1008 2163 δὲ
1045 2129 1088 2177 τ’(ὶ
1123 2129 1304 2174 λεγόμενα
1339 2129 1478 2174 ῥέτειιά
1509 2129 1626 2163 Schol.

156 2181 300 2216 Hesiod.
335 2182 429 2216 Scut.
464 2184 541 2219 308.
575 2184 667 2220 idem
706 2189 759 2220 est
791 2186 883 2229 quod
917 2186 969 2219 Du
995 2185 1145 2228 Cangius
1165 2183 1305 2217 Ῥέτενα
1333 2185 1472 2228 scribit,
1506 2184 1542 2219 id
1575 2188 1629 2220 est

155 2238 357 2271 retinacula.
406 2238 464 2272 Sic
490 2242 525 2273 et
549 2241 655 2274 attina
679 2244 713 2275 et
739 2241 874 2275 destina
910 2241 1035 2275 dicitur
1065 2241 1127 2276 sed
1160 2240 1335 2276 feminine.
1383 2240 1456 2275 Vox
1494 2240 1629 2275 Graeca

154 2292 296 2326 verbum
319 2293 442 2336 χαλᾷν
466 2294 630 2330 affinitate
657 2298 857 2338 contingere
883 2296 1028 2332 videtur.
1075 2297 1186 2331 Arbor
1211 2297 1300 2332 unde
1326 2295 1418 2330 dicta
1441 2297 1496 2339 sit,
1524 2305 1626 2332 nemo

153 2349 259 2382 novit.
1283 2368 1285 2370 ·

242 2403 301 2446 22)
338 2404 375 2438 In
403 2404 547 2439 Theocr.
575 2405 614 2439 V.
643 2406 717 2441 118.
745 2407 940 2450 μίμιίειιιαι
977 2405 1043 2439 ὅκα
1067 2405 1146 2449 μὰν
1172 2409 1265 2439 τεῖνε
1292 2404 1331 2438 τὺ
1360 2404 1476 2443 διὶσας
1501 2404 1622 2449 Εὐμά-

153 2469 219 2500 ρας
245 2456 408 2503 Emi-stays
434 2459 654 2495 scribendum
678 2461 814 2496 videtur
840 2460 906 2494 ὅκα
931 2460 1008 2504 μὰν
1036 2464 1190 2494 κοτίνοιο
1215 2461 1254 2494 τὺ
1279 2482 1320 2486 -
1358 2462 1413 2495 cui
1437 2461 1624 2505 respondet

152 2521 182 2545 v.
212 2513 286 2547 117.
315 2516 376 2547 καὶ
402 2515 465 2551 τᾶς
490 2514 598 2559 δρυὸς
624 2518 722 2560 εἴχεο
746 2515 863 2557 τήνας.

239 2573 299 2616 23)
336 2574 388 2610 De
422 2579 568 2610 accentu
604 2576 673 2610 dixi
706 2576 828 2611 Parall.
867 2578 940 2613 107.
1000 2577 1269 2621 I'roparoxytoni
1296 2578 1503 2622 exemplum,
1529 2577 1621 2621 quod

150 2634 193 2660 ex
216 2625 336 2662 Aenea
362 2628 445 2663 Gaz.
473 2631 582 2673 attuli,
607 2640 718 2674 nuper
745 2641 764 2667 e
793 2632 894 2666 codd.
923 2633 1061 2667 sustulit
1096 2633 1347 2669 Boissonadius
1376 2644 1409 2678 p.
1438 2634 1512 2670 192.
1539 2631 1620 2664 ’Υσ-

145 2679 251 2723 γινόν
275 2686 459 2725 oxytonum
487 2689 539 2721 est
567 2687 600 2720 in
624 2685 741 2721 Schol.
767 2686 909 2722 Lucian.
939 2688 1026 2723 Gall.
1053 2689 1084 2728 ξ.
1113 2690 1165 2726 14.
