1731 3021
142 166 200 208 52
626 161 1067 206 DlSSERTATIO
1111 161 1139 203 1.

143 275 270 315 fuisse
303 277 496 315 testatum
535 274 689 314 faciunt
718 273 916 325 reliquiae
945 273 1068 325 longe
1100 271 1336 324 dispersae:
1380 271 1466 312 τῶν
1494 269 1627 325 αἰγῶν

141 339 181 380 οἱ
208 337 351 381 τέλειοι
377 337 520 394 τράγοι
548 338 621 380 καὶ
647 338 799 390 ἰ’ξαλοι,
846 335 869 393 ἡ
901 336 944 380 δὲ
973 335 1143 392 ἐχομένη
1173 333 1311 391 ἡλικία
1347 338 1534 391 χίμαροι,
1574 336 1627 378 τὰ

142 403 185 447 δὲ
213 404 395 447 νεώτατοι
425 404 570 459 ἔριφοι.
633 403 865 459 Προβάτων
893 401 944 445 τὰ
973 402 1046 458 μὲν
1073 400 1202 444 τέλεια
1231 399 1313 452 ὄϊες
1333 402 1404 444 καὶ
1430 404 1539 457 κριοί
1555 402 1626 445 καὶ

140 468 313 526 ἀρνειοί·
344 469 395 512 τὰ
424 468 466 512 δὲ
496 468 570 512 νέα
599 468 718 523 ἄρνες
743 470 812 512 καὶ
830 467 952 524 ἀμνοί
981 493 1035 499 -
1064 481 1169 522 quae
1190 470 1382 511 subtilius
1410 471 1626 523 distinguit

140 538 245 579 Ister
276 549 339 590 ap.
372 536 525 579 Suidan
555 549 588 578 s.
614 533 781 590 Ἀμνός,
815 537 1060 578 tenerrimos
1091 547 1280 588 quosque
1310 532 1439 589 ἄρνας
1468 537 1624 590 vocari,

141 603 367 644 adultiores
398 598 556 656 ἀμνούς
585 601 654 643 καὶ
684 599 816 655 ἀμνάς
844 627 898 633 ——
930 603 1054 642 Βοῶν
1086 600 1126 642 οἱ
1154 598 1297 642 τέλειοι
1324 603 1484 655 ταῦροι,
1515 601 1559 642 αἱ
1581 598 1626 642 δὲ

139 665 302 722 θηλειαι
327 666 419 722 βόες
445 666 590 721 μόνον,
619 666 669 709 τὰ
700 667 744 710 δὲ
771 666 846 710 νέα
875 666 1052 721 δαμάλαι
1082 666 1152 709 καὶ
1178 665 1369 721 δαμάλιες
1390 666 1459 709 καὶ
1478 665 1625 721 μόσχοι

140 734 209 776 καὶ
245 732 384 787 πόριες
420 731 447 788 ἠ
476 731 636 787 πόρτιες
664 732 734 775 καὶ
763 731 959 787 πόρτακες
997 734 1501 787 Ε351.1625,32--43.
1541 731 1627 774 δέλ-

139 815 266 854 φακες
295 800 334 841 οἱ
359 798 554 840 νεώτατοι
581 803 734 852 χοῖροι,
766 799 805 841 οἱ
833 796 972 840 τέλειοι
1001 814 1070 840 και
1088 797 1252 852 ένόρχαι
1272 797 1423 851 κάπροι
1442 798 1624 853 Ῑ).1752,

143 867 204 908 10.
234 863 403 919 ἐλάφων
432 880 482 906 τα
510 863 583 906 νέα
611 866 761 919 νεβροί,
791 862 842 905 τὰ
870 862 972 918 μέσα
1001 863 1190 918 κεμάδες,
1229 863 1282 906 τὰ
1310 862 1354 906 δὲ
1382 861 1510 905 τέλεια
1538 862 1626 905 ἔλα-

139 947 214 985 φοι
244 943 281 984 p.
312 931 404 985 771,
435 931 498 973 38.
558 931 651 972 Non
680 936 745 972 est
775 932 939 972 dubium
968 933 1064 984 quin
1087 932 1190 972 haec
1212 931 1447 972 discrimina
1470 942 1493 971 a
1515 931 1622 971 mul—

141 999 192 1039 tis
232 998 422 1050 neglecta
460 997 541 1038 sint
573 1001 613 1038 et
653 998 898 1050 saepissime
936 999 1112 1038 omnium
1142 1008 1165 1037 a
1196 998 1355 1051 poetis,
1395 997 1502 1038 sicut
1534 996 1624 1048 op-

141 1064 287 1116 pianus
319 1058 509 1116 ἀρνειόν,
550 1075 630 1115 quo
664 1063 924 1104 Grammatici
963 1063 1142 1104 adultum
1182 1063 1402 1114 significari
1441 1073 1626 1103 consen-

140 1131 243 1170 tiunt
283 1129 420 1169 Schcl.
451 1129 493 1168 ΙΙ.
525 1129 589 1169 ΠΙ.
624 1128 711 1170 119.
751 1130 881 1170 Cram.
912 1129 939 1170 I.
971 1129 1036 1170 33.
1078 1129 1128 1169 ad
1159 1129 1395 1169 subrumum
1427 1128 1624 1169 transfert

140 1195 238 1245 Cyn.
267 1195 330 1236 IV.
360 1194 425 1235 89.
457 1199 496 1235 et
526 1193 590 1235 93.
632 1194 885 1247 eundemque
922 1191 1098 1247 χιμάρου
1136 1191 1265 1247 γόνον
1302 1196 1426 1235 vocat
1462 1206 1499 1236 v.
1529 1193 1622 1236 216.

139 1261 302 1301 sublato
343 1271 427 1300 non
465 1261 615 1301 aetatis
655 1260 790 1301 solum
829 1259 902 1300 sed
934 1261 1056 1300 etiam
1085 1261 1250 1311 generis
1281 1259 1539 1314 discrimine,
1582 1264 1624 1301 et

139 1331 284 1366 contra
321 1325 525 1366 Nicander
563 1326 626 1367 Al.
660 1326 749 1367 150.
780 1321 909 1378 ἀμνὸς
943 1324 1139 1379 κεράστης
1170 1326 1269 1366 dixit
1301 1322 1381 1367 οὐκ
1407 1322 1547 1380 ὀρθῶς
1575 1330 1620 1367 ut

140 1392 398 1432 Scholiastes
421 1393 488 1446 ait,
524 1393 619 1444 quia
648 1387 776 1445 ἆμνός
792 1389 862 1432 καὶ
879 1389 987 1445 ἀμνή
1014 1389 1060 1432 τὸ
1080 1388 1255 1445 νεογνὸν
1278 1390 1348 1433 καὶ
1371 1389 1463 1447 ἄρτι
1480 1389 1624 1446 τεχθέν

138 1457 290 1498 Anecd.
329 1457 455 1498 Bekk.
495 1458 586 1499 205.
626 1457 699 1498 sed
738 1459 860 1498 etiam
896 1459 938 1498 in
977 1458 1100 1510 Orph.
1139 1460 1234 1510 Arg.
1265 1458 1358 1499 319.
1399 1459 1519 1500 Anth.
1554 1458 1620 1501 IX.

138 1534 175 1563 n.
209 1523 299 1564 150.
331 1524 419 1564 ovis
451 1523 515 1563 130
546 1524 751 1577 praebens
782 1519 911 1576 ἀμνός
939 1529 1112 1565 vocatur
1143 1524 1374 1576 ibidemque
1405 1521 1479 1575 ὄϊς,
1515 1537 1621 1578 quae

138 1589 288 1629 aetatis
318 1589 534 1630 intervallo
577 1589 772 1630 distincta
811 1601 906 1630 esse
937 1590 1059 1631 docet
1091 1591 1184 1632 Sch.
1217 1591 1388 1631 Theocr.
1420 1591 1447 1632 I.
1478 1590 1514 1632 6.
1545 1602 1623 1633 nee

139 1654 273 1694 minus
315 1654 422 1695 fluxa
453 1659 548 1696 sunt
576 1655 743 1695 nomina
776 1653 979 1707 σκύμνος,
1023 1654 1188 1710 νεβρός,
1231 1653 1383 1709 μόσχος
1418 1668 1454 1697 v.
1486 1657 1625 1699 Schol.

137 1719 232 1760 Eur.
263 1719 359 1760 Hec.
390 1720 482 1761 202.
516 1721 653 1762 Schol.
687 1722 731 1762 Il.
761 1721 881 1762 XXII.
914 1720 1003 1763 180.
1061 1722 1139 1763 Ubi
1168 1734 1266 1763 vero
1297 1721 1348 1762 ad
1377 1733 1461 1762 rem
1490 1722 1624 1773 perti-

139 1788 209 1825 net
252 1786 400 1826 aetatis
441 1786 593 1837 gradus
639 1790 679 1826 et
716 1787 969 1827 incrementa
1010 1789 1200 1839 corporis
1238 1788 1407 1840 propria
1447 1787 1622 1839 quadam

138 1854 238 1890 nota
267 1851 442 1904 signari,
489 1856 584 1892 tunc
617 1852 688 1892 illa
716 1854 922 1893 nominum
952 1854 1133 1894 varietas
1171 1853 1386 1905 plurimum
1418 1857 1624 1905 opportu—

138 1917 280 1957 nitatis
311 1917 445 1957 habet.
502 1917 645 1969 Neque
683 1919 725 1958 in
765 1920 1018 1959 necessariis
1058 1919 1243 1960 substitit
1280 1919 1384 1960 haec
1414 1918 1623 1960 subtilitas

140 1980 213 2022 sed
244 1992 471 2033 progressa
508 1986 572 2023 est
599 1983 728 2024 ultra:
780 1983 819 2024 οἱ
855 1980 930 2037 μὲν
960 1985 1135 2037 μείζονες
1172 1980 1314 2024 αὐτῶν
1352 1979 1624 2036 ὀνομάζονται

138 2047 421 2098 πλατίστακοι,
461 2047 502 2087 οἱ
537 2045 580 2088 δὲ
616 2046 745 2102 μέσην
779 2045 944 2103 ἡλικίαν
981 2047 1137 2103 ἔχοντες
1164 2047 1332 2103 μύλλοι,
1372 2049 1412 2090 οἱ
1440 2047 1483 2091 δὲ
1510 2048 1623 2104 βαιοὶ

139 2107 358 2166 ἂγνωτίδες
387 2113 533 2155 Athen.
567 2114 631 2155 ΙΙΙ.
666 2114 754 2157 118.
787 2116 828 2157 C.
858 2111 884 2169 ἡ
913 2112 1102 2170 πηλαμὺς
1129 2116 1280 2163 θυννίς
1309 2118 1510 2168 καλεῖται,
1540 2118 1621 2170 μεί-

139 2180 219 2229 ζων
247 2177 290 2220 δὲ
319 2176 515 2233 γενομένη
544 2177 718 2231 θύννος,
749 2178 805 2222 ἔτι
835 2179 878 2222 δὲ
895 2182 1041 2235 μείζων
1063 2179 1252 2234 ὄρκυνος,
1283 2177 1624 2235 ὑπερβαλλόντως

139 2241 181 2284 δὲ
210 2241 414 2298 αὐξομένη
443 2246 567 2299 κῆτος
592 2247 674 2288 VII.
694 2259 731 2299 p.
750 2247 843 2289 303.
863 2248 907 2288 Β.
937 2259 1043 2300 quae
1066 2248 1313 2305 cetariorum
1340 2248 1505 2289 inventa
1525 2261 1622 2291 esse

140 2311 344 2352 crederes.
401 2313 463 2351 Ac
498 2323 549 2353 ne
588 2313 623 2353 is
656 2312 816 2364 quidem
854 2313 1038 2354 variandi
1068 2314 1179 2366 finis,
1222 2313 1296 2354 sed
1336 2318 1375 2354 et
1416 2315 1618 2357 fructuum

138 2377 498 2418 maturescentium
539 2382 579 2419 et
609 2380 949 2420 marcescentium
979 2378 1285 2420 vicissitudines
1316 2378 1621 2432 distinguuntur

139 2441 370 2481 nominibus
410 2445 608 2496 propriis:
657 2445 822 2496 πρῶτον
859 2442 938 2497 γάρ
977 2443 1086 2485 ἐστιν
1115 2441 1316 2495 ὅλυνθος,
1356 2441 1441 2486 εἶτα
1468 2444 1617 2501 φήληξ,

140 2499 226 2545 εἶτα
254 2506 385 2546 σῦκον
413 2522 482 2547 και
510 2505 658 2550 λοιπὸν
685 2506 799 2562 ἰσχάς
827 2510 913 2552 ΕΜ.
938 2511 1032 2565 479,
1059 2510 1122 2554 19.
1134 2511 1172 2537 ‘⁵¹
1201 2508 1352 2565 βότρυς
1379 2510 1420 2554 οἱ
1445 2508 1521 2564 μὲν
1549 2507 1620 2566 ὀρ-

225 2660 285 2704 61)
316 2661 434 2697 Paullo
463 2665 563 2699 aliter
585 2665 702 2700 Schol.
729 2666 810 2709 Lyc.
837 2666 913 2702 428.
942 2666 1059 2753 φήληξ
1085 2667 1122 2701 τὸ
1152 2668 1282 2713 δέρριον
1308 2668 1430 2706 σῖκοι,
1463 2668 1617 2704 &Zur-390

139 2712 176 2746 τὸ
201 2712 312 2758 ἥαερο
318 2729 337 2747 ν
358 2717 428 2758 μὲν
452 2719 572 2763 ἄωρον
596 2721 647 2757 δ’,ἐ
675 2733 716 2753 συ
700 2721 786 2754 ῦκοι
811 2721 848 2753 τὸ
876 2720 945 2766 dign
945 2734 1014 2754 ιιον
