1747 3005
268 151 333 190 DE
364 150 488 192 NOM.
520 150 737 199 QUORUM
758 150 906 191 CHAR.
937 149 1037 190 EST
1060 150 1333 194 DENTALIS.
1365 154 1406 195 C.
1428 155 1473 195 ΙΙ.
1516 155 1605 198 359

144 269 309 299 eausam
348 263 530 299 nostram
570 271 650 299 uon
690 260 818 309 magis
859 260 1059 309 attingunt
1106 270 1224 310 quam
1271 260 1456 303 Emodus
1495 275 1611 304 mons

140 324 238 363 Ptin.
271 323 314 362 V.
345 323 407 364 27.
441 335 463 363 a
496 324 661 364 Graecis
684 324 921 363 neutraliter
938 324 1167 375 appellatus
1189 321 1379 377 Ἠμωδόυ
1401 328 1462 367 vel
1478 325 1610 379 ἸῙμω-

139 385 190 427 δὰ
222 385 308 440 ὅρη.
366 389 592 428 Hermodus
632 390 841 429 architecti
880 400 1026 428 nomen
1072 390 1219 430 Vitruv.
1264 392 1324 431 lll.
1359 393 1406 443 2,
1435 393 1470 432 5.
1503 405 1609 434 nunc

139 453 416 493 Hermodorus
447 455 640 505 seriptum
673 460 756 500 est;
789 455 991 504 genitivus
1024 456 1315 505 Kcaaearffloooz]
1344 458 1518 508 Hippon.
1545 459 1606 498 Fr.

139 518 202 558 29.
235 530 270 569 p.
301 520 365 559 58.
397 520 554 563 (omiss.
585 521 625 559 in
657 520 793 568 Thes.)
825 531 904 570 quo
938 519 1052 558 locus
1085 521 1346 573 significatur,
1379 523 1506 561 utrius
1533 534 1609 572 ge-

137 594 247 623 neris
290 584 341 623 sit
382 584 420 622 in
458 585 613 623 incerto
655 584 726 624 sed
766 584 971 624 secundae
1003 584 1263 625 declinationi
1295 587 1607 628 adscribendum

137 659 231 687 esse
264 648 438 688 ostendit
473 652 687 699 accentus,
728 660 844 699 quem
885 649 1105 700 protoclita
1136 651 1173 688 in
1207 652 1427 701 penultima
1457 652 1608 692 habent

140 709 371 764 Παρσώὸης
418 713 543 752 Persa
588 713 701 753 l)iod.
743 714 788 753 ll.
826 715 890 753 313.
930 710 1114 766 Ὀρώὸης
1160 715 1332 756 Parthus
1374 717 1448 756 Dio
1491 718 1606 758 Cass.

135 778 308 818 XXXIX.
341 778 404 819 56.
436 783 475 817 et
508 779 708 828 Trojauus
741 779 845 829 virg.
879 780 977 819 Aen.
1009 779 1054 819 X.
1086 780 1175 819 732.
1208 785 1246 819 et
1268 792 1290 820 a
1313 792 1462 831 graeca
1479 783 1605 834 stirpe

127 839 336 895 ‘pr'o'qffi
377 844 438 881 cui
486 843 668 882 nonnulli
715 844 799 882 iota
849 844 1183 896 subscripserunt
1232 850 1274 885 ut
1322 848 1604 897 patronymico

136 906 338 963 Μινῴὸης
379 908 463 947 EM.
501 908 588 960 105»,
620 908 683 948 42.
726 908 805 948 Sed
844 909 1057 949 Nebrodes
1097 913 1246 949 montis
1286 912 1411 951 Siculi
1455 924 1605 952 nomen

135 974 204 1014 Sil.
239 974 322 1014 [tal.
354 973 451 1013 XIV.
483 974 572 1012 236.
603 969 652 1011 τὰ
685 970 884 1026 Λὶβρώδη
923 972 998 1025 ὄρη
1037 975 1167 1015 Slral).
1200 976 1260 1016 VI.
1292 976 1382 1016 274.
1428 977 1605 1027 adjecti-

133 1050 224 1078 vum
266 1043 328 1079 est
370 1039 512 1077 tertiae
556 1037 842 1078 declinationis
884 1044 925 1078 ut
970 1037 1252 1092 Htccrquoe‘oqg
1283 1038 1426 1092 (ἄκρα)
1469 1042 1603 1082 Strab.

134 1104 232 1143 vllt.
264 1103 356 1143 348.
396 1102 504 1154 quod
543 1103 689 1152 injuste
733 1116 755 1142 a
786 1105 944 1143 (Ioraeo
991 1105 1204 1144 sollicitari
1237 1106 1476 1145 documento
1509 1111 1604 1146 sunt

134 1169 279 1209 similia
305 1164 529 1219 Ὀστεώδης
559 1168 691 1207 insula
722 1169 836 1209 Diod.
870 1170 909 1209 V.
943 1170 1003 1209 11.
1046 1167 1302 1222 Κορακώόης
1329 1168 1450 1221 λιμήν
1481 1172 1604 1220 (Sar-

132 1234 284 1285 diniae)
316 1234 480 1273 Ptolem.
514 1230 769 1284 Κομαρώόης
800 1235 1142 1286 promontorium,
1185 1232 1447 1286 Κυπαρώδης
1474 1236 1601 1276 sinus.

131 1300 189 1339 lle
221 1298 433 1348 adjectivis
466 1299 582 1348 hujus
622 1298 784 1347 generis
825 1297 972 1336 dictum
1014 1303 1076 1338 est
1116 1299 1195 1338 alio
1236 1299 1329 1338 loco
1369 1300 1419 1339 ad
1457 1300 1602 1341 Buttm.

129 1363 219 1402 450.
280 1362 410 1401 Verbo
444 1367 560 1402 tenus
593 1363 746 1412 attingo
779 1359 1038 1412 Χαλκώδων,
1078 1361 1309 1414 Θερμώδων
1350 1369 1389 1403 et
1434 1365 1601 1405 verbum

130 1423 348 1480 ὀῤῥωὸεῐν,
392 1427 441 1469 de
480 1439 560 1481 quo
589 1427 686 1467 nihil
726 1426 856 1467 adhuc
887 1428 1090 1479 prolatum
1122 1433 1183 1469 est
1217 1440 1395 1470 assensu
1426 1429 1600 1480 dignum.

743 1568 884 1609 (tAl’.
937 1568 988 1609 H.

640 1650 685 1691 l)
733 1664 756 1691 e
842 1664 868 1690 z
916 1663 939 1691 e
986 1653 1004 1691 ί·
1047 1665 1088 1692 a.

239 1755 433 1808 Nomina,
473 1765 643 1805 quorum
674 1755 896 1806 penultima
926 1755 1058 1795 finitur
1085 1756 1227 1809 alpha,
1258 1759 1472 1809 peregrina
1504 1764 1598 1799 sunt

128 1823 192 1862 vel
223 1823 423 1861 hominum
449 1815 699 1871 Ἀρτάβαζος,
735 1818 1014 1872 Φαρνάβαζος,
1044 1822 1275 1873 Τηρίβαζος,
1300 1820 1508 1874 Οἰόβαζος,
1533 1823 1596 1863 vel

131 1888 285 1926 urbium
314 1883 504 1936 Ἄραξος,
539 1883 750 1936 Βύμαζος,
785 1897 902 1925 unum
936 1887 1224 1937 appellativum
1254 1885 1437 1936 τόπαζος.
1498 1889 1594 1928 ltem
1639 1902 1643 1905 ’

130 1952 316 1992 feminina
348 1948 583 2003 Βαρύγαζα,
625 1947 814 2002 Γάργαζα
845 1956 921 1990 etc.
963 1951 1034 1991 sed
1079 1956 1117 1991 et
1159 1953 1444 2003 appellativum
1486 1952 1594 1997 domi

128 2023 262 2057 natum
293 2014 442 2068 χάλαζα
471 2013 581 2067 παρὰ
609 2013 655 2055 τὸ
685 2017 792 2068 χαλώ
823 2016 907 2056 EM.
943 2016 1050 2067 quod
1080 2017 1173 2056 milii
1204 2028 1285 2057 non
1317 2023 1395 2057 tam
1440 2022 1594 2057 certum

127 2082 285 2122 videtur
324 2093 442 2133 quam
482 2082 802 2133 Lexicograpliis
844 2082 1018 2133 nostris,
1064 2092 1139 2121 nee
1179 2083 1306 2131 magis
1345 2082 1593 2133 persuadent

127 2144 286 2197 ἀλαζών
316 2148 365 2187 ab
396 2144 471 2199 ἄλη
502 2147 725 2186 derivatum
767 2158 883 2198 esse,
915 2146 987 2186 sed
1018 2146 1114 2185 nihil
1143 2147 1313 2186 rationis
1347 2147 1422 2187 dici
1453 2152 1593 2198 potest

127 2214 221 2264 quin
260 2209 447 2262 σαβάζιος
489 2217 698 2264 repetatur
729 2224 751 2251 a
782 2208 943 2263 Σάβος,
977 2212 1039 2250 cui
1071 2212 1224 2251 Coraes
1257 2212 1305 2252 ad
1336 2213 1469 2252 Strab.
1500 2211 1590 2251 222.

127 2279 285 2318 confert
322 2279 517 2317 novitium
558 2275 676 2329 ζαβός
705 2277 744 2316 id
775 2281 837 2316 est
866 2273 1109 2328 παράφρων.
1169 2277 1264 2316 l'rbi
1302 2276 1591 2316 macedonicae

126 2343 258 2391 Μιέζα
290 2344 516 2387 terminatio
549 2344 772 2382 connuunis
805 2348 866 2382 est
899 2353 986 2382 cum
1017 2353 1165 2392 graeco
1205 2339 1352 2393 ἅρπεζα
1391 2343 1479 2381 sive
1515 2338 1590 2391 ἄρ-

127 2410 253 2457 πεζος,
285 2407 358 2447 sed
388 2408 466 2447 hoo
496 2409 626 2459 ipsum
657 2413 787 2447 utrum
819 2408 989 2459 simplex
1022 2408 1073 2446 sit.
1104 2407 1152 2446 ab
1185 2404 1304 2457 c‘Zom'g
1344 2404 1510 2446 ἄκανθα
1540 2418 1590 2446 an

129 2473 361 2524 copulatum
400 2477 441 2511 ut
478 2469 688 2525 ἑρκόπεζα,
736 2484 818 2512 non
857 2478 1115 2524 perspectum
1159 2472 1364 2512 habemus.
1431 2472 1591 2512 Tertiae

126 2537 283 2578 vocalis
315 2537 499 2588 exempla
529 2539 724 2589 praebent
761 2535 920 2587 Ψώιζος
949 2535 1107 2589 ἑέφοὸυς
1142 2533 1247 2588 ὑγρά
1278 2538 1370 2577 lleS.
1402 2540 1441 2576 et
1481 2535 1590 2587 quod

128 2602 232 2642 idem
260 2601 395 2642 valere
427 2602 581 2643 videtur
619 2605 735 2658 ψῷζα
771 2600 894 2650 νόσος
931 2617 1011 2651 τις,
1052 2599 1232 2654 κνησμὸς
1266 2599 1364 2654 μετὰ
1392 2601 1591 2648 δυςωδίας

130 2667 239 2709 Suid.
269 2666 342 2707 sed
373 2667 478 2719 apud
508 2668 692 2709 Photium
722 2670 837 2718 ψῶζα
866 2669 1031 2721 legitur,
1062 2669 1100 2707 in
1131 2668 1216 2708 EM.
1245 2669 1339 2716 ψώα
1369 2665 1438 2707 καὶ
1466 2668 1590 2716 ψώζα,
