1731 3021
146 166 243 210 480
631 162 1058 206 DISSERTATIO
1108 162 1157 203 X.

147 277 288 329 Neque
319 275 453 318 solum
483 286 587 328 quae
614 274 928 316 declinationem
959 272 1250 326 parisyllabam
1290 277 1516 325 sequuntur
1554 273 1628 315 sed

151 344 273 384 etiam
304 342 384 383 alia
408 337 791 394 Ἀμφιτρυωνιάδης
817 336 1025 386 ἐπέκτασίς
1044 336 1151 378 ἐστιν
1170 334 1261 379 ἀντὶ
1278 340 1353 380 τοῦ
1377 335 1629 394 Ἀμφιτρυω-

150 409 266 462 νίδης
306 408 478 450 Gramm.
519 407 688 459 Gregor.
728 419 766 459 p.
800 407 891 448 677.
931 401 977 445 τὸ
1013 401 1254 458 Ἀρητιάδης
1294 401 1375 445 ἀπὸ
1413 406 1486 446 τοῦ
1504 403 1630 460 ’Ἄρης

140 479 314 528 ’Ἀρητος
344 474 495 526 γίνεται
524 474 638 515 Eust.
669 473 718 514 ad
748 474 865 534 ΠΕΟ-11.
897 471 989 513 680.
1027 469 1289 525 Φηρητιάδης
1318 475 1357 512 et
1382 466 1629 525 Ἀφαρητιά-

151 541 243 596 ὁης,
283 541 430 594 quibus
473 541 673 595 primitiva
709 542 751 580 in
791 554 851 587 ιος
889 544 931 579 ut
968 535 1166 589 Λαέρτιος
1213 537 1324 578 nulla
1369 541 1630 590 praestructa
1702 589 1710 596 “

151 612 258 649 sunt.
315 608 427 648 Haec
456 608 576 659 igitur
604 607 662 646 illi
693 618 715 646 a
744 605 976 645 nominibus
1008 615 1090 645 non
1120 606 1233 657 puris
1253 608 1351 645 nata
1385 608 1425 645 et
1445 604 1630 656 epectasi

151 674 396 726 amplificata
437 685 532 714 esse
573 673 808 713 decernunt.
869 670 981 719 Quae
1011 682 1110 711 vero
1143 682 1166 711 a
1191 671 1304 723 puris
1335 670 1520 711 derivata
1547 680 1629 712 vo-

152 741 231 782 cali
270 740 392 792 alpha
422 743 583 791 carent,
622 738 673 778 ad
714 738 962 777 contrariam
994 737 1234 788 pleonasmo
1268 738 1528 778 affectionem
1556 748 1629 777 re—

151 811 321 846 vocant:
363 804 401 845 οἰ
437 802 602 856 ποιηταὶ
639 800 834 849 πολλάκις
872 798 1153 854 ἀποβάλλουσι
1190 798 1237 842 τὸ
1273 806 1299 842 ἆ
1333 798 1628 855 Ἐριχθονίδης,

157 871 442 924 Τελαμωνίδης
470 871 556 911 EM.
587 870 679 921 210,
713 869 774 910 10.
806 868 937 909 Cram.
966 868 993 908 Ι.
1025 867 1117 909 422.
1150 879 1321 919 quorum
1362 869 1476 920 prius
1508 869 1630 909 etiam

151 939 398 991 Apollonius
430 936 479 977 de
511 936 626 987 Synt.
655 934 718 975 IV.
751 934 813 987 12,
844 934 935 975 335.
960 933 1089 986 (342.)
1111 934 1151 973 in
1172 934 1399 986 exemplum
1417 944 1630 987 syncopae

152 1005 287 1057 affert,
319 1003 393 1044 sed
422 1007 637 1054 utrumque
668 1000 924 1052 probabilius
956 1004 1019 1040 est
1049 1000 1099 1039 ab
1126 995 1331 1052 Ἐριχθεόν
1361 1004 1401 1040 et
1437 997 1630 1052 Τελαμών

152 1070 397 1112 declinatum
437 1080 553 1121 esse,
589 1072 842 1120 postremum
873 1066 1128 1119 praesertim,
1160 1065 1269 1118 quod
1298 1066 1420 1118 plane
1450 1065 1500 1107 ad
1527 1077 1630 1106 nor-

152 1148 257 1178 mam
289 1140 328 1176 et
358 1135 501 1175 libram
532 1135 681 1174 sactum
713 1137 789 1173 est.
846 1133 1088 1173 Eustathius
1122 1131 1245 1185 1790,
1276 1131 1340 1173 56.
1371 1131 1482 1172 addit
1511 1133 1630 1173 Κλυ-

151 1202 286 1256 τίδης,
338 1200 449 1254 quod
488 1198 742 1240 commodius
787 1199 963 1239 refertur
1001 1198 1052 1238 ad
1097 1195 1261 1246 Κλύτος
1308 1201 1352 1238 ut
1398 1198 1630 1250 Hesychius

152 1268 335 1321 Κλυτίδη
366 1267 535 1307 Κλυτοῦ
567 1265 665 1317 (sic)
695 1267 781 1315 παῖ,
813 1276 934 1317 quum
972 1264 1214 1317 praesertim
1258 1263 1338 1304 hoc
1376 1264 1483 1317 apud
1520 1264 1630 1306 Pau-

151 1336 308 1378 saniam
338 1334 524 1384 aliosque
554 1332 673 1382 hujus
702 1332 859 1371 numeri
889 1331 1116 1382 scriptores
1147 1330 1317 1382 legatur,
1349 1341 1520 1381 quorum
1551 1332 1630 1372 sti-

150 1403 216 1443 lus
247 1401 297 1441 ab
327 1400 408 1440 hoc
434 1398 600 1450 poetico
633 1401 848 1448 augmento
882 1396 1087 1436 abhorret.
1116 1395 1205 1435 Hoc
1228 1395 1277 1436 de
1300 1396 1487 1437 omnibus
1508 1397 1630 1452 valet,

152 1478 325 1522 quorum
355 1465 505 1517 duplex
535 1464 697 1516 species
728 1463 930 1515 reperitur
951 1460 1154 1514 Γοργίδης
1168 1465 1207 1501 et
1228 1458 1631 1515 Γοργιάδης,Ἀπολ-

153 1532 326 1585 λωνίδης
365 1536 406 1572 et
439 1525 787 1580 Ἀπολλωνιάδης,
828 1527 1010 1580 Χαρίδης
1048 1531 1088 1567 et
1126 1524 1358 1580 Χαριάδης,
1401 1539 1505 1579 quae
1536 1534 1631 1571 sunt

154 1602 410 1643 diversorum
450 1596 657 1637 hominum
699 1594 886 1645 nomina,
933 1592 1153 1633 eorundem
1191 1604 1290 1633 vero
1330 1594 1551 1648 Λεοντίδης
1590 1600 1631 1637 et

155 1660 406 1715 Λεοντιάδης
434 1674 470 1703 v.
511 1659 747 1702 Schneider.
787 1658 838 1699 ad
867 1658 968 1699 Xen.
999 1658 1101 1699 Hell.
1134 1658 1175 1699 V.
1207 1658 1249 1711 2,
1280 1658 1345 1700 26.
1381 1660 1632 1715 Διονυσίδης

156 1735 196 1774 et
225 1724 528 1780 Διονυσιάδης,
569 1725 790 1777 eademque
825 1724 969 1765 mulier
1005 1724 1107 1765 alias
1146 1725 1362 1775 Διονυσίς,
1406 1726 1516 1778 quod
1555 1739 1631 1768 su-

156 1800 316 1851 spectat
354 1794 521 1836 Bastius
561 1791 612 1833 ad
646 1791 818 1842 Longin.
850 1802 887 1842 p.
927 1790 1071 1832 64O.09
1112 1791 1214 1832 alias
1253 1788 1490 1839 Διονυσιάς.
1549 1793 1631 1835 Sed

152 1866 255 1906 haec
285 1875 310 1904 a
338 1861 512 1903 diversis
542 1861 757 1899 manarunt
789 1856 982 1909 fontibus,
1012 1856 1201 1907 longiora
1229 1869 1252 1897 a
1282 1858 1395 1910 puris
1424 1855 1629 1912 Λεόντιος,

154 1927 400 1978 Διονύσιος,
439 1927 571 1967 minus
610 1924 733 1976 longa
764 1935 787 1963 a
816 1923 1030 1974 primitivis
1060 1920 1202 1973 Λέων,
1233 1920 1465 1975 Διόνυσος,
1496 1937 1630 1979 neque

153 1997 236 2037 ulla
273 1999 338 2036 est
376 1993 441 2034 vel
478 1992 519 2031 in
556 1991 619 2030 his
660 1989 844 2030 desectus
882 1990 1068 2042 species,
1101 1989 1165 2029 vel
1205 1989 1357 2030 inillis
1387 1990 1629 2045 pleonasmi,

153 2072 326 2115 quorum
364 2062 550 2100 neutrum
591 2057 723 2097 serunt
760 2056 963 2096 vocabula
994 2055 1128 2097 civilia
1158 2059 1199 2096 et
1229 2067 1250 2096 e
1279 2055 1411 2096 medio
1443 2057 1631 2098 sumta.⁷⁰

155 2128 237 2169 Sed
267 2137 389 2167 unum
421 2128 555 2164 tamen
582 2122 760 2162 innotuit
788 2122 1164 2175 praetermissionis
1205 2121 1432 2173 exemplum
1466 2117 1630 2176 Ἀσκλη-

153 2193 272 2246 πίδης
302 2190 497 2243 Sophocl.
531 2187 640 2241 quod
672 2189 790 2229 metri
819 2189 1066 2229 necessitate
1097 2186 1336 2228 defenditur.

266 2274 304 2317 §.
338 2268 399 2310 15.
458 2267 516 2306 De
547 2265 694 2306 ceteris
725 2265 1019 2306 vocabulorum
1048 2263 1268 2315 generibus
1299 2265 1377 2304 tria
1408 2268 1502 2305 sunt
1525 2276 1630 2318 quae

155 2340 325 2388 propter
366 2332 548 2385 ejusdem
586 2332 730 2371 literae
759 2330 1078 2371 inconstantiam
1107 2329 1251 2369 referri
1279 2335 1521 2385 mereantur,
1552 2331 1629 2372 ad-

243 2503 303 2544 69)
345 2500 441 2535 Haec
474 2498 628 2541 suspicio
665 2497 734 2531 late
770 2499 884 2540 patet;
917 2493 1121 2537 Φοιβιιὲδης
1152 2495 1314 2538 Polyaen.
1353 2496 1396 2530 11.
1428 2497 1478 2540 13,
1508 2497 1536 2533 1.
1565 2508 1625 2541 pro

155 2556 331 2599 ‹11‹›1,31'dq;
356 2556 400 2589 Π,
429 2555 460 2596 5,
487 2555 518 2589 2.
546 2551 749 2592 Καλλιάδης
784 2554 900 2585 contra
933 2550 1074 2583 Lucian.
1105 2551 1193 2584 Diui.
1220 2550 1358 2586 Meretr.
1389 2550 1477 2587 VIII.
1502 2553 1535 2589 3.
1560 2554 1626 2588 Ja-

154 2611 323 2645 cnbitzius
350 2611 552 2645 auctoritate
583 2608 681 2641 codd.
709 2608 742 2640 in
768 2606 943 2645 Καλλίδης
972 2608 1126 2640 mutavit.

243 2667 302 2707 70)
328 2666 500 2699 Diodorus
528 2664 582 2699 lv.
606 2664 661 2700 85.
692 2663 831 2698 retinuit
858 2656 1242 2703 poeticuui‘{Amisiam
1272 2672 1332 2703 pro
1353 2662 1477 2696 usitato
1498 2660 1625 2694 Ἀλωά-

154 2722 214 2754 (Vm
240 2722 293 2755 vel
318 2720 515 2754 'Ach)eT‹)'az.
