1699 3021
101 157 167 198 DE
197 154 610 197 AFFECTIONIBUS
643 152 823 195 NOMIN.
854 153 907 194 ΙΝ
937 145 988 194 <ii
1016 155 1130 196 ETC.
1180 158 1221 197 C.
1246 159 1308 199 vl.
1339 163 1377 206 §.
1400 160 1433 200 1.
1491 159 1575 200 135

97 269 192 307 ante
222 263 373 316 protuli
400 259 571 303 ἑδώλιον
600 263 651 304 ab
680 259 772 310 ἕδος
801 261 1038 316 derivatum,
1070 265 1349 315 conjecturam
1380 266 1458 306 seci
1485 265 1572 306 He-

97 330 280 382 sychium
303 324 528 368 Ῥακώλιον
565 325 692 379 ῥάκος
722 328 946 380 scripsisse
985 339 1069 368 non
1098 326 1319 379 ῥακωλέον.
1379 331 1571 371 Similiter

97 395 148 436 ab
186 391 230 435 ἰοὶ
264 394 329 434 vel
369 391 448 446 ἰωή
489 394 646 434 exstitit
675 392 792 433 ἰωλία
819 389 845 445 ἡ
873 389 988 446 φήμη
1017 394 1082 434 vcl
1112 392 1234 448 φωνή
1264 396 1358 436 Hes.
1388 396 1438 435 ab
1472 392 1568 435 ἄνε-

95 473 171 512 μος
194 454 436 509 Ἀνεμώρεια
474 455 556 498 ἀπὸ
584 459 660 498 τοῦ
687 455 987 511 συμβεβηκότος
1016 483 1069 487 -—
1097 456 1201 507 τινὲς
1236 457 1280 500 δὲ
1305 457 1570 512 Ἀνεμώλειαν

96 525 230 567 Strab.
260 524 324 565 IX.
356 524 447 565 423.
479 523 733 576 indidemque
766 525 887 564 etiam
917 519 1143 574 ἀνεμώλιος
1182 530 1400 566 arcessunt
1429 530 1468 566 et
1496 539 1569 577 με-

94 586 293 641 ταμώλιος
314 590 401 629 sive
419 586 692 641 μεταμώνιος)
715 590 851 631 Schol.
873 589 1008 641 Apoll.
1025 589 1051 630 Ι.
1065 588 1160 631 491.
1181 591 1435 631 assentiente
1448 591 1569 631 Butt—

94 665 242 696 manno
264 658 306 694 ut
330 654 603 696 Sclineiderus
633 656 758 695 refert
786 655 827 695 in
856 655 951 695 Lex.
984 654 1086 695 Illud
1117 656 1298 696 sortasse
1338 667 1362 696 a
1389 669 1569 708 μεταμο-

93 722 177 761 λεῐν
207 719 432 761 derivatum
462 725 505 761 ut
534 717 805 772 ἑτερομόλιος,
837 715 1059 772 ἄντιμωλία
1088 722 1337 773 proprieque
1367 720 1569 773 significat

95 787 288 827 transitis
328 785 367 825 id
405 790 470 826 est
508 786 751 835 mutabile's;
795 786 964 826 alterius
1003 786 1201 837 originem
1238 786 1391 827 indicat
1430 788 1568 838 Hesy—

94 851 209 893 chius
240 848 414 897 Μώνιος
442 848 637 902 μάταιος,
675 853 755 892 nisi
783 852 863 892 hoc
892 863 942 891 ex
972 850 1112 891 eadem
1143 852 1305 892 officina
1333 853 1431 893 exiit
1461 851 1568 893 unde

91 914 313 969 τάρῤοθος,
343 913 490 969 ἧνεκής
519 923 559 958 et
579 918 727 958 similia
747 910 954 958 'sermonis
976 918 1206 970 mangonia,
1237 917 1286 957 de
1308 918 1454 969 quibus
1477 917 1566 958 dis-

93 984 204 1024 serui
234 984 271 1023 in
303 983 447 1023 l'arall.
480 982 570 1023 too.
624 982 879 1033 Adjectivum
905 979 1115 1033 μαινόλιος
1136 995 1172 1021 v.
1193 981 1357 1023 Jacobs.
1376 982 1426 1022 ad
1445 983 1565 1023 Antii.

93 1060 130 1100 p.
159 1048 251 1089 585.
291 1048 415 1087 multo
458 1048 589 1088 minus
629 1047 888 1087 auctoritatis
919 1047 1042 1086 babet
1073 1058 1192 1098 quam
1231 1048 1363 1087 avium
1403 1048 1567 1087 nomina

93 1110 282 1166 αἰγωλιός
317 1118 356 1153 et
392 1109 559 1160 ἐδώλιος
596 1112 695 1165 (scr.
733 1109 919 1164 έδωλιός)
950 1123 1056 1165 quae
1086 1115 1368 1163 conjectorum
1398 1123 1564 1164 operam

93 1178 271 1221 eludunt.

702 1252 842 1295 CAP.
885 1252 955 1295 vi.

606 1335 681 1378 De
711 1334 1048 1389 affectionibus.

202 1425 242 1469 §.
274 1419 308 1462 1.
365 1419 624 1460 Enumeratis
654 1419 977 1470 uniuscujusque
1015 1422 1173 1471 septem
1206 1419 1431 1473 vocalium,
1461 1432 1566 1472 quae

92 1487 268 1540 liquidae
297 1484 568 1538 praecedunt,
598 1485 796 1535 exemplis
826 1485 1001 1524 instituti
1030 1484 1108 1524 mei
1137 1484 1241 1524 ratio
1273 1486 1398 1537 exigit
1426 1489 1470 1526 ut
1499 1487 1566 1526 as-

94 1554 294 1595 sectiones
338 1550 582 1603 perlustrem
620 1550 740 1602 hujus
782 1550 1080 1590 terminationis
1119 1550 1323 1601 proprias.
1389 1550 1564 1591 Primum

94 1618 142 1659 de
181 1617 378 1657 consonis
417 1615 628 1656 dicendum
671 1620 734 1656 est
765 1615 874 1668 quod
905 1616 955 1656 ad
988 1616 1328 1667 permutationem
1356 1616 1565 1657 literarum

92 1674 172 1724 set
191 1673 227 1735 {s
246 1683 441 1734 pertinet:
485 1676 726 1732 ’Λνεμώρεια
756 1676 780 1733 ἡ
809 1681 889 1720 νῦν
917 1677 1157 1732 Ἀνεμώλεια
1186 1677 1495 1733 5ἰθρ11.’Ἀζιρις
1525 1686 1566 1722 et

83 1746 230 1799 ’Ἀζιλις
260 1749 344 1787 iota
375 1746 497 1796 longo
527 1745 673 1785 Arc-ad.
703 1746 860 1797 κίσηρις
889 1750 929 1786 el
957 1747 1130 1798 κίσηλις,
1160 1747 1361 1797 μαργαρίς
1390 1750 1430 1786 et
1456 1760 1565 1800 μαρ-

93 1813 204 1868 γηλίς
241 1813 348 1854 sicut
378 1811 490 1850 urbis
521 1821 669 1850 nomen
705 1807 906 1862 Τὲρμερα,
944 1811 1171 1851 incolarum
1208 1811 1418 1863 Τερμίλαι,
1456 1823 1565 1863 quo-

94 1891 181 1921 rum
220 1882 351 1918 utrum
392 1876 505 1928 prius
546 1877 664 1916 fuerit
703 1879 966 1927 conjecturae
1004 1881 1172 1916 nostrae
1212 1888 1295 1917 non
1336 1881 1412 1917 est.
1483 1877 1565 1918 Sed

93 1946 196 1986 haec
233 1943 402 1983 libertas
433 1953 515 1981 non
546 1942 758 1992 quibusvis
788 1941 927 1992 datur3
974 1937 1227 1993 ἀκεστάλιος,
1265 1946 1309 1983 ut
1345 1943 1424 1982 hoc
1461 1948 1564 1996 utar,

95 2022 168 2063 pro
202 2004 439 2060 ἀκεστήριος
468 2008 646 2058 positum
679 2018 773 2047 esse
804 2005 940 2047 Giesio
969 2007 1018 2048 de
1047 2007 1137 2048 dial.
1168 2007 1272 2048 aeol.
1304 2020 1341 2060 p.
1364 2008 1455 2049 216.
1486 2009 1566 2049 hoc

94 2077 226 2117 minus
267 2072 437 2113 concedi
476 2077 614 2124 potest
654 2084 733 2124 quo
775 2075 905 2123 maJ'or
942 2077 1006 2113 est
1042 2072 1337 2123 adjectivorum
1375 2074 1416 2113 in
1452 2087 1566 2126 ηριος

95 2152 300 2190 numerus,
317 2149 487 2191 quorum
507 2138 658 2177 nullum
678 2138 755 2177 buc
776 2143 964 2178 mutatur.
996 2135 1232 2190 Καρχάλεος
1252 2149 1325 2189 pro
1344 2135 1566 2191 καρχάρεος

97 2219 121 2247 a
142 2207 359 2259 Spitznero
387 2206 478 2254 jure
510 2202 713 2256 repudiari
744 2203 792 2243 ad
826 2203 865 2243 ll.
895 2203 995 2244 XXI.
1021 2204 1111 2246 541.
1142 2204 1383 2256 comprobat
1414 2215 1566 2244 accen-

98 2277 176 2324 tus,
207 2282 282 2311 nec
313 2271 443 2309 minus
474 2269 665 2318 yitiosum
687 2265 908 2320 ταρβαρὲος
929 2269 1024 2309 Hes.
1046 2280 1120 2321 pro
1140 2265 1371 2320 ταρβαλέος.
1405 2270 1566 2320 Suspe-

97 2344 203 2378 ctum
235 2337 355 2377 ctiam
387 2335 611 2386 Καρφυλαί
640 2333 682 2374 αἱ
711 2332 753 2373 ἐκ
784 2333 918 2386 ξηρῶν
939 2331 1073 2382 ξύλων
1098 2339 1225 2374 κοῖται
1250 2346 1322 2386 pro
1343 2334 1566 2387 καρφυραί,

96 2402 206 2455 quod
236 2401 367 2442 Series
400 2400 595 2453 postulat,
623 2400 688 2440 vel
713 2399 934 2453 καρφηραί,
967 2400 1178 2451 simileque
1204 2400 1256 2439 illi
1279 2400 1569 2453 Καρφυλλίδης

97 2468 193 2509 alibi
224 2468 359 2519 Καρπ.
391 2466 583 2506 scribitur
611 2478 647 2506 v.
675 2466 840 2506 Jacobs.
872 2465 999 2506 Calai.
1030 2465 1160 2506 Poctt.
1194 2465 1330 2518 Epigr.
1358 2465 1451 2508 870.
1495 2465 1567 2506 In-

187 2632 224 2674 9)
257 2631 390 2667 Eadem
414 2635 513 2675 trope
538 2629 699 2675 νεογιλός
723 2640 765 2666 ex
793 2628 955 2674 νεογινός
982 2631 1004 2663 i.
1033 2639 1065 2664 e.
1092 2629 1239 2674 ιἐογνός
1263 2634 1371 2666 ortum
1390 2639 1471 2668 eSSe
1493 2630 1568 2666 Eu-

99 2687 244 2722 stathius
267 2687 344 2729 483,
369 2687 423 2722 35.
452 2687 519 2721 sibi
545 2688 648 2721 citius
673 2696 774 2730 quam
803 2687 880 2721 aliis
906 2687 1090 2729 persuasit.
