1747 3005
237 178 306 221 DE
337 176 465 220 NOM.
493 173 630 218 PRIM.
658 173 864 217 DECLIN.
895 174 948 217 IN
979 165 1028 224 εἶς’
1057 174 1248 218 PURUM.
1288 180 1326 225 §.
1347 174 1385 218 8.
1467 175 1550 218 513

62 286 259 345 χλιτέριον,
289 286 454 334 καλλίας
485 282 722 339 καλλιάριον
748 285 783 326 si
814 284 1030 326 collineavi
1069 286 1110 326 in
1136 286 1245 327 Diss.
1280 284 1329 326 de
1358 284 1545 337 Antiphr.

63 368 101 409 p.
131 354 225 396 306.
257 358 297 395 et
327 350 558 397 Ξανθίδιον
585 353 711 393 Arist.
742 352 867 392 Rann.
899 351 990 393 590.
1022 352 1095 392 sed
1126 353 1206 393 hoc
1237 355 1430 403 correpto
1462 351 1548 391 iota

63 420 179 474 quasi
225 430 248 459 a
287 425 398 459 recto
432 416 602 465 Ξάνθος
640 418 895 459 declinatum.
955 417 1108 465 Quarto
1150 418 1352 469 adjectiva
1388 413 1548 468 βόρειος

62 489 102 527 et
139 485 344 537 βορειαῖος
381 489 424 525 ut
459 483 648 537 κόπρειος
679 481 885 536 Κόπρειος
922 486 1140 534 κοπρεαῖος
1176 488 1216 523 et
1253 483 1546 533 andronymica

65 552 185 598 Θείας
205 552 377 599 Θειαῖος,
396 545 647 601 Ἀριστιαῖος,
673 546 929 603 Ἰσμηνιαῖος,
954 549 1177 596 Kantanos
1201 549 1241 588 in
1267 549 1389 601 Corp.
1418 549 1544 591 InSOr.

61 616 302 670 quibuscum
332 616 509 656 conferri
538 621 715 668 possunt
737 611 1022 666 Ἀστεροπαῖος
1043 626 1117 666 pro
1136 611 1350 668 Στερόπης
1367 616 1544 667 positum

60 682 241 734 Euphor.
285 681 346 721 Fr.
389 681 468 721 LX.
515 682 603 722 132.
645 686 684 721 et
726 683 930 733 Περσαῖος
967 691 1041 733 pro
1077 677 1239 733 Πέρσης
1270 693 1306 721 v.
1335 679 1544 721 Ruhnken.

63 747 113 789 ad
142 747 188 789 H.
218 747 264 788 H.
291 746 332 786 in
353 746 441 787 Cer.
461 746 524 788 24.
562 746 707 795 Quinto
732 749 857 789 verba
873 743 1110 799 γοργιάζειν,
1143 743 1354 797 ἱππιάζειν,
1385 748 1542 798 λαρυγ-

61 814 168 870 γιᾷν,
190 813 462 867 μελλονικιςῖτν,
494 811 567 852 sed
596 814 822 868 μελλητιᾷν,
853 809 1072 868 οὐρητιᾷυ,
1102 813 1355 868 τρυφητιᾷν,
1398 825 1545 864 φρενι-

61 880 173 936 τιᾷν,
219 878 561 932 σαυλοπρωκτιᾷυ
600 879 721 918 etiam
762 879 993 919 nominibus
1032 878 1073 918 in
1109 870 1196 931 τιῖ
1219 883 1258 920 et
1296 868 1372 925 τοξ
1395 877 1545 928 subjici

63 948 240 998 possunt
281 948 320 984 et
359 943 529 998 φοικι-ᾷν
568 943 828 984 substantivo
871 943 1016 997 φρικία
1053 945 1192 997 potius
1225 955 1343 996 quam
1374 944 1544 995 proprio

69 1010 255 1062 Φρικίας,
314 1010 400 1050 Nec
441 1008 604 1049 dubium
643 1013 777 1050 tamen
816 1011 1033 1050 multorum
1073 1015 1112 1050 et
1141 1011 1347 1050 nominum
1379 1014 1418 1049 et
1448 1019 1546 1049 ver-

61 1077 205 1119 borum
235 1075 470 1116 memoriam
501 1076 717 1115 extinctam
750 1086 845 1116 esse
877 1080 915 1116 et
947 1087 1074 1127 saepe
1105 1077 1275 1117 alterum
1295 1087 1425 1128 genus
1452 1075 1546 1115 offi-

64 1152 158 1183 cere
189 1141 318 1182 alteri.
375 1141 437 1181 Ita
474 1141 515 1180 in
542 1142 668 1181 Arist.
700 1142 827 1182 Rann.
857 1141 950 1182 495.
990 1152 1065 1193 pro
1105 1142 1302 1197 ληματιᾷς
1330 1139 1546 1194 κάνδρεῖος

61 1203 101 1248 εἴ
124 1207 331 1258 Bentlejus
360 1207 555 1259 ληματίας
585 1207 784 1260 praefert,
823 1205 1002 1248 Vossius
1032 1211 1177 1248 contra
1207 1219 1270 1260 ap.
1296 1207 1545 1258 Hesychiurn

61 1274 324 1314 accusativos
354 1273 569 1324 Ληματίαν
599 1271 886 1325 φρονηματίαν
920 1273 962 1312 in
1001 1273 1223 1313 infinitivos
1254 1278 1382 1314 mutat
1413 1277 1452 1312 et
1483 1273 1547 1312 ei-

62 1339 151 1380 dem
182 1349 256 1390 pro
287 1338 443 1378 Κυσίαι
470 1338 687 1390 πασχητίαι
716 1342 755 1378 et
780 1337 1051 1378 Κυσοδακνία
1079 1339 1219 1390 ψωρία
1248 1339 1316 1379 alii
1346 1341 1389 1378 ut
1418 1337 1546 1377 verba

60 1404 281 1445 reddantur
309 1402 495 1445 suadent.
554 1403 658 1452 Quin
694 1404 785 1456 ipse
828 1402 1164 1457 Glossographus
1204 1402 1302 1444 illud
1343 1404 1546 1454 Γραμμα-

60 1470 154 1525 τιᾷν
182 1466 533 1522 περιεσπασμένως
562 1481 646 1510 non
678 1470 729 1510 ob
761 1469 869 1510 aliud
895 1471 1077 1510 enotavit
1104 1481 1224 1522 quam
1249 1479 1300 1509 ne
1326 1469 1417 1520 quis
1443 1467 1547 1508 suh-—

62 1536 280 1578 stantivum
312 1546 406 1576 esse
436 1538 596 1588 putaret
626 1539 670 1575 ut
701 1538 764 1576 est
793 1546 974 1586 gemmae
1004 1547 1164 1577 nomen.
1205 1534 1291 1576 Nec
1322 1533 1370 1574 de
1392 1533 1544 1585 Cyrillo

64 1605 105 1641 et
143 1600 230 1641 EM.
277 1605 442 1641 constat
483 1613 558 1652 pro
597 1600 793 1653 φιλυδριά
833 1601 967 1653 φιλῶν
1009 1598 1123 1655 ὕδωρ
1161 1604 1295 1642 utrum
1330 1599 1548 1653 φιλυδρίας

64 1666 308 1719 scripserint
338 1678 389 1706 an
418 1666 614 1721 φιλυὸριᾷ
643 1669 755 1719 φιλεῖ
784 1663 906 1720 ὕδωρ.

122 2789 264 2820 Loheck.
290 2788 469 2827 l’aeholag.
1226 2788 1277 2829 33
