1699 3021
176 150 245 193 DE
275 150 401 193 ΝΟΜ.
434 147 652 199 QUORUM
682 147 940 190 CHARACT.
968 148 1069 192 EST
1089 152 1179 193 Μῦ,
1222 153 1263 195 C.
1285 153 1311 195 Ι.
1342 158 1380 203 §.
1400 155 1436 197 3.
1484 156 1566 199 159

95 264 191 302 sunt
219 259 478 302 substantiva
507 255 696 312 ἀκρέμων
725 259 813 300 sive
841 254 1029 312 ἀκρεμών
1057 271 1092 301 ν.
1124 260 1175 301 ad
1202 262 1266 313 Aj.
1285 273 1322 314 p.
1342 263 1430 306 171.
1453 260 1567 317 ἀγρέ-

92 340 183 379 μων
210 326 234 367 i.
265 336 301 377 q.
332 320 549 378 εἰγρευτής,
588 320 794 377 ἀρτέμων,
825 320 1006 378 ἡγεμών,
1045 322 1243 378 κηδεμών.
1310 327 1567 380 Adjectivum

92 388 266 445 ἀρτεμής
296 391 433 432 Schol.
463 391 506 433 Il.
536 391 580 432 V.
609 390 701 432 515.
731 401 814 430 non
844 391 933 431 sine
963 390 1168 442 probabili
1196 392 1356 434 ratione
1385 405 1474 435 cum
1498 392 1568 449 ἅρ-

91 471 177 505 τιος
207 456 445 509 consociat,
481 456 555 497 sed
585 451 759 509 ἀβλεμής
788 459 828 496 et
855 454 1038 510 νωλεμής
1075 468 1194 498 nemo
1228 458 1330 499 satis
1360 459 1567 514 explicuit,

92 535 143 565 ne
171 521 410 563 Nitzschius
433 521 594 573 quidem
624 521 674 562 ad
706 521 855 572 Odyss.
886 522 949 563 IX.
979 523 1071 564 425.
1101 526 1145 563 ut
1185 524 1370 576 equidem
1400 536 1565 567 censeo.

92 589 136 629 In
157 577 257 641 'effi
278 591 441 639 praeter
460 584 643 640 ’Ἄρτεμις
670 586 928 628 Herodianus
959 600 999 628 π.
1027 589 1143 630 Μον.
1175 600 1212 641 p.
1231 589 1268 631 8.
1296 590 1450 630 invenit
1469 591 1564 631 nul-

92 654 193 707 lum,
232 653 337 693 unde
368 656 482 704 patet
521 664 610 693 eum
647 653 688 693 in
717 651 866 693 Herod.
897 652 942 694 ΙΙ.
974 653 1063 696 155.
1106 651 1259 708 Χέμμις
1296 655 1450 706 legisse
1480 667 1564 698 non

80 716 253 772 Ἔχεμις,
282 717 390 770 quod
406 717 647 757 Eustathius
679 718 793 758 affert
823 718 1045 760 secundum
1066 720 1293 763 cod.Arch.
1315 722 1567 774 Diphthongi

90 785 131 825 in
162 784 383 837 paragogis
414 783 534 834 hujus
564 784 727 833 generis
757 794 840 823 non
870 791 1110 837 comparent
1129 787 1208 828 nisi
1227 787 1406 828 averbis
1434 792 1567 829 trans-

92 851 200 891 latae
228 849 469 901 παλαίμων,
500 845 713 901 ἰχνεύμων.
770 845 958 902 Σόαιμος
994 850 1170 894 hominis
1208 852 1373 894 barbari
1416 864 1565 894 nomen
1636 892 1641 896 ,

90 920 155 956 est
183 916 301 957 Dion.
331 915 447 956 Cass.
477 913 574 955 LIX.
608 914 669 956 12.

201 995 240 1038 ς.
270 990 306 1031 3.
363 989 538 1030 Nomina
567 990 607 1029 in
637 1005 732 1043 ημη,
762 1006 857 1044 ημα,
887 1007 990 1046 ημος
1019 1004 1124 1045 quae
1152 994 1375 1045 perstrinxi
1411 995 1453 1035 in
1482 995 1565 1036 Pa-

89 1057 177 1098 rall.
206 1056 298 1097 397.
329 1060 369 1096 et
398 1056 490 1097 452.
523 1060 638 1096 arcto
670 1057 863 1109 colligata
902 1064 997 1099 sunt
1027 1059 1213 1112 vinculo,
1249 1058 1405 1114 φιλήμη
1433 1057 1460 1115 ἡ
1490 1076 1564 1115 φι-

88 1124 154 1164 λία
183 1122 279 1164 Hes.
310 1126 349 1163 et
382 1118 593 1175 Φιλήμων,
632 1121 775 1175 εἴδημα
805 1124 892 1165 Sive
921 1124 1046 1177 ἴδημα
1076 1129 1116 1165 et
1143 1121 1322 1178 εἰδήμων
1351 1130 1428 1167 ete.
1477 1127 1565 1168 Ne-

90 1200 169 1242 que
210 1192 344 1229 tamen
386 1188 644 1230 Grammatici
682 1186 803 1241 ἤμων
843 1190 893 1230 ab
934 1182 1019 1243 ἧμα
1058 1190 1124 1230 vel
1161 1189 1336 1244 μνήμων
1374 1203 1398 1232 a
1426 1188 1564 1246 μνήμη

88 1257 278 1307 repetunt
308 1253 382 1295 sed
419 1266 442 1294 a
483 1254 627 1293 suturis
669 1255 783 1296 Eust.
816 1255 933 1309 1019,
963 1256 1027 1297 40.
1069 1256 1154 1297 EM.
1184 1256 1278 1310 464,
1308 1257 1403 1299 22⁷
1431 1258 1563 1300 idem-

90 1331 168 1373 que
207 1320 296 1360 sine
336 1318 458 1360 dubio
493 1319 728 1371 judicarunt
768 1320 817 1362 de
857 1321 1056 1363 similibus
1095 1319 1299 1375 αἰδήμων,
1347 1320 1562 1378 ἀχθήμων,

87 1382 350 1439 βλαστήμων,
389 1382 580 1438 γοήμων,
623 1384 838 1440 δηλήμων,
875 1384 1067 1441 νοήμων,
1113 1385 1343 1441 τεχνήμων,
1383 1387 1562 1444 τλήμων,

89 1453 249 1494 etiamsi
289 1461 372 1492 non
411 1450 544 1491 desint
581 1463 686 1504 quae
719 1458 901 1494 tenorem
930 1454 1226 1506 interrumpam
1256 1460 1325 1496 aut
1356 1456 1408 1497 ob
1440 1457 1562 1497 futuri

90 1517 290 1560 defectum
332 1521 375 1557 nt
414 1514 577 1570 ῥήμων,
618 1513 807 1571 ἀλήμων,
852 1516 1059 1572 ζηλήμων,
1101 1525 1170 1561 aut
1211 1521 1306 1573 quia
1345 1532 1396 1562 ne
1437 1533 1562 1574 prae-

90 1595 187 1625 sens
218 1584 378 1636 quidem
418 1587 529 1624 extat
567 1585 886 1639 circumflexum,
925 1580 1189 1639 ἀβροτήμων,
1229 1583 1451 1641 δειλήμων,
1489 1601 1563 1640 με·-

89 1645 293 1702 λεδήμων,
343 1644 571 1701 ἀλιτήμων,
619 1661 724 1702 quae
768 1651 906 1692 verbis
951 1652 992 1691 in
1029 1643 1123 1701 ἷζῖ
1154 1656 1193 1692 et
1231 1644 1336 1692 ἆινῖ)
1377 1665 1563 1706 appensa

92 1718 198 1755 sunt.
255 1714 357 1754 Nam
398 1714 448 1754 ad
486 1716 790 1765 grammaticam
828 1717 1027 1756 rationem
1065 1717 1168 1757 satis
1210 1722 1274 1759 est
1308 1718 1504 1770 pleraque
1538 1730 1562 1759 a

89 1780 226 1821 verbis
258 1779 349 1820 duci
387 1790 515 1831 posse
558 1785 597 1820 et
635 1791 718 1820 non
748 1791 880 1832 pauca
911 1780 1078 1834 debere,
1118 1794 1217 1834 prae
1245 1783 1395 1824 ceteris
1424 1781 1562 1838 δειδή-

89 1859 191 1898 μων,
222 1841 420 1897 ὁιζήμων,
452 1840 661 1898 εὐχήμων,
691 1843 909 1899 μαχήμων,
940 1845 1176 1900 πειθήμων,
1206 1845 1430 1902 ψευδήμων
1459 1861 1563 1902 pro-

90 1912 260 1964 priaque
288 1907 515 1964 Χαιρήμων
545 1917 584 1952 et
610 1909 813 1965 Φερήμων
834 1912 926 1953 Sch.
945 1911 1016 1954 Od.
1038 1913 1083 1955 X.
1106 1913 1144 1955 3.
1175 1918 1215 1955 et
1246 1926 1270 1955 a
1297 1915 1411 1967 puris
1440 1914 1562 1956 ducta

89 1972 336 2030 ἀβακήμων,
367 1973 560 2029 δαήμων,
599 1975 856 2032 νεμεσήμων,
887 1973 1096 2031 ὀτλήμων,
1134 1976 1338 2034 τηρήμων.
1398 1981 1441 2022 Si
1470 1982 1563 2034 quis

90 2053 189 2083 vero
219 2038 464 2095 βλαστήμων
502 2054 524 2082 a
559 2040 712 2098 βλάστη
750 2046 909 2098 potius,
947 2041 1172 2098 ψευδήμων
1209 2057 1232 2087 a
1269 2045 1443 2098 ψεῦδος,
1485 2043 1563 2088 ἀν-

89 2104 241 2161 θήμων
269 2107 319 2147 ab
350 2104 483 2156 ἄνθος
512 2107 696 2149 derivata
725 2110 856 2163 malit,
896 2121 1062 2150 eausam
1092 2122 1208 2152 suam
1239 2113 1458 2164 perpaucis
1487 2124 1564 2154 su-

91 2178 274 2214 stentare
304 2174 457 2225 poterit
485 2175 704 2227 exemplis3
736 2186 828 2216 nam
858 2173 1072 2229 ληθήμων,
1104 2176 1213 2229 quod
1232 2177 1459 2219 Salmasius
1477 2177 1564 2220 He-

92 2239 235 2290 sycllio
276 2238 408 2280 reddit
445 2251 520 2293 pro
563 2238 854 2294 Ληθημόνοισι
885 2244 1111 2295 ληθαργοῖς
1150 2242 1337 2283 scribens
1374 2239 1564 2296 ληθημό-

91 2314 222 2355 νεσσι,
263 2305 361 2346 nihil
388 2306 555 2358 impedit
586 2308 803 2358 quominus
836 2319 859 2348 a
888 2305 1006 2361 λήθω
1047 2307 1244 2348 deflexum
1275 2307 1479 2361 dicamus;
1526 2314 1566 2350 et

91 2369 176 2410 fieri
206 2375 346 2423 potest
383 2375 426 2412 ut
465 2372 532 2413 ille
563 2372 766 2425 adjectivo
797 2374 1091 2426 interpretatus
1122 2373 1176 2414 sit
1206 2374 1463 2428 participium
1491 2375 1567 2428 λη-

182 2537 219 2579 7)
253 2537 436 2580 Singulare
467 2540 596 2575 ectasis
628 2540 824 2584 exemplum
858 2543 911 2575 est
936 2539 1108 2584 συνήμων
1145 2539 1162 2573 ὁ
1189 2539 1366 2582 συνήθης,
1401 2539 1472 2574 ἀπὸ
1505 2541 1569 2574 τοῦ

95 2594 255 2623 συνεῖναι
280 2593 359 2627 Sch.
390 2594 455 2638 Ap.
493 2594 550 2629 IV.
588 2595 693 2631 1210.
721 2595 783 2630 sed
812 2595 885 2629 EM.
911 2596 988 2638 735,
1013 2596 1066 2632 29.
1093 2596 1192 2640 παρὰ
1219 2595 1258 2628 τὸ
1285 2589 1396 2637 ἧσθαι
1422 2594 1441 2637 ἢ
1467 2597 1567 2641 παρὰ

96 2645 160 2686 τὴν
184 2645 261 2679 ἕσιν
287 2645 309 2680 ὃ
333 2649 394 2680 καὶ
419 2649 578 2692 βέλτιον,
614 2654 650 2685 ut
674 2649 874 2693 συνθήμων
897 2652 931 2685 in
956 2651 1135 2687 EudOCiae
1162 2650 1298 2695 Martyr.
1325 2649 1426 2695 Cypr.
1453 2661 1485 2687 V.
1511 2652 1565 2689 92.

93 2699 294 2743 μεθήμων,
325 2702 508 2746 εὐθὴμων.
