1731 3021
178 158 261 201 512
650 157 1081 201 DISSERTATIO
1131 158 1196 200 XI.

177 268 229 309 Et
259 267 428 308 eandem
458 266 509 307 ob
542 277 707 309 causam
746 269 933 321 praefero
970 264 1148 320 Φροντὶς
1176 266 1245 307 δῖα
1273 267 1316 309 Il.
1345 267 1463 311 XVII
1493 268 1558 310 47.
1588 274 1658 310 to-

177 334 271 374 nosi
309 344 416 374 nunc
454 339 646 409 receptae
694 345 813 387 quam
854 333 1111 374 Herodianus
1148 333 1294 385 probat
1334 333 1408 374 sed
1442 345 1526 374 non
1567 335 1657 376 sine

178 399 475 440 haesitatione:
527 396 577 439 τὰ
607 400 661 448 εἰς
689 415 749 447 τις
777 424 830 428 —
859 395 1068 448 ὀξύνεται·
1100 394 1232 446 οὕτως
1262 398 1341 439 οὐν
1369 396 1438 439 καὶ
1459 400 1656 450 Φροντίς·

178 464 213 505 εἰ
240 460 295 518 μὴ
327 462 428 516 ἄρα,
473 461 556 505 ἐπεὶ
584 463 731 518 κύριον
759 465 903 515 τοῦτο,
943 462 1012 505 καὶ
1049 462 1440 518 βαρυτονηθησετοιι.
1496 466 1657 506 Etenim

177 529 276 570 nihil
307 540 457 570 causae
489 535 551 571 est.
582 543 652 572 cur
682 531 867 571 malimus
899 532 1107 584 proprium
1140 542 1163 570 a
1193 541 1276 570 non
1308 531 1476 583 proprio
1509 530 1659 573 distin-

177 607 330 648 guere3
376 607 480 648 quae
508 598 713 637 nominum
743 607 895 649 genera
923 597 963 636 in
994 600 1167 637 accentu
1199 596 1321 637 multo
1354 597 1521 649 saepius
1553 607 1659 638 con-

177 666 326 714 gruunt
362 673 482 714 quam
520 661 754 715 discrepant
793 674 828 703 v.
866 662 1006 703 Lelirs.
1056 661 1105 702 de
1142 663 1266 703 Arist.
1305 661 1397 703 207.
1435 673 1496 715 sq.
1538 673 1659 715 quam

177 728 445 770 masculinum
475 739 693 769 secernere
732 740 754 768 a
783 729 997 780 feminino,
1036 738 1208 779 quorum
1238 727 1446 768 distinctio
1477 727 1658 780 legitima

179 798 242 836 est
270 794 349 834 nisi
379 805 458 845 qua
481 793 698 833 intercedit
729 793 808 833 alia
837 794 956 833 ratio.
1015 792 1117 833 Nam
1149 788 1171 831 ὁ
1196 784 1299 844 Ἶφις
1328 796 1368 832 et
1396 784 1548 845 ἡἿφις
1577 792 1658 833 ho-

177 864 346 900 motona
383 863 478 899 sunt
512 860 606 910 quia
636 863 849 910 utrumque
881 858 1126 911 adjectivum
1166 861 1252 911 est,
1294 858 1391 898 item
1431 858 1660 910 composita

177 922 203 979 ἡ
245 921 475 971 Νικόπολις
512 924 615 965 Plut..
647 925 690 964 V.
734 924 831 965 Sull.
862 924 907 965 ΙΙ.
945 919 971 976 ἡ
1002 922 1273 971 Νικασίπολις
1309 923 1429 964 Paus.
1458 923 1522 965 IX.
1552 924 1589 975 7,
1619 923 1657 965 3.

179 987 204 1045 ἡ
243 987 501 1042 Ταυρόπολις
530 991 558 1042 Ι,
588 990 653 1042 42,
681 990 717 1031 ’7.
748 987 1010 1043 Χρυσόθεμις
1040 994 1115 1031 etc.
1159 989 1241 1030 Sed
1269 990 1344 1029 viri
1373 1000 1521 1030 nomon
1549 990 1658 1030 sori-

176 1057 285 1099 bitur
314 1053 482 1108 Μύρτις
510 1055 612 1096 Plut.
645 1055 810 1104 Quaest.
843 1055 906 1096 Gr.
936 1067 969 1097 c.
993 1056 1058 1097 40.
1091 1057 1261 1096 feminae
1290 1051 1366 1109 τὴν
1393 1054 1590 1108 Μυρτίδα
1616 1056 1658 1096 in

179 1123 382 1165 Corinnae
412 1133 536 1162 versu
566 1126 609 1161 ut
650 1116 672 1174 ἡ
704 1122 897 1173 Κορωνίς
933 1121 1005 1174 τῆς
1035 1122 1296 1176 Κορωνίδος,
1336 1117 1362 1175 ἡ
1393 1121 1554 1173 Χλωρίς
1585 1121 1658 1174 τῆς

177 1188 391 1241 Χλωρίδος
423 1188 556 1229 Strab.
586 1188 684 1230 VIII.
711 1188 803 1229 347.
836 1188 928 1229 Sch.
957 1188 1058 1230 Plat.
1089 1190 1226 1240 Symp.
1246 1200 1283 1240 p.
1302 1187 1395 1230 376.
1427 1187 1521 1229 Sch.
1544 1187 1657 1229 Pind.

176 1257 220 1298 P.
248 1256 312 1296 IV.
344 1254 436 1295 306.
471 1253 564 1295 Sch.
597 1254 731 1306 Apoll.
762 1253 789 1294 Ι.
823 1254 911 1295 156.
941 1255 1037 1306 Lyc.
1065 1254 1159 1296 881.
1196 1250 1273 1307 τὴν
1302 1252 1494 1307 Χλωρίδα
1521 1253 1658 1305 Apol-

176 1321 257 1362 lod.
288 1321 315 1361 I.
344 1319 381 1372 9,
412 1319 447 1360 9.
491 1319 625 1359 Tzetz.
667 1319 766 1360 Chil.
796 1319 858 1359 IV.
899 1332 933 1361 v.
973 1319 1065 1361 422.
1133 1320 1263 1360 Aliter
1301 1331 1399 1360 vero
1438 1319 1657 1370 isosyllabi

174 1386 424 1428 nominativo
464 1385 686 1425 accusativi
707 1381 876 1425 Σκύθιν
905 1397 968 1437 ap.
998 1385 1306 1438 Aescliine1n‚⁴‘⁵
1336 1381 1505 1437 Μύρτιυ
1533 1385 1654 1426 Anth.

177 1453 242 1495 IX.
274 1452 339 1493 26.
379 1447 576 1502 Κόρωνιν
614 1451 654 1490 in
684 1450 854 1490 Hesiodi
883 1462 1025 1504 versu,
1067 1451 1232 1503 Χλῶριν
1271 1449 1389 1490 Diod.
1419 1451 1482 1492 IV.
1503 1450 1576 1502 86.
1614 1453 1655 1491 et

176 1520 219 1560 in
262 1518 392 1558 tribus
438 1516 667 1557 Pausaniae
713 1515 838 1569 locis,
894 1521 1064 1568 propter
1109 1527 1214 1568 quos
1255 1515 1496 1556 Siebelisius
1532 1516 1655 1557 etiam

177 1583 347 1637 primum
378 1592 518 1622 casum
549 1581 709 1632 Χλῶρις
744 1582 911 1633 scripsit
942 1583 984 1621 V.
1020 1581 1082 1634 16,
1112 1581 1149 1622 3.
1189 1581 1257 1622 ubi
1284 1581 1377 1621 libri
1406 1580 1655 1634 discrepant,

176 1647 251 1690 sed
279 1648 451 1699 injuria3
487 1657 580 1686 nam
610 1646 772 1699 Χλωρίς
801 1647 1060 1688 scribendum
1090 1651 1132 1687 ut
1163 1647 1363 1698 Γλαυκίς,
1404 1657 1538 1700 neque
1578 1657 1654 1688 ex-

177 1712 431 1756 timescenda
460 1714 741 1764 synemptosis
773 1713 1009 1767 appellativi
1043 1714 1210 1766 χλωρίς,
1248 1725 1340 1755 nam
1372 1718 1409 1754 et
1439 1712 1650 1767 Λυκαινίς,

175 1779 409 1828 Χελιδονίς,
452 1789 536 1818 non
571 1778 692 1818 alium
723 1789 841 1830 quam
872 1779 1100 1820 animalium
1132 1780 1296 1820 nomina
1324 1779 1473 1820 habent
1501 1789 1655 1819 accen-

178 1856 280 1899 tum,
320 1845 510 1898 quodque
540 1845 810 1885 Buttmannus
851 1844 900 1884 ad
933 1844 1025 1886 Sch.
1058 1844 1129 1887 Od.
1156 1846 1220 1886 XI.
1248 1845 1340 1888 281.
1383 1856 1433 1886 ex
1460 1844 1653 1898 Apollod.

174 1913 239 1956 111.
269 1912 306 1966 5,
337 1911 373 1953 6.
412 1911 527 1951 affert
556 1911 738 1963 Χλῶρις,
780 1910 873 1950 olim
913 1914 1125 1961 oxytonon
1156 1912 1284 1952 fuisse
1324 1910 1504 1951 ostendit
1533 1909 1653 1951 codi-

175 1989 264 2019 cum
296 1977 471 2017 omnium
503 1977 704 2028 scriptura
727 1990 861 2028 χωρις.
904 1975 984 2016 Sed
1009 1977 1275 2029 interruptum
1299 1987 1530 2018 sermonem
1551 1986 1651 2028 per-

174 2049 317 2085 texam.
347 2043 383 2083 A
402 2042 639 2082 masculinis
661 2043 782 2093 igitur
800 2043 839 2082 in
869 2056 933 2089 ιας
964 2041 1023 2092 (et
1044 2042 1128 2095 aas)
1148 2043 1391 2083 exeuntibus
1410 2042 1650 2093 contingunt

174 2109 344 2162 primum
358 2108 640 2159 patronymica
660 2111 699 2147 et
718 2108 1011 2160 patronymicis
1033 2108 1259 2149 assimilata
1272 2104 1491 2160 Βορεάδης,
1502 2103 1649 2147 Αἰνεά-

173 2174 246 2228 δης
275 2173 334 2225 (et
363 2170 585 2225 Αἰνειώυη)
611 2168 877 2227 Ἀμυνιάδης,
902 2170 1134 2227 Ἀρχιάδης,
1164 2171 1394 2226 Λυσιάδης,
1426 2169 1648 2225 Μιξιάδης,

166 2237 423 2292 Ὀθρυάδης,
469 2236 705 2292 Πραξιάὸης
744 2240 936 2280 Themist.
978 2239 1044 2281 Or.
1082 2238 1218 2279 XXVI.
1257 2238 1350 2280 317.
1382 2238 1423 2279 C.
1463 2237 1646 2279 Secundo

171 2307 307 2359 topica
342 2300 583 2359 Ἀργεώτης,
633 2301 862 2357 Νικιώτης,
911 2301 1145 2356 Χαιρεώτης
1184 2303 1377 2355 Steph.4⁷
1414 2304 1646 2356 topicisque

170 2372 301 2413 simile
329 2372 515 2426 βορεῆτις
552 2372 640 2413 sive
669 2371 871 2425 βορεώτις.
942 2371 1076 2412 Tertio
1108 2369 1355 2411 deminutiva
1382 2369 1543 2423 κοχλίας
1570 2384 1647 2411 κο-

261 2560 320 2602 46)
354 2560 393 2594 V.
430 2560 471 2595 ad
505 2560 628 2594 Buttui.
664 2570 697 2604 p.
731 2560 808 2596 426.
836 2559 894 2594 ubi
932 2568 999 2593 non
1033 2562 1128 2596 recte
1164 2560 1329 2604 scriptum
1352 2560 1452 2596 Γέτις
1477 2562 1507 2592 et
1529 2557 1643 2595 Σάκις

168 2605 252 2637 nach
278 2605 468 2648 Stephanus
492 2615 552 2648 pro
578 2605 648 2648 bey.

257 2660 316 2701 47)
353 2660 449 2695 Iden]
479 2661 601 2704 Ἀὐριίε
629 2680 667 2685 —-
703 2659 720 2693 ὁ
755 2659 895 2700 πολίτης
920 2660 981 2692 καὶ
1007 2658 1181 2704 πάροικος
1209 2657 1395 2703 Ἀδριανός
1417 2657 1462 2695 ὡς
1482 2655 1642 2693 Ἀσιιιῐνός

166 2714 226 2745 καὶ
248 2713 442 2756 Ἀόριιῖϊης.
1072 2730 1075 2731 ’
