<?xml version="1.0" encoding="UTF-8"?>
<!DOCTYPE html PUBLIC "-//W3C//DTD XHTML 1.0 Transitional//EN"
    "http://www.w3.org/TR/xhtml1/DTD/xhtml1-transitional.dtd">
<html xmlns="http://www.w3.org/1999/xhtml" xml:lang="en" lang="en">
 <head>
  <title>
</title>
<meta http-equiv="Content-Type" content="text/html;charset=utf-8" />
  <meta name='ocr-system' content='tesseract 3.04.00' />
  <meta name='ocr-capabilities' content='ocr_page ocr_carea ocr_par ocr_line ocrx_word'/>
</head>
<body>
  <div class='ocr_page' id='page_1' title='image "./pathologiaesermo00lobeuoft_0264.png"; bbox 0 0 1731 3021; ppageno 0'>
   <div class='ocr_carea' id='block_1_1' title="bbox 103 131 1104 176">
    <p class='ocr_par' dir='ltr' id='par_1_1' title="bbox 103 131 1104 176">
     <span class='ocr_line' id='line_1_1' title="bbox 103 131 1104 176; baseline 0.002 -2"><span class='ocrx_word' id='word_1_1' title='bbox 103 131 194 175; x_wconf 69' lang='lat'><strong>246</strong></span> <span class='ocrx_word' id='word_1_2' title='bbox 566 133 1001 176; x_wconf 84' lang='lat' dir='ltr'><strong>DISSERTATIO</strong></span> <span class='ocrx_word' id='word_1_3' title='bbox 1043 134 1104 176; x_wconf 82' lang='lat' dir='ltr'><strong>iv.</strong></span> 
     </span>
    </p>
   </div>
   <div class='ocr_carea' id='block_1_2' title="bbox 105 241 1592 1944">
    <p class='ocr_par' dir='ltr' id='par_1_2' title="bbox 105 241 1592 1944">
     <span class='ocr_line' id='line_1_2' title="bbox 107 241 1589 299; baseline 0.003 -17"><span class='ocrx_word' id='word_1_4' title='bbox 107 245 150 282; x_wconf 78' lang='lat' dir='ltr'><strong>et</strong></span> <span class='ocrx_word' id='word_1_5' title='bbox 178 252 229 282; x_wconf 86' lang='lat' dir='ltr'><strong>ex</strong></span> <span class='ocrx_word' id='word_1_6' title='bbox 258 242 340 284; x_wconf 89' lang='lat' dir='ltr'><strong>alio</strong></span> <span class='ocrx_word' id='word_1_7' title='bbox 369 253 520 295; x_wconf 79' lang='lat' dir='ltr'><strong>genere</strong></span> <span class='ocrx_word' id='word_1_8' title='bbox 559 241 699 297; x_wconf 78' lang='grc' dir='ltr'><strong><em>οὔριος</em></strong></span> <span class='ocrx_word' id='word_1_9' title='bbox 729 241 918 296; x_wconf 78' lang='grc' dir='ltr'><strong><em>οὕρινος,</em></strong></span> <span class='ocrx_word' id='word_1_10' title='bbox 958 241 1133 296; x_wconf 79' lang='grc' dir='ltr'><strong><em>ὄρφνιος</em></strong></span> <span class='ocrx_word' id='word_1_11' title='bbox 1167 241 1366 297; x_wconf 78' lang='grc' dir='ltr'><strong><em>ὄρφνινος</em></strong></span> <span class='ocrx_word' id='word_1_12' title='bbox 1394 249 1435 287; x_wconf 84' lang='lat' dir='ltr'><strong>et</strong></span> <span class='ocrx_word' id='word_1_13' title='bbox 1464 243 1589 299; x_wconf 83' lang='grc' dir='ltr'><strong><em>ὅρφι-</em></strong></span> 
     </span>
     <span class='ocr_line' id='line_1_3' title="bbox 105 309 1588 364; baseline 0.003 -16"><span class='ocrx_word' id='word_1_14' title='bbox 105 321 191 358; x_wconf 78' lang='grc' dir='ltr'><strong><em>νος,</em></strong></span> <span class='ocrx_word' id='word_1_15' title='bbox 220 309 260 349; x_wconf 93' lang='lat' dir='ltr'><strong>in</strong></span> <span class='ocrx_word' id='word_1_16' title='bbox 290 309 437 362; x_wconf 88' lang='lat' dir='ltr'><strong>quibus</strong></span> <span class='ocrx_word' id='word_1_17' title='bbox 467 309 560 350; x_wconf 88' lang='lat' dir='ltr'><strong>libri</strong></span> <span class='ocrx_word' id='word_1_18' title='bbox 591 311 750 350; x_wconf 89' lang='lat' dir='ltr'><strong>variant</strong></span> <span class='ocrx_word' id='word_1_19' title='bbox 778 311 952 351; x_wconf 84' lang='lat' dir='ltr'><strong>Aristot.</strong></span> <span class='ocrx_word' id='word_1_20' title='bbox 983 310 1033 351; x_wconf 90' lang='lat' dir='ltr'><strong>de</strong></span> <span class='ocrx_word' id='word_1_21' title='bbox 1057 310 1194 352; x_wconf 90' lang='lat' dir='ltr'><strong>Color.</strong></span> <span class='ocrx_word' id='word_1_22' title='bbox 1214 311 1261 351; x_wconf 82' lang='lat' dir='ltr'><strong>V.</strong></span> <span class='ocrx_word' id='word_1_23' title='bbox 1284 310 1377 364; x_wconf 81' lang='lat'>795,</span> <span class='ocrx_word' id='word_1_24' title='bbox 1402 310 1465 354; x_wconf 81' lang='lat'><strong>19.</strong></span> <span class='ocrx_word' id='word_1_25' title='bbox 1494 311 1588 353; x_wconf 87' lang='lat' dir='ltr'><strong>Ath.</strong></span> 
     </span>
     <span class='ocr_line' id='line_1_4' title="bbox 109 371 1588 430; baseline 0.003 -16"><span class='ocrx_word' id='word_1_26' title='bbox 109 372 193 415; x_wconf 92' lang='lat' dir='ltr'><strong>XII.</strong></span> <span class='ocrx_word' id='word_1_27' title='bbox 223 374 315 417; x_wconf 83' lang='lat'><strong>535.</strong></span> <span class='ocrx_word' id='word_1_28' title='bbox 345 375 386 416; x_wconf 85' lang='lat' dir='ltr'><strong>F.</strong></span> <span class='ocrx_word' id='word_1_29' title='bbox 417 379 457 416; x_wconf 84' lang='lat' dir='ltr'><strong>et</strong></span> <span class='ocrx_word' id='word_1_30' title='bbox 477 375 584 428; x_wconf 83' lang='lat' dir='ltr'><strong>apud</strong></span> <span class='ocrx_word' id='word_1_31' title='bbox 616 376 786 417; x_wconf 89' lang='lat' dir='ltr'><strong>eundem</strong></span> <span class='ocrx_word' id='word_1_32' title='bbox 816 376 1047 429; x_wconf 83' lang='grc' dir='ltr'><strong><em>φοινίκινος</em></strong></span> <span class='ocrx_word' id='word_1_33' title='bbox 1077 371 1226 429; x_wconf 79' lang='grc' dir='ltr'><strong><em>(οἶνος)</em></strong></span> <span class='ocrx_word' id='word_1_34' title='bbox 1256 381 1296 418; x_wconf 86' lang='lat' dir='ltr'><strong>et</strong></span> <span class='ocrx_word' id='word_1_35' title='bbox 1319 377 1525 430; x_wconf 84' lang='grc' dir='ltr'><strong><em>φοινίκιος</em></strong></span> <span class='ocrx_word' id='word_1_36' title='bbox 1551 387 1588 418; x_wconf 84' lang='lat' dir='ltr'><strong>V.</strong></span> 
     </span>
     <span class='ocr_line' id='line_1_5' title="bbox 109 438 1587 497; baseline 0.004 -17"><span class='ocrx_word' id='word_1_37' title='bbox 109 439 282 482; x_wconf 89' lang='lat' dir='ltr'><strong>Meinek.</strong></span> <span class='ocrx_word' id='word_1_38' title='bbox 311 441 400 482; x_wconf 83' lang='lat' dir='ltr'><strong>Vol.</strong></span> <span class='ocrx_word' id='word_1_39' title='bbox 430 441 495 483; x_wconf 89' lang='grc' dir='ltr'><strong>ΙΙΙ.</strong></span> <span class='ocrx_word' id='word_1_40' title='bbox 523 441 618 484; x_wconf 83' lang='grc'><strong>328.</strong></span> <span class='ocrx_word' id='word_1_41' title='bbox 656 438 834 494; x_wconf 81' lang='grc' dir='ltr'><strong><em>χιόνινος</em></strong></span> <span class='ocrx_word' id='word_1_42' title='bbox 865 446 905 483; x_wconf 90' lang='lat' dir='ltr'><strong>et</strong></span> <span class='ocrx_word' id='word_1_43' title='bbox 933 439 1087 495; x_wconf 84' lang='grc' dir='ltr'><strong><em>χιόνιος</em></strong></span> <span class='ocrx_word' id='word_1_44' title='bbox 1112 443 1176 484; x_wconf 91' lang='lat' dir='ltr'><strong>IX.</strong></span> <span class='ocrx_word' id='word_1_45' title='bbox 1211 443 1303 485; x_wconf 80' lang='lat'><strong>375.</strong></span> <span class='ocrx_word' id='word_1_46' title='bbox 1328 444 1374 485; x_wconf 92' lang='lat' dir='ltr'><strong>D.</strong></span> <span class='ocrx_word' id='word_1_47' title='bbox 1399 455 1474 496; x_wconf 88' lang='lat' dir='ltr'><strong>pro</strong></span> <span class='ocrx_word' id='word_1_48' title='bbox 1506 455 1587 497; x_wconf 87' lang='lat' dir='ltr'><strong>quo</strong></span> 
     </span>
     <span class='ocr_line' id='line_1_6' title="bbox 108 502 1588 560; baseline 0.004 -14"><span class='ocrx_word' id='word_1_49' title='bbox 108 502 265 558; x_wconf 78' lang='grc' dir='ltr'><strong><em>χιόνεος</em></strong></span> <span class='ocrx_word' id='word_1_50' title='bbox 293 506 371 548; x_wconf 87' lang='lat' dir='ltr'><strong>dici</strong></span> <span class='ocrx_word' id='word_1_51' title='bbox 402 507 521 548; x_wconf 85' lang='lat' dir='ltr'><strong>solet.</strong></span> <span class='ocrx_word' id='word_1_52' title='bbox 537 507 572 533; x_wconf 69' lang='lat'><strong>¹³</strong></span> <span class='ocrx_word' id='word_1_53' title='bbox 616 508 692 549; x_wconf 89' lang='lat' dir='ltr'><strong>Hic</strong></span> <span class='ocrx_word' id='word_1_54' title='bbox 720 508 832 548; x_wconf 90' lang='lat' dir='ltr'><strong>nulla</strong></span> <span class='ocrx_word' id='word_1_55' title='bbox 865 509 1064 560; x_wconf 84' lang='lat' dir='ltr'><strong>contingit</strong></span> <span class='ocrx_word' id='word_1_56' title='bbox 1095 509 1255 550; x_wconf 85' lang='lat' dir='ltr'><strong>affectio</strong></span> <span class='ocrx_word' id='word_1_57' title='bbox 1288 509 1362 551; x_wconf 87' lang='lat' dir='ltr'><strong>sed</strong></span> <span class='ocrx_word' id='word_1_58' title='bbox 1392 511 1588 553; x_wconf 85' lang='lat' dir='ltr'><strong>termina-</strong></span> 
     </span>
     <span class='ocr_line' id='line_1_7' title="bbox 111 560 1588 628; baseline 0.003 -17"><span class='ocrx_word' id='word_1_59' title='bbox 111 571 264 614; x_wconf 84' lang='lat' dir='ltr'><strong>tionum</strong></span> <span class='ocrx_word' id='word_1_60' title='bbox 304 573 434 614; x_wconf 84' lang='lat' dir='ltr'><strong>libera</strong></span> <span class='ocrx_word' id='word_1_61' title='bbox 471 573 591 614; x_wconf 86' lang='lat' dir='ltr'><strong>ssexio</strong></span> <span class='ocrx_word' id='word_1_62' title='bbox 633 579 677 615; x_wconf 87' lang='lat' dir='ltr'><strong>ut</strong></span> <span class='ocrx_word' id='word_1_63' title='bbox 707 560 974 628; x_wconf 70' lang='grc' dir='ltr'><strong><em>ἀνθρώπινος</em></strong></span> <span class='ocrx_word' id='word_1_64' title='bbox 1011 570 1278 625; x_wconf 79' lang='grc' dir='ltr'><strong><em>ἀνθρωπικός</em></strong></span> <span class='ocrx_word' id='word_1_65' title='bbox 1315 570 1588 628; x_wconf 78' lang='grc' dir='ltr'><strong><em>ἀνθρώπειος,</em></strong></span> 
     </span>
     <span class='ocr_line' id='line_1_8' title="bbox 109 632 1589 694; baseline 0.004 -17"><span class='ocrx_word' id='word_1_66' title='bbox 109 632 352 691; x_wconf 79' lang='grc' dir='ltr'><strong><em>ὀστράκινος</em></strong></span> <span class='ocrx_word' id='word_1_67' title='bbox 381 634 610 692; x_wconf 74' lang='grc' dir='ltr'><strong><em>ὀστρακοῦς</em></strong></span> <span class='ocrx_word' id='word_1_68' title='bbox 648 635 922 694; x_wconf 77' lang='grc' dir='ltr'><strong><em>ὀστρακηρός,</em></strong></span> <span class='ocrx_word' id='word_1_69' title='bbox 961 652 1067 694; x_wconf 88' lang='lat' dir='ltr'><strong>quae</strong></span> <span class='ocrx_word' id='word_1_70' title='bbox 1100 640 1359 682; x_wconf 82' lang='lat' dir='ltr'><strong>Grammatici</strong></span> <span class='ocrx_word' id='word_1_71' title='bbox 1389 641 1589 683; x_wconf 84' lang='lat' dir='ltr'><strong>adnotare</strong></span> 
     </span>
     <span class='ocr_line' id='line_1_9' title="bbox 110 701 1590 761; baseline 0.001 -16"><span class='ocrx_word' id='word_1_72' title='bbox 110 703 248 745; x_wconf 87' lang='lat' dir='ltr'><strong>solent</strong></span> <span class='ocrx_word' id='word_1_73' title='bbox 287 704 361 746; x_wconf 89' lang='lat' dir='ltr'><strong>sed</strong></span> <span class='ocrx_word' id='word_1_74' title='bbox 401 705 452 745; x_wconf 92' lang='lat' dir='ltr'><strong>ob</strong></span> <span class='ocrx_word' id='word_1_75' title='bbox 494 705 613 746; x_wconf 89' lang='lat' dir='ltr'><strong>aliam</strong></span> <span class='ocrx_word' id='word_1_76' title='bbox 654 717 840 746; x_wconf 87' lang='lat' dir='ltr'><strong>oausam:</strong></span> <span class='ocrx_word' id='word_1_77' title='bbox 879 702 1118 760; x_wconf 76' lang='grc' dir='ltr'><strong><em>ἀνθρωπεία</em></strong></span> <span class='ocrx_word' id='word_1_78' title='bbox 1147 704 1286 761; x_wconf 82' lang='grc' dir='ltr'><strong><em>φύσις,</em></strong></span> <span class='ocrx_word' id='word_1_79' title='bbox 1317 701 1396 747; x_wconf 84' lang='grc' dir='ltr'><strong>οὐκ</strong></span> <span class='ocrx_word' id='word_1_80' title='bbox 1425 701 1590 760; x_wconf 81' lang='grc' dir='ltr'><strong><em>ἀνθρω-</em></strong></span> 
     </span>
     <span class='ocr_line' id='line_1_10' title="bbox 109 765 1590 826; baseline 0.004 -17"><span class='ocrx_word' id='word_1_81' title='bbox 109 768 207 822; x_wconf 83' lang='grc' dir='ltr'><strong><em>πίνη</em></strong></span> <span class='ocrx_word' id='word_1_82' title='bbox 238 770 378 811; x_wconf 90' lang='lat' dir='ltr'><strong>Thom.</strong></span> <span class='ocrx_word' id='word_1_83' title='bbox 407 766 625 822; x_wconf 80' lang='grc' dir='ltr'><strong><em>κεράμινος</em></strong></span> <span class='ocrx_word' id='word_1_84' title='bbox 661 765 752 810; x_wconf 77' lang='grc' dir='ltr'><strong><em>ἀντὶ</em></strong></span> <span class='ocrx_word' id='word_1_85' title='bbox 788 772 865 812; x_wconf 82' lang='grc' dir='ltr'><strong>τοῦ</strong></span> <span class='ocrx_word' id='word_1_86' title='bbox 903 775 1128 826; x_wconf 81' lang='grc' dir='ltr'><strong><em>κεραμεοῦς</em></strong></span> <span class='ocrx_word' id='word_1_87' title='bbox 1155 769 1381 826; x_wconf 81' lang='grc' dir='ltr'><strong><em>Ἡρόδοτος</em></strong></span> <span class='ocrx_word' id='word_1_88' title='bbox 1419 772 1590 815; x_wconf 83' lang='lat' dir='ltr'><strong>Antiatt.</strong></span> 
     </span>
     <span class='ocr_line' id='line_1_11' title="bbox 109 832 1590 894; baseline 0.003 -18"><span class='ocrx_word' id='word_1_89' title='bbox 109 834 235 876; x_wconf 87' lang='lat' dir='ltr'><strong>Bekk.</strong></span> <span class='ocrx_word' id='word_1_90' title='bbox 259 835 347 876; x_wconf 88' lang='lat'>102.</span> <span class='ocrx_word' id='word_1_91' title='bbox 377 836 605 887; x_wconf 78' lang='grc' dir='ltr'>κεραμεοῦν</span> <span class='ocrx_word' id='word_1_92' title='bbox 633 832 812 887; x_wconf 78' lang='grc' dir='ltr'><strong><em>ἀττικόν,</em></strong></span> <span class='ocrx_word' id='word_1_93' title='bbox 844 834 1091 890; x_wconf 79' lang='grc' dir='ltr'><strong><em>ὀστράκινον</em></strong></span> <span class='ocrx_word' id='word_1_94' title='bbox 1119 835 1332 894; x_wconf 80' lang='grc' dir='ltr'><strong><em>ἓλληνικόν</em></strong></span> <span class='ocrx_word' id='word_1_95' title='bbox 1359 838 1486 881; x_wconf 88' lang='lat' dir='ltr'><strong>Moer.</strong></span> <span class='ocrx_word' id='word_1_96' title='bbox 1511 849 1590 880; x_wconf 88' lang='lat' dir='ltr'><strong>ne-</strong></span> 
     </span>
     <span class='ocr_line' id='line_1_12' title="bbox 110 897 1588 959; baseline 0.005 -19"><span class='ocrx_word' id='word_1_97' title='bbox 110 911 190 952; x_wconf 88' lang='lat' dir='ltr'><strong>que</strong></span> <span class='ocrx_word' id='word_1_98' title='bbox 225 900 283 940; x_wconf 86' lang='lat' dir='ltr'><strong>illi</strong></span> <span class='ocrx_word' id='word_1_99' title='bbox 318 897 509 953; x_wconf 79' lang='grc' dir='ltr'><strong><em>χρύσινος</em></strong></span> <span class='ocrx_word' id='word_1_100' title='bbox 526 901 561 925; x_wconf 77' lang='lat'><strong>¹⁰</strong></span> <span class='ocrx_word' id='word_1_101' title='bbox 596 900 848 943; x_wconf 81' lang='lat' dir='ltr'><strong>admiserunt</strong></span> <span class='ocrx_word' id='word_1_102' title='bbox 886 904 951 944; x_wconf 84' lang='lat' dir='ltr'><strong>vel</strong></span> <span class='ocrx_word' id='word_1_103' title='bbox 981 901 1203 959; x_wconf 74' lang='grc' dir='ltr'><strong><em>ἀργύρινος</em></strong></span> <span class='ocrx_word' id='word_1_104' title='bbox 1240 906 1305 947; x_wconf 89' lang='lat' dir='ltr'><strong>vel</strong></span> <span class='ocrx_word' id='word_1_105' title='bbox 1331 902 1523 959; x_wconf 81' lang='grc' dir='ltr'><strong><em>χάλκινος</em></strong></span> <span class='ocrx_word' id='word_1_106' title='bbox 1551 917 1588 947; x_wconf 78' lang='lat' dir='ltr'><strong>v,</strong></span> 
     </span>
     <span class='ocr_line' id='line_1_13' title="bbox 109 963 1590 1025; baseline 0.003 -18"><span class='ocrx_word' id='word_1_107' title='bbox 109 966 207 1007; x_wconf 90' lang='lat' dir='ltr'><strong>Has.</strong></span> <span class='ocrx_word' id='word_1_108' title='bbox 237 965 288 1007; x_wconf 93' lang='lat' dir='ltr'><strong>ad</strong></span> <span class='ocrx_word' id='word_1_109' title='bbox 317 966 442 1008; x_wconf 87' lang='lat' dir='ltr'><strong>Leon.</strong></span> <span class='ocrx_word' id='word_1_110' title='bbox 471 978 510 1019; x_wconf 88' lang='lat' dir='ltr'><strong>p.</strong></span> <span class='ocrx_word' id='word_1_111' title='bbox 538 966 631 1008; x_wconf 73' lang='lat'><strong>404.</strong></span> <span class='ocrx_word' id='word_1_112' title='bbox 660 978 754 1008; x_wconf 91' lang='lat' dir='ltr'><strong>nam</strong></span> <span class='ocrx_word' id='word_1_113' title='bbox 773 963 1060 1022; x_wconf 79' lang='grc' dir='ltr'><strong><em>ὀρειχάλκινος,</em></strong></span> <span class='ocrx_word' id='word_1_114' title='bbox 1093 982 1173 1023; x_wconf 89' lang='lat' dir='ltr'><strong>quo</strong></span> <span class='ocrx_word' id='word_1_115' title='bbox 1194 971 1311 1012; x_wconf 87' lang='lat' dir='ltr'><strong>Plato</strong></span> <span class='ocrx_word' id='word_1_116' title='bbox 1342 972 1480 1025; x_wconf 88' lang='lat' dir='ltr'><strong>utitur,</strong></span> <span class='ocrx_word' id='word_1_117' title='bbox 1510 982 1590 1024; x_wconf 86' lang='lat' dir='ltr'><strong>pa-</strong></span> 
     </span>
     <span class='ocr_line' id='line_1_14' title="bbox 109 1028 1590 1090; baseline 0.003 -18"><span class='ocrx_word' id='word_1_118' title='bbox 109 1032 383 1084; x_wconf 83' lang='lat' dir='ltr'><strong>rasyntheton</strong></span> <span class='ocrx_word' id='word_1_119' title='bbox 413 1038 477 1074; x_wconf 85' lang='lat' dir='ltr'><strong>est</strong></span> <span class='ocrx_word' id='word_1_120' title='bbox 496 1036 539 1073; x_wconf 93' lang='lat' dir='ltr'><strong>ut</strong></span> <span class='ocrx_word' id='word_1_121' title='bbox 558 1028 800 1086; x_wconf 71' lang='grc' dir='ltr'><em>ὦμοβόϊιυς,</em></span> <span class='ocrx_word' id='word_1_122' title='bbox 832 1034 883 1076; x_wconf 90' lang='lat' dir='ltr'><strong>ad</strong></span> <span class='ocrx_word' id='word_1_123' title='bbox 913 1035 1094 1077; x_wconf 89' lang='lat' dir='ltr'><strong>ultimum</strong></span> <span class='ocrx_word' id='word_1_124' title='bbox 1124 1035 1346 1090; x_wconf 80' lang='grc' dir='ltr'><em>μολιβδοῦς</em></span> <span class='ocrx_word' id='word_1_125' title='bbox 1360 1036 1590 1077; x_wconf 85' lang='lat' dir='ltr'><strong>Pherecra-</strong></span> 
     </span>
     <span class='ocr_line' id='line_1_15' title="bbox 111 1097 1590 1154; baseline 0.004 -16"><span class='ocrx_word' id='word_1_126' title='bbox 111 1102 190 1138; x_wconf 90' lang='lat' dir='ltr'><strong>tem</strong></span> <span class='ocrx_word' id='word_1_127' title='bbox 221 1102 430 1139; x_wconf 79' lang='lat' dir='ltr'><strong>auctorem</strong></span> <span class='ocrx_word' id='word_1_128' title='bbox 460 1098 597 1150; x_wconf 88' lang='lat' dir='ltr'><strong>habet,</strong></span> <span class='ocrx_word' id='word_1_129' title='bbox 626 1097 875 1153; x_wconf 80' lang='grc' dir='ltr'><strong><em>μολύβδινος</em></strong></span> <span class='ocrx_word' id='word_1_130' title='bbox 902 1101 1169 1143; x_wconf 75' lang='lat' dir='ltr'><strong>Aristotelem</strong></span> <span class='ocrx_word' id='word_1_131' title='bbox 1203 1115 1238 1144; x_wconf 93' lang='lat' dir='ltr'><strong>v.</strong></span> <span class='ocrx_word' id='word_1_132' title='bbox 1263 1101 1315 1143; x_wconf 87' lang='lat' dir='ltr'><strong>ad</strong></span> <span class='ocrx_word' id='word_1_133' title='bbox 1332 1101 1479 1154; x_wconf 81' lang='lat' dir='ltr'><strong>Phryn.</strong></span> <span class='ocrx_word' id='word_1_134' title='bbox 1500 1101 1590 1144; x_wconf 83' lang='lat'><strong>148.</strong></span> 
     </span>
     <span class='ocr_line' id='line_1_16' title="bbox 112 1164 1591 1223; baseline 0.004 -20"><span class='ocrx_word' id='word_1_135' title='bbox 112 1164 328 1216; x_wconf 85' lang='lat' dir='ltr'><strong>Singulare</strong></span> <span class='ocrx_word' id='word_1_136' title='bbox 358 1176 593 1217; x_wconf 80' lang='lat' dir='ltr'><strong>paragogae</strong></span> <span class='ocrx_word' id='word_1_137' title='bbox 625 1167 853 1219; x_wconf 83' lang='lat' dir='ltr'><strong>exemplum</strong></span> <span class='ocrx_word' id='word_1_138' title='bbox 883 1171 947 1208; x_wconf 85' lang='lat' dir='ltr'><strong>est</strong></span> <span class='ocrx_word' id='word_1_139' title='bbox 973 1165 1179 1221; x_wconf 80' lang='grc' dir='ltr'><strong><em>μηλινόεις</em></strong></span> <span class='ocrx_word' id='word_1_140' title='bbox 1207 1167 1401 1209; x_wconf 85' lang='lat' dir='ltr'>Nicandri</span> <span class='ocrx_word' id='word_1_141' title='bbox 1421 1178 1495 1220; x_wconf 91' lang='lat' dir='ltr'><strong>pro</strong></span> <span class='ocrx_word' id='word_1_142' title='bbox 1516 1164 1591 1223; x_wconf 84' lang='grc' dir='ltr'><strong>μή·</strong></span> 
     </span>
     <span class='ocr_line' id='line_1_17' title="bbox 109 1227 1592 1285; baseline 0.005 -17"><span class='ocrx_word' id='word_1_143' title='bbox 109 1230 286 1280; x_wconf 75' lang='grc' dir='ltr'><strong>λινος,20</strong></span> <span class='ocrx_word' id='word_1_144' title='bbox 326 1241 419 1271; x_wconf 87' lang='lat' dir='ltr'><strong>nam</strong></span> <span class='ocrx_word' id='word_1_145' title='bbox 456 1227 643 1284; x_wconf 80' lang='grc' dir='ltr'><em>Ἐχινοῦς</em></span> <span class='ocrx_word' id='word_1_146' title='bbox 681 1237 720 1273; x_wconf 85' lang='lat' dir='ltr'><strong>et</strong></span> <span class='ocrx_word' id='word_1_147' title='bbox 760 1231 1013 1285; x_wconf 79' lang='grc' dir='ltr'><strong><em>Μυῤῥινοῦς</em></strong></span> <span class='ocrx_word' id='word_1_148' title='bbox 1053 1246 1077 1274; x_wconf 87' lang='lat' dir='ltr'><strong>a</strong></span> <span class='ocrx_word' id='word_1_149' title='bbox 1107 1234 1377 1276; x_wconf 80' lang='lat' dir='ltr'>substantivis</span> <span class='ocrx_word' id='word_1_150' title='bbox 1408 1234 1592 1276; x_wconf 81' lang='lat' dir='ltr'><strong>derivata</strong></span> 
     </span>
     <span class='ocr_line' id='line_1_18' title="bbox 109 1293 1588 1351; baseline 0.005 -17"><span class='ocrx_word' id='word_1_151' title='bbox 109 1300 219 1349; x_wconf 77' lang='lat' dir='ltr'><strong>vum,</strong></span> <span class='ocrx_word' id='word_1_152' title='bbox 250 1294 441 1348; x_wconf 80' lang='grc' dir='ltr'><strong><em>αἰγινόεις</em></strong></span> <span class='ocrx_word' id='word_1_153' title='bbox 470 1302 509 1338; x_wconf 89' lang='lat' dir='ltr'><strong>et</strong></span> <span class='ocrx_word' id='word_1_154' title='bbox 546 1293 745 1351; x_wconf 76' lang='grc' dir='ltr'><strong><em>ἀγχινόεις</em></strong></span> <span class='ocrx_word' id='word_1_155' title='bbox 774 1304 983 1351; x_wconf 83' lang='lat' dir='ltr'><strong>suspecta.</strong></span> <span class='ocrx_word' id='word_1_156' title='bbox 1041 1300 1187 1340; x_wconf 85' lang='lat' dir='ltr'><strong>Verum</strong></span> <span class='ocrx_word' id='word_1_157' title='bbox 1216 1299 1287 1340; x_wconf 89' lang='lat' dir='ltr'><strong>illa</strong></span> <span class='ocrx_word' id='word_1_158' title='bbox 1311 1301 1396 1351; x_wconf 84' lang='lat' dir='ltr'><strong>J‘am</strong></span> <span class='ocrx_word' id='word_1_159' title='bbox 1427 1299 1588 1341; x_wconf 78' lang='lat' dir='ltr'><strong>affectio</strong></span> 
     </span>
     <span class='ocr_line' id='line_1_19' title="bbox 111 1360 1589 1418; baseline 0.003 -17"><span class='ocrx_word' id='word_1_160' title='bbox 111 1360 190 1401; x_wconf 90' lang='lat' dir='ltr'><strong>dici</strong></span> <span class='ocrx_word' id='word_1_161' title='bbox 226 1365 368 1414; x_wconf 81' lang='lat' dir='ltr'><strong>potest.</strong></span> <span class='ocrx_word' id='word_1_162' title='bbox 407 1363 442 1404; x_wconf 88' lang='lat' dir='ltr'><strong>si</strong></span> <span class='ocrx_word' id='word_1_163' title='bbox 480 1368 630 1415; x_wconf 88' lang='lat' dir='ltr'><strong>poetae</strong></span> <span class='ocrx_word' id='word_1_164' title='bbox 669 1364 883 1416; x_wconf 76' lang='lat' dir='ltr'><strong>adjectivis</strong></span> <span class='ocrx_word' id='word_1_165' title='bbox 921 1365 1224 1418; x_wconf 81' lang='lat' dir='ltr'><strong>materialibus,</strong></span> <span class='ocrx_word' id='word_1_166' title='bbox 1264 1376 1435 1417; x_wconf 92' lang='lat' dir='ltr'><strong>quorum</strong></span> <span class='ocrx_word' id='word_1_167' title='bbox 1467 1369 1589 1407; x_wconf 90' lang='lat' dir='ltr'><strong>ante-</strong></span> 
     </span>
     <span class='ocr_line' id='line_1_20' title="bbox 110 1428 1587 1484; baseline 0.003 -17"><span class='ocrx_word' id='word_1_168' title='bbox 110 1428 334 1479; x_wconf 80' lang='lat' dir='ltr'><strong>penultima</strong></span> <span class='ocrx_word' id='word_1_169' title='bbox 353 1428 489 1482; x_wconf 83' lang='lat' dir='ltr'><strong>longa,</strong></span> <span class='ocrx_word' id='word_1_170' title='bbox 520 1429 682 1481; x_wconf 84' lang='lat' dir='ltr'><strong>epsilon</strong></span> <span class='ocrx_word' id='word_1_171' title='bbox 703 1431 907 1471; x_wconf 87' lang='lat' dir='ltr'><strong>inserunt:</strong></span> <span class='ocrx_word' id='word_1_172' title='bbox 939 1428 1128 1482; x_wconf 77' lang='grc' dir='ltr'><strong><em>ἐλαΐνεος,</em></strong></span> <span class='ocrx_word' id='word_1_173' title='bbox 1159 1430 1341 1484; x_wconf 76' lang='grc' dir='ltr'><strong><em>ἰτρίνεος,</em></strong></span> <span class='ocrx_word' id='word_1_174' title='bbox 1371 1430 1587 1484; x_wconf 79' lang='grc' dir='ltr'><strong><em>κεδρίνεος,</em></strong></span> 
     </span>
     <span class='ocr_line' id='line_1_21' title="bbox 110 1492 1589 1550; baseline 0.005 -18"><span class='ocrx_word' id='word_1_175' title='bbox 110 1492 331 1545; x_wconf 81' lang='grc' dir='ltr'><strong><em>λυγδίνεος,</em></strong></span> <span class='ocrx_word' id='word_1_176' title='bbox 360 1494 532 1544; x_wconf 79' lang='grc' dir='ltr'><strong><em>λαΐνεος,</em></strong></span> <span class='ocrx_word' id='word_1_177' title='bbox 562 1497 805 1547; x_wconf 78' lang='grc' dir='ltr'><strong><em>μυρικίνεος,</em></strong></span> <span class='ocrx_word' id='word_1_178' title='bbox 835 1495 1035 1548; x_wconf 76' lang='grc' dir='ltr'><strong><em>πυξίνεος,</em></strong></span> <span class='ocrx_word' id='word_1_179' title='bbox 1064 1497 1271 1550; x_wconf 79' lang='grc' dir='ltr'><strong><em>φηγίνεος,</em></strong></span> <span class='ocrx_word' id='word_1_180' title='bbox 1310 1508 1436 1550; x_wconf 85' lang='lat' dir='ltr'><strong>quare</strong></span> <span class='ocrx_word' id='word_1_181' title='bbox 1467 1498 1589 1540; x_wconf 81' lang='lat' dir='ltr'><strong>etiam</strong></span> 
     </span>
     <span class='ocr_line' id='line_1_22' title="bbox 110 1556 1588 1617; baseline 0.003 -18"><span class='ocrx_word' id='word_1_182' title='bbox 110 1569 186 1611; x_wconf 86' lang='lat' dir='ltr'><strong>pro</strong></span> <span class='ocrx_word' id='word_1_183' title='bbox 217 1556 485 1613; x_wconf 78' lang='grc' dir='ltr'><strong><em>ἐλεφαντίνην</em></strong></span> <span class='ocrx_word' id='word_1_184' title='bbox 514 1560 673 1603; x_wconf 82' lang='lat' dir='ltr'><strong>Coluth.</strong></span> <span class='ocrx_word' id='word_1_185' title='bbox 701 1562 796 1604; x_wconf 73' lang='lat'><strong>314.</strong></span> <span class='ocrx_word' id='word_1_186' title='bbox 827 1562 1155 1603; x_wconf 78' lang='lat' dir='ltr'><strong>substituendum</strong></span> <span class='ocrx_word' id='word_1_187' title='bbox 1188 1567 1252 1604; x_wconf 89' lang='lat' dir='ltr'><strong>est</strong></span> <span class='ocrx_word' id='word_1_188' title='bbox 1290 1559 1588 1617; x_wconf 79' lang='grc' dir='ltr'><strong><em>ἐλεφαντινὲην,</em></strong></span> 
     </span>
     <span class='ocr_line' id='line_1_23' title="bbox 111 1626 1590 1680; baseline 0.004 -16"><span class='ocrx_word' id='word_1_189' title='bbox 111 1635 191 1676; x_wconf 83' lang='lat' dir='ltr'><strong>quo</strong></span> <span class='ocrx_word' id='word_1_190' title='bbox 218 1626 343 1665; x_wconf 89' lang='lat' dir='ltr'><strong>utitur</strong></span> <span class='ocrx_word' id='word_1_191' title='bbox 374 1629 498 1677; x_wconf 89' lang='lat' dir='ltr'><strong>poeta</strong></span> <span class='ocrx_word' id='word_1_192' title='bbox 527 1626 569 1666; x_wconf 91' lang='lat' dir='ltr'><strong>in</strong></span> <span class='ocrx_word' id='word_1_193' title='bbox 596 1626 718 1667; x_wconf 80' lang='lat' dir='ltr'><strong>Anth.</strong></span> <span class='ocrx_word' id='word_1_194' title='bbox 746 1629 851 1680; x_wconf 84' lang='lat' dir='ltr'><strong>App.</strong></span> <span class='ocrx_word' id='word_1_195' title='bbox 881 1639 920 1668; x_wconf 90' lang='lat' dir='ltr'><strong>n.</strong></span> <span class='ocrx_word' id='word_1_196' title='bbox 952 1628 1045 1670; x_wconf 84' lang='lat'><strong>209.</strong></span> <span class='ocrx_word' id='word_1_197' title='bbox 1113 1627 1269 1668; x_wconf 87' lang='lat' dir='ltr'><strong>Eodem</strong></span> <span class='ocrx_word' id='word_1_198' title='bbox 1302 1626 1424 1669; x_wconf 91' lang='lat' dir='ltr'><strong>modo</strong></span> <span class='ocrx_word' id='word_1_199' title='bbox 1456 1628 1590 1670; x_wconf 86' lang='lat' dir='ltr'><strong>Latini</strong></span> 
     </span>
     <span class='ocr_line' id='line_1_24' title="bbox 110 1690 1590 1747; baseline 0.004 -18"><span class='ocrx_word' id='word_1_200' title='bbox 110 1690 313 1730; x_wconf 86' lang='lat' dir='ltr'><strong>vocabula</strong></span> <span class='ocrx_word' id='word_1_201' title='bbox 340 1691 411 1730; x_wconf 87' lang='lat' dir='ltr'><strong>illa</strong></span> <span class='ocrx_word' id='word_1_202' title='bbox 440 1695 590 1742; x_wconf 85' lang='lat' dir='ltr'><strong>augent</strong></span> <span class='ocrx_word' id='word_1_203' title='bbox 613 1702 696 1732; x_wconf 90' lang='lat' dir='ltr'><strong>non</strong></span> <span class='ocrx_word' id='word_1_204' title='bbox 716 1693 850 1734; x_wconf 89' lang='lat' dir='ltr'><strong>solum</strong></span> <span class='ocrx_word' id='word_1_205' title='bbox 871 1704 976 1747; x_wconf 86' lang='lat' dir='ltr'><strong>quae</strong></span> <span class='ocrx_word' id='word_1_206' title='bbox 995 1693 1207 1733; x_wconf 83' lang='lat' dir='ltr'><strong>materiam</strong></span> <span class='ocrx_word' id='word_1_207' title='bbox 1223 1692 1453 1746; x_wconf 81' lang='lat' dir='ltr'><strong>significant</strong></span> <span class='ocrx_word' id='word_1_208' title='bbox 1472 1694 1590 1735; x_wconf 88' lang='lat' dir='ltr'><strong>abie-</strong></span> 
     </span>
     <span class='ocr_line' id='line_1_25' title="bbox 109 1755 1591 1813; baseline 0.003 -18"><span class='ocrx_word' id='word_1_209' title='bbox 109 1755 269 1809; x_wconf 84' lang='lat' dir='ltr'><strong>gineus‚</strong></span> <span class='ocrx_word' id='word_1_210' title='bbox 299 1757 534 1810; x_wconf 86' lang='lat' dir='ltr'><strong>coccineus,</strong></span> <span class='ocrx_word' id='word_1_211' title='bbox 565 1757 764 1809; x_wconf 78' lang='lat' dir='ltr'><strong>fagineus,</strong></span> <span class='ocrx_word' id='word_1_212' title='bbox 795 1758 1047 1813; x_wconf 82' lang='lat' dir='ltr'><strong>oleagineus‚</strong></span> <span class='ocrx_word' id='word_1_213' title='bbox 1085 1758 1407 1812; x_wconf 86' lang='lat' dir='ltr'><strong>smaragdineus‚</strong></span> <span class='ocrx_word' id='word_1_214' title='bbox 1437 1759 1591 1812; x_wconf 49' lang='lat' dir='ltr'><strong>tiliagia</strong></span> 
     </span>
     <span class='ocr_line' id='line_1_26' title="bbox 110 1821 1589 1879; baseline 0.003 -17"><span class='ocrx_word' id='word_1_215' title='bbox 110 1833 226 1875; x_wconf 88' lang='lat' dir='ltr'><strong>neus,</strong></span> <span class='ocrx_word' id='word_1_216' title='bbox 257 1821 331 1863; x_wconf 89' lang='lat' dir='ltr'><strong>sed</strong></span> <span class='ocrx_word' id='word_1_217' title='bbox 364 1823 485 1863; x_wconf 86' lang='lat' dir='ltr'><strong>etiam</strong></span> <span class='ocrx_word' id='word_1_218' title='bbox 515 1834 620 1875; x_wconf 90' lang='lat' dir='ltr'><strong>quae</strong></span> <span class='ocrx_word' id='word_1_219' title='bbox 651 1823 833 1865; x_wconf 85' lang='lat' dir='ltr'><strong>colorem</strong></span> <span class='ocrx_word' id='word_1_220' title='bbox 863 1825 1063 1879; x_wconf 87' lang='lat' dir='ltr'><strong>albineus,</strong></span> <span class='ocrx_word' id='word_1_221' title='bbox 1094 1824 1332 1878; x_wconf 58' lang='lat' dir='ltr'><strong>caliginem,</strong></span> <span class='ocrx_word' id='word_1_222' title='bbox 1361 1823 1589 1876; x_wconf 85' lang='lat' dir='ltr'><strong>galbineus‚</strong></span> 
     </span>
     <span class='ocr_line' id='line_1_27' title="bbox 111 1887 1590 1944; baseline 0.002 -16"><span class='ocrx_word' id='word_1_223' title='bbox 111 1887 324 1930; x_wconf 86' lang='lat' dir='ltr'><strong>lactineus.</strong></span> <span class='ocrx_word' id='word_1_224' title='bbox 384 1887 466 1930; x_wconf 90' lang='lat' dir='ltr'><strong>Sed</strong></span> <span class='ocrx_word' id='word_1_225' title='bbox 497 1888 627 1930; x_wconf 82' lang='lat' dir='ltr'><strong>differt</strong></span> <span class='ocrx_word' id='word_1_226' title='bbox 657 1889 766 1941; x_wconf 89' lang='lat' dir='ltr'><strong>quod</strong></span> <span class='ocrx_word' id='word_1_227' title='bbox 795 1890 898 1931; x_wconf 88' lang='lat' dir='ltr'><strong>haec</strong></span> <span class='ocrx_word' id='word_1_228' title='bbox 928 1891 1132 1931; x_wconf 89' lang='lat' dir='ltr'><strong>sermonis</strong></span> <span class='ocrx_word' id='word_1_229' title='bbox 1166 1894 1261 1931; x_wconf 87' lang='lat' dir='ltr'><strong>sunt</strong></span> <span class='ocrx_word' id='word_1_230' title='bbox 1292 1891 1482 1944; x_wconf 86' lang='lat' dir='ltr'><strong>propria,</strong></span> <span class='ocrx_word' id='word_1_231' title='bbox 1520 1890 1590 1932; x_wconf 91' lang='lat' dir='ltr'><strong>illa</strong></span> 
     </span>
    </p>
   </div>
   <div class='ocr_carea' id='block_1_3' title="bbox 110 2074 1590 2630">
    <p class='ocr_par' dir='ltr' id='par_1_3' title="bbox 111 2074 1590 2289">
     <span class='ocr_line' id='line_1_28' title="bbox 204 2074 1589 2120; baseline 0.004 -12"><span class='ocrx_word' id='word_1_232' title='bbox 204 2075 261 2118; x_wconf 81' lang='grc'><strong>18)</strong></span> <span class='ocrx_word' id='word_1_233' title='bbox 286 2075 438 2109; x_wconf 58' lang='grc' dir='ltr'><strong>Πελιιιόν</strong></span> <span class='ocrx_word' id='word_1_234' title='bbox 462 2074 500 2109; x_wconf 83' lang='grc' dir='ltr'><strong>τὸ</strong></span> <span class='ocrx_word' id='word_1_235' title='bbox 527 2074 698 2109; x_wconf 62' lang='grc' dir='ltr'><strong><em>πελιδνόν</em></strong></span> <span class='ocrx_word' id='word_1_236' title='bbox 730 2076 864 2112; x_wconf 82' lang='lat' dir='ltr'><strong>Aneed.</strong></span> <span class='ocrx_word' id='word_1_237' title='bbox 892 2076 1001 2113; x_wconf 82' lang='lat' dir='ltr'><strong>Bekk.</strong></span> <span class='ocrx_word' id='word_1_238' title='bbox 1038 2077 1115 2113; x_wconf 88' lang='lat'><strong>293.</strong></span> <span class='ocrx_word' id='word_1_239' title='bbox 1150 2076 1291 2110; x_wconf 80' lang='lat' dir='ltr'><strong>forsitan</strong></span> <span class='ocrx_word' id='word_1_240' title='bbox 1317 2079 1514 2120; x_wconf 85' lang='lat' dir='ltr'><strong>corruptum</strong></span> <span class='ocrx_word' id='word_1_241' title='bbox 1546 2086 1589 2113; x_wconf 78' lang='lat' dir='ltr'><strong>ex</strong></span> 
     </span>
     <span class='ocr_line' id='line_1_29' title="bbox 112 2127 1590 2176; baseline 0.002 -14"><span class='ocrx_word' id='word_1_242' title='bbox 112 2128 253 2169; x_wconf 72' lang='grc' dir='ltr'><strong><em>πελιόν,</em></strong></span> <span class='ocrx_word' id='word_1_243' title='bbox 288 2132 402 2167; x_wconf 85' lang='lat' dir='ltr'><strong>simile</strong></span> <span class='ocrx_word' id='word_1_244' title='bbox 427 2134 541 2166; x_wconf 78' lang='lat' dir='ltr'><strong>tamen</strong></span> <span class='ocrx_word' id='word_1_245' title='bbox 575 2131 738 2166; x_wconf 82' lang='lat' dir='ltr'><strong>Nicandri</strong></span> <span class='ocrx_word' id='word_1_246' title='bbox 763 2132 869 2168; x_wconf 87' lang='lat' dir='ltr'><strong>verbo</strong></span> <span class='ocrx_word' id='word_1_247' title='bbox 896 2131 1068 2176; x_wconf 79' lang='grc' dir='ltr'><strong><em>ἐχιναΐος.</em></strong></span> <span class='ocrx_word' id='word_1_248' title='bbox 1116 2131 1180 2166; x_wconf 88' lang='lat' dir='ltr'><strong>Pro</strong></span> <span class='ocrx_word' id='word_1_249' title='bbox 1215 2127 1369 2165; x_wconf 71' lang='grc' dir='ltr'><strong><em>ὀθόνιον</em></strong></span> <span class='ocrx_word' id='word_1_250' title='bbox 1398 2130 1590 2176; x_wconf 77' lang='grc' dir='ltr'><strong><em>πρόςωπον</em></strong></span> 
     </span>
     <span class='ocr_line' id='line_1_30' title="bbox 111 2185 1587 2230; baseline 0.002 -11"><span class='ocrx_word' id='word_1_251' title='bbox 111 2186 145 2219; x_wconf 87' lang='lat' dir='ltr'><strong>in</strong></span> <span class='ocrx_word' id='word_1_252' title='bbox 171 2185 305 2230; x_wconf 81' lang='lat' dir='ltr'><strong>Fragm.</strong></span> <span class='ocrx_word' id='word_1_253' title='bbox 333 2186 428 2222; x_wconf 88' lang='lat' dir='ltr'><strong>Com.</strong></span> <span class='ocrx_word' id='word_1_254' title='bbox 454 2186 490 2221; x_wconf 92' lang='lat' dir='ltr'><strong>T.</strong></span> <span class='ocrx_word' id='word_1_255' title='bbox 517 2187 561 2221; x_wconf 92' lang='grc' dir='ltr'><strong>ΙΙ.</strong></span> <span class='ocrx_word' id='word_1_256' title='bbox 589 2187 665 2223; x_wconf 88' lang='grc'><strong>663.</strong></span> <span class='ocrx_word' id='word_1_257' title='bbox 692 2197 724 2221; x_wconf 90' lang='lat' dir='ltr'><strong>n.</strong></span> <span class='ocrx_word' id='word_1_258' title='bbox 751 2187 807 2222; x_wconf 92' lang='lat' dir='ltr'><strong>IX.</strong></span> <span class='ocrx_word' id='word_1_259' title='bbox 833 2187 1054 2223; x_wconf 87' lang='lat' dir='ltr'><strong>scribendum</strong></span> <span class='ocrx_word' id='word_1_260' title='bbox 1080 2190 1133 2223; x_wconf 82' lang='lat' dir='ltr'><strong>est</strong></span> <span class='ocrx_word' id='word_1_261' title='bbox 1165 2186 1362 2225; x_wconf 69' lang='grc' dir='ltr'><strong><em>ὀθόνινον,</em></strong></span> <span class='ocrx_word' id='word_1_262' title='bbox 1401 2196 1469 2223; x_wconf 82' lang='lat' dir='ltr'><strong>uec</strong></span> <span class='ocrx_word' id='word_1_263' title='bbox 1493 2189 1587 2224; x_wconf 84' lang='lat' dir='ltr'><strong>exti-</strong></span> 
     </span>
     <span class='ocr_line' id='line_1_31' title="bbox 113 2242 1393 2289; baseline 0 -14"><span class='ocrx_word' id='word_1_264' title='bbox 113 2242 301 2277; x_wconf 86' lang='lat' dir='ltr'><strong>mescenda</strong></span> <span class='ocrx_word' id='word_1_265' title='bbox 328 2243 512 2286; x_wconf 82' lang='lat' dir='ltr'><strong>epallelia3</strong></span> <span class='ocrx_word' id='word_1_266' title='bbox 538 2252 615 2276; x_wconf 87' lang='lat' dir='ltr'><strong>nam</strong></span> <span class='ocrx_word' id='word_1_267' title='bbox 643 2242 768 2277; x_wconf 85' lang='lat' dir='ltr'><strong>dicitur</strong></span> <span class='ocrx_word' id='word_1_268' title='bbox 792 2243 997 2286; x_wconf 70' lang='grc' dir='ltr'><strong><em>βαλάνινος,</em></strong></span> <span class='ocrx_word' id='word_1_269' title='bbox 1024 2245 1195 2286; x_wconf 73' lang='grc' dir='ltr'><strong><em>σχίνινος,</em></strong></span> <span class='ocrx_word' id='word_1_270' title='bbox 1222 2244 1393 2289; x_wconf 74' lang='grc' dir='ltr'><strong><em>πρίνινος.</em></strong></span> 
     </span>
    </p>

    <p class='ocr_par' dir='ltr' id='par_1_4' title="bbox 110 2301 1590 2458">
     <span class='ocr_line' id='line_1_32' title="bbox 202 2301 1589 2349; baseline 0.002 -15"><span class='ocrx_word' id='word_1_271' title='bbox 202 2302 261 2346; x_wconf 82' lang='grc'><strong>19)</strong></span> <span class='ocrx_word' id='word_1_272' title='bbox 288 2303 419 2340; x_wconf 71' lang='grc' dir='ltr'><strong><em>’Ἄνθος</em></strong></span> <span class='ocrx_word' id='word_1_273' title='bbox 440 2321 482 2327; x_wconf 89' lang='grc'>-</span> <span class='ocrx_word' id='word_1_274' title='bbox 515 2303 577 2335; x_wconf 81' lang='grc' dir='ltr'><strong>καὶ</strong></span> <span class='ocrx_word' id='word_1_275' title='bbox 608 2302 760 2340; x_wconf 72' lang='grc' dir='ltr'><strong><em>ἄνθινος</em></strong></span> <span class='ocrx_word' id='word_1_276' title='bbox 791 2301 836 2340; x_wconf 73' lang='grc' dir='ltr'><strong>ὡς</strong></span> <span class='ocrx_word' id='word_1_277' title='bbox 868 2301 1049 2349; x_wconf 81' lang='grc' dir='ltr'><strong><em>χρύσινος·</em></strong></span> <span class='ocrx_word' id='word_1_278' title='bbox 1087 2302 1176 2336; x_wconf 74' lang='grc' dir='ltr'><strong>ἀλλὰ</strong></span> <span class='ocrx_word' id='word_1_279' title='bbox 1203 2301 1242 2336; x_wconf 85' lang='grc' dir='ltr'><strong>τὸ</strong></span> <span class='ocrx_word' id='word_1_280' title='bbox 1266 2302 1337 2347; x_wconf 74' lang='grc' dir='ltr'><strong>μὲν</strong></span> <span class='ocrx_word' id='word_1_281' title='bbox 1364 2304 1527 2343; x_wconf 55' lang='lat' dir='ltr'><strong>(tranum,</strong></span> <span class='ocrx_word' id='word_1_282' title='bbox 1556 2305 1589 2339; x_wconf 78' lang='grc' dir='ltr'><strong>εἰ</strong></span> 
     </span>
     <span class='ocr_line' id='line_1_33' title="bbox 110 2355 1590 2405; baseline 0.002 -15"><span class='ocrx_word' id='word_1_283' title='bbox 110 2355 160 2398; x_wconf 82' lang='grc' dir='ltr'><strong>μὴ</strong></span> <span class='ocrx_word' id='word_1_284' title='bbox 185 2359 365 2402; x_wconf 77' lang='grc' dir='ltr'><strong><em>στέφανος</em></strong></span> <span class='ocrx_word' id='word_1_285' title='bbox 386 2361 612 2405; x_wconf 71' lang='grc' dir='ltr'><strong><em>προςκεῖται,</em></strong></span> <span class='ocrx_word' id='word_1_286' title='bbox 639 2357 758 2395; x_wconf 70' lang='grc' dir='ltr'><em>ἀτελές</em></span> <span class='ocrx_word' id='word_1_287' title='bbox 782 2357 867 2396; x_wconf 75' lang='grc' dir='ltr'><em>ἔστι,</em></span> <span class='ocrx_word' id='word_1_288' title='bbox 894 2357 932 2391; x_wconf 88' lang='grc' dir='ltr'><strong>τὸ</strong></span> <span class='ocrx_word' id='word_1_289' title='bbox 958 2357 997 2391; x_wconf 74' lang='grc' dir='ltr'><strong>δὲ</strong></span> <span class='ocrx_word' id='word_1_290' title='bbox 1021 2356 1193 2403; x_wconf 82' lang='grc' dir='ltr'><strong><em>χρύσινος</em></strong></span> <span class='ocrx_word' id='word_1_291' title='bbox 1217 2357 1336 2402; x_wconf 83' lang='grc' dir='ltr'><strong><em>μόνον</em></strong></span> <span class='ocrx_word' id='word_1_292' title='bbox 1366 2358 1424 2393; x_wconf 76' lang='grc' dir='ltr'><strong>ἀεὶ</strong></span> <span class='ocrx_word' id='word_1_293' title='bbox 1446 2359 1590 2404; x_wconf 78' lang='grc' dir='ltr'><em>λέγεται</em></span> 
     </span>
     <span class='ocr_line' id='line_1_34' title="bbox 113 2412 912 2458; baseline 0.001 -13"><span class='ocrx_word' id='word_1_294' title='bbox 113 2413 173 2445; x_wconf 82' lang='grc' dir='ltr'><strong>καὶ</strong></span> <span class='ocrx_word' id='word_1_295' title='bbox 198 2412 306 2454; x_wconf 71' lang='grc' dir='ltr'><em>δηλοῖ</em></span> <span class='ocrx_word' id='word_1_296' title='bbox 326 2412 490 2458; x_wconf 79' lang='grc' dir='ltr'><strong><em>νόμισμα</em></strong></span> <span class='ocrx_word' id='word_1_297' title='bbox 515 2413 694 2457; x_wconf 87' lang='lat' dir='ltr'><strong>Moschop.</strong></span> <span class='ocrx_word' id='word_1_298' title='bbox 724 2413 815 2448; x_wconf 89' lang='lat' dir='ltr'><strong>Dict.</strong></span> <span class='ocrx_word' id='word_1_299' title='bbox 844 2412 912 2448; x_wconf 85' lang='lat' dir='ltr'><strong>Att.</strong></span> 
     </span>
    </p>

    <p class='ocr_par' dir='ltr' id='par_1_5' title="bbox 112 2473 1588 2630">
     <span class='ocr_line' id='line_1_35' title="bbox 199 2473 1588 2519; baseline 0.003 -14"><span class='ocrx_word' id='word_1_300' title='bbox 199 2473 259 2516; x_wconf 82' lang='lat'><strong>20]</strong></span> <span class='ocrx_word' id='word_1_301' title='bbox 281 2473 463 2518; x_wconf 62' lang='grc' dir='ltr'><em>Ἰχθύϊιός</em></span> <span class='ocrx_word' id='word_1_302' title='bbox 490 2477 525 2510; x_wconf 84' lang='lat' dir='ltr'><strong>et</strong></span> <span class='ocrx_word' id='word_1_303' title='bbox 550 2473 710 2511; x_wconf 81' lang='grc' dir='ltr'><strong><em>πιτύϊνος</em></strong></span> <span class='ocrx_word' id='word_1_304' title='bbox 734 2483 802 2509; x_wconf 91' lang='lat' dir='ltr'><strong>non</strong></span> <span class='ocrx_word' id='word_1_305' title='bbox 827 2473 1010 2509; x_wconf 91' lang='lat' dir='ltr'><strong>admodum</strong></span> <span class='ocrx_word' id='word_1_306' title='bbox 1033 2474 1173 2517; x_wconf 87' lang='lat' dir='ltr'><strong>antiqua</strong></span> <span class='ocrx_word' id='word_1_307' title='bbox 1197 2476 1285 2517; x_wconf 88' lang='lat' dir='ltr'><strong>sunt,</strong></span> <span class='ocrx_word' id='word_1_308' title='bbox 1310 2473 1498 2519; x_wconf 79' lang='grc' dir='ltr'><strong><em>βοτρύϊνος</em></strong></span> <span class='ocrx_word' id='word_1_309' title='bbox 1520 2484 1588 2510; x_wconf 90' lang='lat' dir='ltr'><strong>non</strong></span> 
     </span>
     <span class='ocr_line' id='line_1_36' title="bbox 112 2528 1587 2574; baseline 0.003 -12"><span class='ocrx_word' id='word_1_310' title='bbox 112 2530 282 2571; x_wconf 80' lang='lat' dir='ltr'><strong>reperitur</strong></span> <span class='ocrx_word' id='word_1_311' title='bbox 314 2530 421 2565; x_wconf 82' lang='lat' dir='ltr'><strong>hodie</strong></span> <span class='ocrx_word' id='word_1_312' title='bbox 455 2529 517 2565; x_wconf 87' lang='lat' dir='ltr'><strong>sed</strong></span> <span class='ocrx_word' id='word_1_313' title='bbox 550 2530 678 2564; x_wconf 90' lang='lat' dir='ltr'><strong>Suidus</strong></span> <span class='ocrx_word' id='word_1_314' title='bbox 715 2528 857 2573; x_wconf 84' lang='grc' dir='ltr'><strong><em>Βότρυν</em></strong></span> <span class='ocrx_word' id='word_1_315' title='bbox 889 2528 952 2570; x_wconf 80' lang='grc' dir='ltr'><strong>τὴν</strong></span> <span class='ocrx_word' id='word_1_316' title='bbox 975 2528 1149 2574; x_wconf 74' lang='grc' dir='ltr'><strong><em>βοτρυΐαν</em></strong></span> <span class='ocrx_word' id='word_1_317' title='bbox 1173 2528 1344 2574; x_wconf 80' lang='grc' dir='ltr'><strong><em>ὀπώραν,</em></strong></span> <span class='ocrx_word' id='word_1_318' title='bbox 1380 2531 1473 2574; x_wconf 87' lang='lat' dir='ltr'><strong>quod</strong></span> <span class='ocrx_word' id='word_1_319' title='bbox 1511 2532 1587 2567; x_wconf 86' lang='lat' dir='ltr'><strong>Sine</strong></span> 
     </span>
     <span class='ocr_line' id='line_1_37' title="bbox 114 2582 1586 2630; baseline 0.002 -14"><span class='ocrx_word' id='word_1_320' title='bbox 114 2582 264 2618; x_wconf 83' lang='lat' dir='ltr'><strong>diaeresi</strong></span> <span class='ocrx_word' id='word_1_321' title='bbox 299 2584 519 2620; x_wconf 89' lang='lat' dir='ltr'><strong>scribendum</strong></span> <span class='ocrx_word' id='word_1_322' title='bbox 556 2585 694 2621; x_wconf 85' lang='lat' dir='ltr'><strong>videtur</strong></span> <span class='ocrx_word' id='word_1_323' title='bbox 736 2588 774 2619; x_wconf 91' lang='lat' dir='ltr'><strong>ut</strong></span> <span class='ocrx_word' id='word_1_324' title='bbox 807 2583 952 2626; x_wconf 75' lang='grc' dir='ltr'><strong><em>νήδυιος</em></strong></span> <span class='ocrx_word' id='word_1_325' title='bbox 993 2589 1059 2621; x_wconf 84' lang='lat' dir='ltr'><strong>etc.</strong></span> <span class='ocrx_word' id='word_1_326' title='bbox 1118 2586 1182 2620; x_wconf 94' lang='lat' dir='ltr'><strong>Pro</strong></span> <span class='ocrx_word' id='word_1_327' title='bbox 1216 2584 1407 2630; x_wconf 78' lang='grc' dir='ltr'><strong><em>Μαχλυΐνη</em></strong></span> <span class='ocrx_word' id='word_1_328' title='bbox 1445 2586 1586 2621; x_wconf 84' lang='lat' dir='ltr'><strong>Lucian.</strong></span> 
     </span>
    </p>
   </div>
   <div class='ocr_carea' id='block_1_4' title="bbox 110 2637 1585 2740">
    <p class='ocr_par' dir='ltr' id='par_1_6' title="bbox 110 2637 1585 2740">
     <span class='ocr_line' id='line_1_38' title="bbox 111 2637 1585 2685; baseline 0.008 -14"><span class='ocrx_word' id='word_1_329' title='bbox 111 2637 232 2672; x_wconf 83' lang='lat' dir='ltr'><strong>Toxar.</strong></span> <span class='ocrx_word' id='word_1_330' title='bbox 259 2640 290 2679; x_wconf 83' lang='lat'><strong>§.</strong></span> <span class='ocrx_word' id='word_1_331' title='bbox 319 2641 373 2675; x_wconf 75' lang='lat'><strong>44.</strong></span> <span class='ocrx_word' id='word_1_332' title='bbox 401 2645 497 2676; x_wconf 86' lang='lat' dir='ltr'><strong>recte</strong></span> <span class='ocrx_word' id='word_1_333' title='bbox 523 2651 613 2675; x_wconf 89' lang='lat' dir='ltr'><strong>nunc</strong></span> <span class='ocrx_word' id='word_1_334' title='bbox 637 2641 797 2677; x_wconf 83' lang='lat' dir='ltr'><strong>scribitur</strong></span> <span class='ocrx_word' id='word_1_335' title='bbox 816 2639 1016 2685; x_wconf 74' lang='grc' dir='ltr'><strong><em>Μαχλυηνή</em></strong></span> <span class='ocrx_word' id='word_1_336' title='bbox 1038 2644 1118 2684; x_wconf 75' lang='lat' dir='ltr'><strong>typo</strong></span> <span class='ocrx_word' id='word_1_337' title='bbox 1143 2641 1336 2683; x_wconf 64' lang='lat' dir='ltr'><strong>anatoliam</strong></span> <span class='ocrx_word' id='word_1_338' title='bbox 1360 2651 1490 2685; x_wconf 74' lang='lat' dir='ltr'><strong>graeco</strong></span> <span class='ocrx_word' id='word_1_339' title='bbox 1507 2652 1585 2678; x_wconf 72' lang='lat' dir='ltr'><strong>ma-</strong></span> 
     </span>
     <span class='ocr_line' id='line_1_39' title="bbox 110 2693 668 2740; baseline 0.009 -15"><span class='ocrx_word' id='word_1_340' title='bbox 110 2693 164 2736; x_wconf 85' lang='lat' dir='ltr'><strong>gis</strong></span> <span class='ocrx_word' id='word_1_341' title='bbox 191 2695 419 2734; x_wconf 73' lang='grc' dir='ltr'><strong><em>Λιβυστῖνος,</em></strong></span> <span class='ocrx_word' id='word_1_342' title='bbox 446 2699 668 2740; x_wconf 77' lang='grc' dir='ltr'><strong>Λιγυστῒνος.</strong></span> 
     </span>
    </p>
   </div>
  </div>
 </body>
</html>
