1731 3021
188 132 247 173 24
666 131 1096 176 DISSERTATIO
1144 132 1172 175 1.

191 242 315 292 eupat
343 242 387 280 ut
415 238 536 293 finis,
568 243 726 293 certer,
758 253 921 293 ιηανῃο,
952 252 1067 293 qruS,
1100 240 1222 292 bubo,
1256 240 1385 283 dama
1413 241 1542 285 eto.¹⁰
1595 242 1667 285 ln-

192 311 254 347 ter
291 306 529 357 promiscua
567 310 701 347 autem
740 311 780 347 et
819 307 1048 348 eommunia
1076 306 1156 347 hoe
1187 305 1318 347 differt
1348 306 1458 359 quod
1486 307 1559 349 illa
1585 319 1667 350 una

191 381 296 410 voce
315 374 355 411 et
376 383 456 413 uno
478 372 649 413 articulo
672 372 885 425 utriusque
906 377 1077 413 naturae
1098 372 1288 412 animalia
1302 373 1544 427 significant,
1565 373 1668 416 haec

193 439 328 477 antem
366 437 528 490 adjecto
567 438 794 479 masculino
835 438 1007 479 articulo
1053 449 1188 479 mares
1226 437 1429 492 indicant,
1475 439 1668 482 feminino

194 502 418 544 feminasll
448 499 471 543 ὁ
499 500 599 550 θεός
633 499 659 556 ἡ
697 500 816 554 θεός,
856 500 879 544 ὁ
910 501 1134 556 ἄνθρωπος
1169 499 1195 556 ἡ
1225 500 1474 557 ἄνθρωπος,
1504 499 1528 544 ὁ
1555 501 1672 553 κάσις

193 563 221 621 ἡ
251 565 381 620 κάσις,
412 564 435 609 ὁ
465 565 603 620 πέρδιξ
631 564 657 623 ἡ
686 564 838 621 πέρδιξ,
869 564 892 609 ὁ
921 569 1086 622 αἴγιθος
1113 565 1140 623 ἡ
1170 569 1334 622 azymos
1361 570 1497 621 Antig.
1525 569 1670 612 Parad.

196 643 229 674 e.
257 633 322 675 63.
380 635 666 676 Verumtamen
703 635 746 675 in
786 635 931 675 bestiis
970 635 1048 675 hoe
1079 639 1268 676 servatur
1295 635 1452 686 minus;
1496 645 1671 687 namque

196 710 400 753 persaepe
432 700 576 742 Graeci
607 712 728 753 quum
758 699 950 741 distinete
979 711 1114 740 mares
1145 700 1374 751 significare
1402 699 1566 753 volunt,
1609 701 1674 742 se-

196 765 348 806 minino
384 770 551 807 utuntur
582 771 621 807 et
651 770 816 807 eontra:
864 765 907 805 αἱ
944 763 1090 818 ἔλαφοι
1124 761 1174 804 τὰ
1211 761 1362 818 κέρατα
1398 760 1675 818 ἀποβάλλουσι

195 831 323 872 Arist.
348 831 395 872 H.
424 833 472 872 A.
502 833 530 873 I.
560 832 596 873 5.
626 829 676 872 τὰ
702 828 852 884 κέρατα
880 831 951 884 τῆς
980 826 1138 885 ἐλάφου
1167 829 1304 872 Galen.
1332 829 1382 871 de
1411 831 1550 884 Simpl.
1568 830 1674 874 Med.

196 895 261 936 XI.
291 897 327 950 7,
355 896 447 938 334.
480 898 522 938 T.
549 896 633 938 XII.
672 907 844 948 quorum
881 901 1026 937 neuter
1068 897 1231 948 ignorat
1269 907 1482 938 cervarum
1519 907 1675 939 cornua

196 960 309 1002 nulla
338 972 434 1002 esse
463 962 577 1004 Poet.
605 962 725 1004 XXV.
756 962 805 1003 de
836 963 984 1004 Semin.
1004 962 1050 1003 ΙΙ.
1070 962 1161 1004 629.
1194 962 1235 1003 Τ.
1256 962 1318 1004 IV.
1334 962 1369 987 ¹2

309 1042 347 1086 §.
378 1037 415 1080 3.
471 1039 584 1080 Haee
614 1043 748 1080 autem
779 1039 997 1092 syllepsis,
1045 1050 1150 1091 quae
1180 1040 1220 1079 in
1259 1039 1471 1091 epicoenis
1511 1050 1675 1093 quoque

198 1107 392 1157 apparet,
432 1104 483 1146 ad
520 1109 690 1147 naturas
723 1105 896 1146 rationis
936 1108 976 1144 et
1004 1104 1299 1156 intelligentiae
1329 1105 1554 1158 participes
1591 1116 1677 1147 non
1724 1107 1726 1110 ’

290 1272 348 1316 10)
398 1271 482 1307 Sunt
515 1274 619 1308 etiam
654 1272 792 1306 nomina
824 1272 931 1316 ignoti
968 1272 1127 1315 generis,
1177 1279 1267 1315 quae
1300 1279 1367 1305 nee
1400 1271 1677 1308 terminationem

201 1325 474 1362 charactislicam
498 1338 612 1372 neque
638 1328 816 1362 articulum
841 1328 1077 1371 praepositum
1097 1326 1226 1361 habent
1248 1329 1285 1361 ut
1298 1326 1466 1370 pleraque
1485 1336 1505 1360 a
1526 1326 1677 1362 Glosse-

200 1382 339 1426 grapllis
364 1384 489 1418 tradita
512 1387 688 1427 βίττακος,
713 1381 881 1426 βηῧύλος,
907 1381 1056 1429 γράπις,
1082 1381 1306 1427 γραύκαλος,
1335 1380 1527 1420 &dunning
1554 1381 1677 1427 δρύοψ

200 1438 274 1480 (eui
298 1437 552 1484 Lexieographi
579 1445 668 1472 motu
690 1439 829 1482 proprio
856 1438 1035 1472 articulum
1062 1447 1167 1472 masc.
1194 1435 1417 1481 praefigunt),
1444 1439 1533 1482 ἴβυξ,
1561 1437 1676 1472 κόντι-

199 1497 270 1536 λος,
295 1498 515 1545 σμήρινθος,
540 1500 769 1544 σπὲργουλος,
799 1497 969 1545 τετράων,
996 1498 1088 1542 quod
1116 1499 1145 1532 Si
1169 1507 1232 1542 per
1257 1510 1347 1535 ωνος
1373 1497 1576 1544 declinatur,
1601 1500 1678 1536 Sine

202 1553 306 1590 dubio
331 1557 558 1590 masculinum
584 1559 657 1591 est.-

292 1622 350 1666 11]
376 1622 492 1658 Schol.
518 1623 618 1657 Dion.
636 1632 669 1666 p.
687 1621 766 1658 846.
794 1620 858 1662 τὴν
883 1619 1067 1665 διάκρισιν
1091 1619 1163 1653 τῶν
1186 1619 1304 1665 γενῶν
1328 1618 1346 1662 ἦ
1371 1619 1610 1667 γραμματικὴ
1638 1620 1678 1654 οὔ

201 1675 295 1711 κατὰ
325 1677 390 1719 τὴν
421 1677 599 1719 ἀλήθειαν
621 1681 721 1712 ποιεῖ
742 1677 831 1712 ἀλλὰ
855 1676 947 1709 κατὰ
972 1675 1036 1716 τὴν
1062 1674 1230 1714 σύνταξιν
1257 1675 1329 1709 τῶν
1353 1676 1505 1720 ἄρθρων
1528 1676 1590 1709 καὶ
1617 1675 1681 1718 τὴν

201 1733 400 1776 εὐφωνίαν,
428 1737 463 1768 et
486 1744 519 1777 p.
546 1733 622 1769 902.
658 1733 700 1766 τὰ
731 1735 816 1778 γένη
849 1731 886 1770 ἐξ
912 1731 1096 1775 ἀκριβείας
1129 1731 1168 1764 οὗ
1194 1729 1420 1774 λαμβάνεται
1452 1730 1524 1764 ἀλλ’
1551 1730 1590 1764 ἐκ
1621 1732 1682 1773 τῆς

201 1786 403 1825 συντάξεως
436 1789 498 1821 καὶ
530 1789 591 1829 τῆς
616 1788 799 1832 εὐφωνίας
828 1788 900 1820 τῶν
925 1786 1152 1831 ἀνθρώπων,
1186 1786 1246 1820 ubi
1276 1786 1429 1831 ἄρθρων
1458 1787 1680 1823 scribendum

203 1847 239 1879 et
261 1847 408 1888 utroque
433 1844 512 1878 loco
538 1845 774 1888 συμφωνίας,
808 1843 903 1886 quod
928 1852 1053 1878 nomen
1077 1842 1172 1876 Plato
1201 1841 1274 1876 Civ.
1301 1841 1357 1877 IX.
1383 1842 1460 1878 591.
1498 1852 1576 1878 cum
1599 1841 1679 1877 σύν-

204 1900 301 1937 ταξις
325 1901 512 1943 conjunxit.
551 1900 587 1933 Si
612 1900 825 1942 grammatici
849 1899 899 1932 illi
926 1901 1134 1943 quaererent
1157 1908 1237 1931 num
1262 1898 1362 1941 primi
1386 1897 1544 1934 homines
1569 1907 1680 1942 genus

203 1957 373 1998 cujusque
396 1956 543 1989 nominis
569 1955 759 1990 seeundum
790 1957 933 1988 naturae
968 1954 1148 1988 veritatem
1183 1953 1422 1987 constituerint
1446 1962 1510 1996 an,
1549 1957 1587 1988 ut
1610 1963 1680 1989 no-

202 2011 295 2044 mina
318 2011 405 2053 ipsa,
432 2011 483 2045 sio
507 2020 637 2053 genera
661 2020 800 2054 quoque
825 2009 1035 2053 impositio-ia
1059 2009 1136 2051 sint,
1162 2011 1232 2042 tum
1256 2011 1352 2043 recte
1373 2006 1416 2051 τῇ
1435 2007 1588 2052 ἀληθείᾳ
1612 2019 1680 2054 op—

202 2068 390 2109 poneretur
411 2063 428 2105 ῆ
458 2065 622 2104 σύνταξις
646 2066 707 2098 καὶ
728 2066 924 2108 συμφωνία
946 2064 1018 2095 τῶν
1042 2062 1260 2108 ἀνθρώπων,
1287 2072 1389 2106 quau]
1415 2062 1570 2106 Cratylus
1594 2064 1679 2100 Pla-

202 2122 339 2155 tonicus
376 2120 562 2164 συνθήκην
596 2125 631 2157 et
667 2119 866 2164 ὁμολογίαν
902 2122 1014 2154 vocat.
1077 2119 1148 2155 Sed
1183 2120 1250 2153 illis
1283 2129 1396 2154 serino
1432 2123 1485 2155 est
1522 2119 1566 2156 de
1599 2124 1680 2156 nota

204 2178 344 2218 generis
368 2179 404 2210 ut
430 2176 524 2212 Varr.
553 2176 590 2210 L.
616 2176 653 2210 L.
680 2175 735 2210 IX.
761 2176 815 2218 29,
846 2175 920 2211 136.
945 2175 1057 2208 virilia
1080 2175 1221 2208 dicimus
1245 2185 1310 2207 non
1334 2184 1418 2219 qzcae
1441 2176 1548 2209 virum
1571 2176 1679 2219 siqni-

203 2231 306 2272 ficam
332 2232 389 2264 sed
414 2231 531 2275 quibus
554 2233 794 2276 praeponimus
816 2231 884 2263 hic
910 2234 975 2268 ete.

293 2299 351 2342 12)
384 2298 502 2333 Schol.
529 2299 568 2332 11.
595 2299 668 2333 VII.
695 2298 771 2333 474.
801 2300 924 2341 poetas
949 2296 1033 2331 dicit
1058 2294 1300 2340 pecudessnk
1327 2296 1543 2340 θρέμματα)
1569 2295 1678 2332 semi-

203 2355 284 2389 nine
314 2355 512 2398 appellare,
544 2354 631 2388 alius
666 2356 701 2388 in
731 2353 806 2388 EM.
830 2353 906 2396 473,
933 2353 987 2388 34.
1016 2353 1137 2395 lones,
1176 2352 1233 2395 qui
1259 2361 1373 2386 rerum
1399 2360 1539 2395 quoque
1565 2361 1678 2386 voca-

203 2409 284 2443 bula
309 2409 509 2445 eil-eminane
537 2408 696 2443 dicuntur
729 2406 747 2449 ἢ
780 2409 897 2452 ῥοῖζος
928 2407 1045 2443 Schol.
1075 2406 1139 2442 Od.
1166 2406 1220 2441 IX.
1248 2407 1325 2442 315.
1353 2407 1387 2438 οἱ
1404 2407 1524 2443 Ιωνες
1547 2405 1565 2447 ἡ
1591 2409 1679 2440 κίων

203 2465 265 2497 καὶ
295 2465 408 2497 πολλα
442 2465 546 2509 ἕιτερι
585 2464 748 2505 θηλυκῶς
782 2465 1006 2510 προφέρουσι
1041 2461 1450 2507 Seli.Sop11.AJ.108.
1484 2462 1520 2496 in
1553 2462 1678 2506 quibus

202 2518 321 2554 Schol.
354 2520 452 2554 Pind.
495 2520 548 2554 Ol.
585 2521 612 2555 I.
649 2521 702 2556 10.
735 2519 753 2561 ἦ
786 2518 897 2564 αἰ9ήρ
933 2521 969 2554 et
1002 2516 1019 2560 ἧ
1051 2517 1246 2563 ῥΙῙαραθών
1275 2517 1381 2553 refert
1411 2516 1476 2552 Sed
1510 2516 1607 2551 addit
1636 2515 1676 2549 οἰ·

202 2573 321 2608 πάντα
353 2574 391 2607 δὲ
424 2575 570 2608 τοιαῦτα
605 2574 733 2609 &ommi
767 2574 875 2612 ἐστιν,
910 2573 988 2607 ἐπεὶ
1018 2574 1079 2606 καὶ
1111 2573 1146 2606 οἱ
1172 2573 1324 2606 Ἀττικοὶ
1356 2570 1470 2605 πολλὰ
1503 2582 1678 2615 αρσενικα

202 2630 288 2664 ὄντα
313 2630 476 2670 θηλυκῶς
498 2630 711 2676 ἐκφέρουσι,
743 2634 780 2665 ut
801 2630 934 2674 βῶλος,
961 2628 1088 2667 θάλος,
1116 2627 1303 2674 στρύχνος,
1330 2626 1449 2668 ὕαλος,
1476 2636 1566 2672 quae
1586 2627 1676 2663 Dio-

203 2686 319 2729 nysius
345 2685 409 2720 hos
434 2685 597 2722 feminine
626 2686 802 2730 appellare
827 2685 999 2730 siguificat
1022 2685 1117 2721 Eust.
1143 2684 1240 2728 1390,
1267 2684 1322 2722 50.
