1699 3021
297 165 364 208 DE
395 163 516 206 MUT.
549 163 755 206 TERMIN.
787 163 984 206 CAUSIS.
1035 165 1076 206 C.
1097 165 1124 207 Ι.
1163 170 1202 215 §.
1223 167 1260 209 2.
1465 169 1511 211 ll

38 276 167 325 Quum
196 283 294 316 vero
327 278 494 327 superet
521 272 735 314 multitudo
765 274 984 327 nominum,
1019 273 1068 315 de
1100 285 1271 326 quorum
1301 276 1366 317 vel
1397 277 1514 318 simi-

39 341 208 382 litudine
246 340 310 381 vel
352 337 678 380 dissimilitudine
720 337 978 379 Grammatici
1023 339 1121 379 nihil
1168 339 1330 381 tradant
1376 353 1424 382 ac
1461 353 1514 384 ne

41 406 201 446 traditis
232 405 392 457 quidem
422 403 680 454 inexplorato
709 404 901 443 assentiri
921 403 1077 457 deceat,
1108 406 1514 457 circumspiciendum

40 475 105 512 est
135 473 170 512 si
200 483 280 523 qua
309 470 480 510 inveniri
511 468 646 519 possit
675 469 886 520 utriusque
916 470 1079 520 generis
1109 474 1208 510 nota
1238 472 1415 523 propria.
1462 473 1513 514 Et

38 536 236 577 habemus
267 546 367 576 sane
399 532 600 585 ejusmodi
630 533 808 582 regulam
840 534 890 573 ab
921 534 1000 574 illis
1032 536 1310 590 propositam,
1341 548 1446 589 quae
1476 538 1513 580 si

39 612 137 642 vera
169 606 302 654 esset,
333 601 436 639 viam
468 598 588 638 nobis
621 598 844 638 faciliorem
875 600 1154 640 concinnaret.

151 671 189 714 §.
219 667 255 707 2.
312 664 550 706 Ammonius
589 659 703 710 Τινὲς
732 673 873 716 φασιν,
908 665 1049 719 inquit,
1080 663 1143 706 ὅτι
1171 663 1250 707 ὅσα
1275 669 1352 708 τοῦ
1380 665 1512 711 αὐτοῦ

40 729 167 784 ἔχεται.
195 725 498 784 σημαινομένου
528 723 735 779 ὃμοτονεῖ,
775 730 894 781 φίλος
931 730 1050 782 φίλη,
1095 728 1208 780 ξένος
1235 729 1347 787 ξένη·
1391 731 1442 775 τὰ
1469 733 1513 776 δὲ

41 794 291 849 διαφέροντα
326 790 486 844 οὐκέτι,
535 791 653 846 χόλος
689 791 807 847 χολή,
848 792 974 847 νόμος
1011 795 1139 851 υομή,
1182 795 1333 851 τρόπος
1367 798 1510 855 τροπή,

41 859 166 914 γόνος
192 857 318 913 γονή,
350 857 475 912 δόμος
506 856 624 911 δομή,
656 857 836 913 στρόφος
865 859 1044 915 στροφή,
1082 861 1218 912 πόθος
1248 863 1385 919 ποθή·
1422 865 1513 921 περὶ

40 924 194 966 τούτου
233 923 276 966 ἐν
313 923 449 971 ἄλλοις
477 925 632 976 εἴρηται
661 922 723 965 ὅτι
752 924 934 979 διαφέρει
964 939 1000 979 p.
1023 927 1110 969 120.
1176 930 1250 970 Hic
1280 932 1514 975 Valckena-

42 992 127 1032 rius
165 989 255 1042 περὶ
283 987 444 1030 τούτων
473 990 625 1042 εἴρηται
655 992 780 1032 scribi
805 993 923 1042 jubet
955 997 1118 1043 praeter
1155 1005 1240 1035 rem
1270 1001 1313 1036 ut
1345 1000 1512 1053 opinor3

41 1067 133 1097 nam
164 1056 213 1096 de
244 1060 453 1107 postremo
486 1055 684 1095 dubitatio
717 1057 920 1109 consistit,
952 1057 1275 1101 antecedentium
1305 1074 1402 1104 vero
1425 1065 1514 1106 dis-

43 1123 211 1162 crimina
241 1123 449 1173 apertiora
479 1132 598 1172 quam
629 1131 733 1171 quae
764 1120 1113 1163 demonstratione
1144 1131 1300 1174 egeant.
1339 1128 1514 1173 Primum

41 1185 140 1241 χολή
171 1193 211 1228 et
237 1185 355 1239 χόλος
384 1186 576 1227 Nemesio
608 1185 768 1237 quidem
798 1186 847 1226 (Ie
877 1187 967 1228 Nat.
997 1188 1111 1229 Hom.
1141 1189 1241 1232 XXI.
1261 1192 1351 1235 234.
1382 1196 1514 1237 indis-

44 1259 156 1294 ereta
186 1259 281 1294 sunt
311 1249 411 1304 ὀργὴ
443 1249 468 1304 ἢ
498 1250 568 1292 καὶ
597 1248 696 1304 χολὴ
724 1249 792 1292 καὶ
820 1249 939 1304 χόλος
964 1255 1161 1305 καλεῖται,
1200 1257 1273 1298 sed
1303 1263 1431 1312 magis
1464 1275 1514 1306 ex

43 1325 256 1371 poetarum
287 1319 532 1359 auctoritate
570 1317 718 1358 Aescli.
748 1318 888 1368 Agam.
921 1318 1037 1360 1645.
1085 1321 1253 1364 Tlieocr.
1282 1324 1419 1368 XXIII.
1453 1329 1514 1371 13.

43 1385 200 1426 Mosch.
223 1385 256 1437 1,
284 1385 344 1425 10.
375 1395 494 1435 quam
524 1384 791 1435 scriptorum,
820 1384 887 1434 qui
916 1384 1015 1425 iram
1044 1396 1127 1426 non
1156 1389 1363 1439 appellant
1391 1391 1518 1448 χολήν

44 1451 123 1492 nisi
154 1461 226 1502 per
255 1450 541 1500 metonymiam
571 1453 613 1489 ut
642 1449 852 1490 Demosth.
884 1460 917 1490 c.
946 1451 1071 1492 Arist.
1100 1452 1190 1494 778.
1229 1450 1364 1504 οὐδεὶς
1398 1454 1518 1510 ὑμῶν

46 1512 171 1569 χολὴ-ν
209 1512 306 1556 οὐδὲ
344 1511 473 1567 ὀργὴν
514 1512 612 1567 ἔχει,
657 1525 790 1566 neque
829 1515 950 1555 bilem
988 1528 1163 1569 unquam
1199 1516 1345 1571 χόλον,
1391 1534 1517 1575 quare

48 1581 184 1625 Schol.
214 1582 256 1623 ll.
286 1581 385 1623 XVI.
416 1580 506 1621 203.
544 1577 652 1636 χόλῳ
696 1576 738 1620 6²
771 1578 909 1634 ἔτρεφε
946 1578 1078 1635 μήτηρ
1114 1606 1169 1611 -—
1204 1584 1284 1626 hoc
1314 1597 1403 1628 cum
1433 1586 1518 1630 Σά-

44 1662 120 1701 μος
156 1653 196 1688 et
234 1645 363 1694 πύλος
405 1651 444 1686 et
483 1646 533 1687 ad
572 1646 614 1687 V.
646 1644 710 1687 97.
751 1657 841 1686 cum
878 1644 1044 1698 ἕσπερος
1082 1650 1253 1703 confert,
1291 1652 1516 1708 iisdemque

47 1713 244 1765 exemplis
277 1715 400 1754 utitur
432 1711 568 1751 Schol.
598 1711 733 1762 Apoll.
761 1711 824 1752 IV.
857 1712 973 1754 1404.
1013 1713 1080 1752 ubi
1109 1711 1228 1765 χόλος
1266 1722 1329 1756 est
1359 1718 1408 1759 de
1438 1721 1518 1772 hy-

47 1778 144 1819 drae
173 1779 381 1818 Lernaeae
411 1787 583 1828 venem,
613 1775 723 1826 quod
744 1777 820 1815 etsi
845 1776 1124 1827 Apollodorus
1155 1780 1199 1820 ΙΙ.
1218 1781 1255 1834 5,
1275 1781 1311 1822 4.
1345 1787 1384 1823 et
1414 1786 1518 1827 Dio-

48 1843 173 1883 dorus
204 1843 265 1883 IV.
289 1843 349 1884 11.
379 1838 505 1894 χολήν
535 1845 683 1881 vocant
713 1845 755 1881 ut
776 1841 966 1892 Virgilius
995 1842 1057 1894 fel
1077 1848 1235 1899 veneni,
1271 1851 1404 1890 tamen
1434 1863 1517 1894 non

46 1909 178 1951 minus
210 1909 375 1960 proprie
404 1905 523 1959 χόλος
553 1907 697 1947 dicitur
726 1906 845 1947 Antli.
878 1907 1039 1949 V11.71.
1080 1909 1252 1962 Oppian.
1271 1913 1357 1955 Hal.
1378 1916 1404 1957 Ι.
1423 1917 1515 1960 574.

47 1971 194 2026 Νόμος
230 1986 254 2014 a
290 1969 418 2026 υομή,
475 1969 601 2024 ὸόμος
635 1983 659 2012 a
696 1968 823 2024 ὁομή,
861 1977 1053 2024 quantum
1084 1974 1227 2031 distet,
1274 1980 1374 2031 fugit
1405 1989 1518 2026 certe

46 2041 258 2081 neminem.
345 2036 507 2091 Τρόπος
546 2043 585 2079 et
630 2052 760 2090 τροπη
799 2050 918 2079 unam
956 2040 1293 2092 significationem
1332 2057 1518 2091 commu-

46 2115 137 2146 nem
168 2105 339 2158 habent,
378 2104 427 2145 de
463 2116 543 2156 qua
574 2103 710 2144 Schol.
740 2103 835 2144 Eur.
865 2104 961 2145 Hec.
996 2106 1111 2148 1186.
1141 2106 1254 2162 παρὰ
1280 2114 1365 2160 τοῖς
1393 2129 1517 2170 79⁰⁶!AE-

47 2174 230 2223 peartanig
278 2167 513 2223 μεταφορά,
564 2184 675 2222 παοα
721 2172 806 2216 τοῖς
850 2166 1018 2223 ῥήτορσι
1054 2187 1206 2227 τροπη,
1262 2178 1371 2229 quod
1410 2182 1518 2234 apud

47 2236 278 2278 rhetoricos
309 2236 476 2288 saepius
507 2235 585 2287 legi
617 2246 690 2286 pro
731 2240 851 2288 tropo
889 2237 1104 2278 Ernestius
1145 2241 1324 2282 ostendit
1353 2245 1393 2286 in
1420 2247 1516 2289 Lex.

46 2301 161 2342 Rhet
193 2313 229 2353 p.
260 2301 352 2342 358.
428 2301 527 2361 Item
564 2297 689 2352 γόνος
728 2299 798 2341 καὶ
834 2299 936 2354 γονή
973 2298 1020 2342 τὸ
1062 2300 1218 2356 σπέρμα
1253 2307 1329 2347 τοῦ
1367 2305 1519 2361 ἀνδρός

49 2366 142 2409 Sch.
170 2366 265 2406 Eur.
296 2365 620 2409 Plioenn.1597.
661 2379 762 2419 quas
795 2369 946 2408 formas
977 2369 1251 2420 Hippocrates
1278 2374 1459 2419 Muliebr.
1489 2379 1515 2420 I.

47 2431 138 2473 644.
170 2432 211 2472 Τ.
241 2432 285 2472 11.
315 2432 375 2473 ed.
405 2433 514 2483 lips,
544 2436 584 2472 et
613 2433 893 2484 Apollodorus
924 2434 986 2474 III.
1019 2435 1082 2487 14,
1111 2436 1147 2476 5.
1188 2437 1327 2480 eadem
1360 2441 1400 2482 in
1438 2455 1518 2495 pa-

46 2498 140 2549 gina
168 2498 285 2549 quasi
316 2497 490 2538 taedium
520 2497 711 2539 lectionis
740 2500 897 2540 vicibus
926 2500 1098 2540 levaturi
1128 2502 1398 2559 miscuerunt3
1442 2509 1517 2552 sed

46 2562 166 2604 fixum
196 2567 330 2604 manet
357 2563 571 2616 primariae
599 2565 909 2616 significatiOnis
938 2565 1154 2608 discrimen
1183 2567 1286 2623 γονή
1323 2586 1347 2624 η
1376 2569 1517 2629 γέννη-

46 2638 119 2678 σις,
148 2625 272 2680 γόνος
299 2625 346 2669 τὸ
373 2625 569 2682 γέννημα,
617 2631 737 2682 quale
774 2632 879 2672 inter
907 2629 1010 2686 τομή
1052 2637 1093 2674 et
1119 2630 1266 2687 τόμος,
1307 2637 1439 2693 πλοκή
1477 2645 1518 2682 et

48 2691 218 2747 πλόκος,
256 2691 356 2749 βολή
386 2699 426 2736 et
454 2691 575 2748 βόλος
612 2696 770 2738 obtinet
808 2696 915 2750 apud
954 2708 1028 2740 eos
1058 2699 1218 2753 quidem
1256 2703 1324 2756 qui
1363 2716 1516 2747 secun-
