1699 3021
150 169 218 211 DE
249 167 430 211 NOMIN.
460 167 514 209 IN
541 159 590 210 δῖ.
618 158 776 209 ΕΤ-ωλ
803 165 1149 210 EXEUNTIBUS.
1184 168 1225 210 C.
1246 170 1290 212 V.
1311 175 1349 219 §.
1372 171 1406 214 1.
1463 173 1548 215 129

692 298 770 339 CA
785 297 831 338 P.
886 295 934 339 V.

406 390 480 434 De
516 384 841 434 let-minatione
873 375 930 433 οἶ
967 414 1025 421 -—
1060 376 1129 433 ατλ
1180 414 1238 421 -—

183 479 222 524 §.
255 475 289 517 1.
348 475 616 515 Substantiva
646 473 851 516 secundae
881 474 1170 516 declinationis
1201 485 1409 526 perpauca
1438 483 1546 532 sunt,

74 540 225 581 nullum
242 550 476 592 paragogae
494 541 772 581 manifestum:
794 537 943 588 ἄκολος
962 539 1071 591 quod
1081 539 1317 581 Athenaeus
1338 542 1388 582 ab
1404 543 1547 594 ignoto

71 602 199 647 κόλον
236 600 261 658 ἡ
301 602 435 657 τροφή
474 606 644 658 repetit,
684 601 859 657 ἅσβολος
898 609 937 646 et
966 601 1119 658 ἀσβόλη
1149 616 1199 646 ex
1227 602 1358 654 ψόλος
1387 612 1430 648 ut
1459 609 1548 650 Eu-

72 670 249 712 statths
280 671 336 710 ait
370 670 485 723 1949,
515 670 579 711 35.
620 674 772 723 ortum,
806 665 978 723 ἠπίολος
1015 666 1038 711 ὁ
1073 668 1164 721 περὶ
1190 667 1265 711 τὸν
1290 669 1444 724 λύχνον
1472 687 1548 714 πε-

70 733 240 788 τόμενος
270 735 430 787 (omiss.
471 736 512 775 in
544 735 682 787 Thes.)
723 736 895 776 Aristot.
927 736 972 777 H.
999 737 1047 776 A.
1077 735 1176 777 VIII.
1213 734 1278 778 26.
1311 747 1349 789 p.
1381 737 1473 780 605.
1504 739 1543 780 b.

74 801 135 843 14.
167 801 297 842 simile
327 811 496 841 romano
529 812 663 851 cappo
695 804 738 840 ut
764 800 910 841 dicitur
933 803 1096 843 animal
1116 803 1267 844 volans
1288 803 1401 854 quod
1420 805 1545 856 vulqo

73 869 241 908 animas
271 869 426 906 vocant
455 865 575 905 Prob.
606 866 754 906 Institt.
784 865 829 907 II.
854 865 889 919 1,
923 866 1011 908 109.
1043 866 1084 908 id
1113 871 1178 907 est
1206 864 1318 920 ψυχὴ
1347 867 1547 924 πετομένη

72 932 160 972 sive
176 927 393 983 φάλαινα,1
422 930 620 981 φασίολος
650 941 674 970 a
699 931 866 971 Polluce
897 937 1104 985 receptum
1134 943 1210 973 nec
1240 934 1448 986 antiquum
1480 941 1547 978 ta-

71 1007 182 1049 men,
227 997 344 1046 cujus
377 995 573 1045 originem
603 994 755 1035 indicat
794 994 971 1037 Galenus
1003 997 1051 1037 de
1080 998 1198 1037 Alim.
1239 999 1391 1040 Facult.
1420 1001 1447 1042 I.
1478 1001 1546 1055 28,

71 1061 163 1103 542.
204 1058 305 1102 ἔνιοι
332 1055 430 1107 τοὺς
459 1058 647 1111 δολίχους
674 1056 824 1111 λοβούς
851 1062 1071 1111 καλοῦσιν,
1111 1060 1212 1102 ἔνιοι
1239 1060 1282 1103 δὲ
1311 1062 1548 1117 φασηόλους

73 1126 172 1179 (sic)
214 1122 282 1166 διὰ
318 1122 521 1177 τεττάρων
551 1124 766 1176 συλλαβῶν
793 1123 863 1165 καὶ
902 1121 971 1166 διὰ
1006 1127 1130 1167 τοῦτο
1167 1128 1385 1168 ποιοῦνται
1408 1127 1547 1183 ἕτερον

70 1188 203 1243 ὄνομα
230 1191 306 1232 τοῦ
335 1187 404 1231 διὰ
431 1191 557 1242 τριῶν
584 1185 805 1242 λεγομένου
841 1188 1074 1244 φοεσήλου.2
1129 1192 1435 1244 Adjeclivorum
1465 1195 1545 1236 duo

70 1252 210 1304 αἰόλος
247 1261 286 1297 et
324 1253 540 1309 σκέρβολος
579 1256 904 1298 terminationem
941 1258 1092 1299 habent
1131 1270 1155 1299 a
1192 1259 1343 1312 verbo,
1383 1261 1547 1302 terIIum

69 1322 285 1374 σκίμβολος
320 1317 484 1372 ἠλίθιος
522 1321 617 1361 Hes.
661 1321 903 1373 productum
938 1323 1096 1365 videtur
1134 1336 1158 1365 a
1196 1321 1366 1377 σκιμβός
1401 1323 1545 1378 χωλός,

70 1388 135 1428 cui
173 1387 354 1428 assimile
394 1390 458 1428 est
494 1383 674 1439 σκαμβός
711 1384 852 1435 σκαιός
890 1389 1068 1431 sinister.
1143 1390 1284 1431 Jovem
1313 1386 1547 1444 Ὃμολώιον

68 1453 174 1493 Ister
211 1453 366 1504 Fragm.
399 1463 437 1504 p.
470 1452 534 1493 56.
572 1453 902 1504 cognominatum
940 1456 996 1496 ait
1031 1453 1100 1496 διὰ
1135 1452 1183 1497 τὸ
1220 1451 1319 1507 παρ’
1350 1456 1545 1498 Αἰολεῦσι

67 1515 114 1558 τὸ
145 1513 418 1570 ὁμονοητικὸν
454 1514 608 1570 ὅμολον
644 1515 853 1570 λέγεσθαι,
894 1521 943 1561 ab
974 1516 1074 1574 ὁμός
1104 1527 1214 1563 certe
1243 1522 1350 1563 unde
1380 1519 1545 1576 ὁμαλός,

69 1584 142 1625 sed
171 1584 292 1624 nobis
315 1584 484 1636 propria
509 1583 643 1625 solum
671 1583 1131 1639 innotueruntffopotog
1160 1591 1201 1628 et
1240 1586 1390 1642 Ομόλη.
1429 1588 1544 1638 Acg-

67 1652 189 1696 κολος
224 1654 263 1690 et
299 1647 467 1696 εὔκολος
496 1651 591 1702 quin
623 1650 815 1701 copulata
844 1652 937 1704 sint,
976 1663 1094 1693 nemo
1127 1653 1283 1694 dubitat
1314 1655 1410 1696 licet
1440 1657 1544 1697 sim-

68 1715 163 1768 plex
192 1725 276 1754 non
308 1719 518 1766 appareat.
585 1714 629 1754 In
658 1705 706 1766 ἦξ
734 1726 838 1766 quae
870 1717 1136 1758 terminantur
1165 1719 1361 1771 pleraque
1392 1732 1415 1760 a
1444 1732 1543 1761 ver—

68 1782 131 1822 bis
162 1784 391 1832 propagata
422 1783 515 1819 suut
544 1777 821 1832 κορυπτόλης,
853 1779 1034 1834 οἰφόλης,
1066 1781 1315 1837 σκωπτόλης,
1345 1783 1544 1840 μαινόλης

69 1851 109 1887 et
137 1846 320 1898 μαινολίς
349 1849 391 1884 ut
421 1845 609 1897 φαινολίς
638 1857 673 1884 v.
707 1845 756 1886 ad
785 1846 930 1897 Pliryn.
962 1847 1052 1889 613.
1088 1847 1287 1896 Φειδόλας
1308 1850 1544 1892 Corinthius

67 1912 187 1952 Antli.
220 1911 282 1950 VI.
318 1909 406 1951 135.
451 1910 547 1959 (nisi
578 1910 800 1960 syntheton
832 1914 928 1964 cst.)
994 1915 1029 1953 A
1067 1915 1298 1955 nominibus
1328 1914 1492 1969 κοιόλης
1520 1915 1545 1957 ὁ

69 1973 208 2030 ἱερεύς,
241 1976 308 2028 qui
341 1975 506 2016 brevius
536 1975 652 2028 κοίης
681 1975 839 2030 dicitur,
869 1975 1071 2031 γενειόλης
1095 1979 1225 2020 Cram.
1258 1981 1320 2021 IV.
1352 1980 1446 2034 336,
1478 1982 1541 2024 14.

157 2144 192 2188 1)
225 2144 413 2178 Salmasius
441 2142 482 2177 ad
509 2141 618 2187 Spart.
644 2143 682 2178 V.
708 2143 790 2178 Adr.
819 2155 848 2179 c.
877 2145 928 2181 16.
957 2147 1090 2182 culices
1118 2147 1229 2181 dictos
1254 2149 1350 2190 putat
1375 2157 1545 2190 vappones

69 2209 87 2235 a
111 2209 222 2243 vappa
249 2199 343 2242 cujus
365 2203 440 2232 suut
467 2203 629 2231 amantes.
683 2199 808 2239 Quidni
835 2200 875 2234 ab
903 2211 944 2235 eo
972 2201 1061 2245 quod
1090 2211 1108 2237 e
1136 2212 1247 2245 vappa
1279 2203 1374 2236 nasci
1411 2203 1542 2238 crede-

68 2255 188 2289 bantur
211 2258 248 2289 ut
271 2254 416 2287 bibiones
443 2255 498 2297 qni
520 2255 556 2287 in
580 2255 654 2287 vino
682 2261 878 2297 nascmnur,
904 2267 985 2299 quos
1008 2259 1186 2290 mustiones
1205 2269 1226 2289 a
1245 2262 1352 2290 musto
1372 2259 1546 2301 appellant

67 2310 187 2345 Isidor.
213 2310 285 2344 XII.
321 2310 353 2346 8.
389 2313 423 2344 et
456 2319 546 2353 quae
579 2309 688 2345 hodie
723 2314 888 2345 vocantur
922 2322 1064 2347 muscae
1100 2314 1254 2348 vinariae
1294 2314 1544 2354 lrez'nmic'cken,

67 2366 294 2409 Essiyflieyen.
343 2366 448 2408 Pappi
484 2366 659 2408 volantes,
695 2375 782 2409 quos
816 2366 1070 2402 Lindemamius
1105 2369 1255 2411 confert,
1294 2379 1422 2412 graece
1459 2370 1542 2405 dicti

67 2420 207 2454 πάπποι
231 2420 289 2453 ἀπ’
317 2419 491 2461 ἀκάνθης,
520 2423 719 2464 germanice
744 2423 939 2465 Distellmrr,
970 2425 1050 2467 quia
1077 2425 1238 2460 canitiem
1263 2424 1391 2460 barbae
1418 2426 1540 2461 senilis

66 2476 228 2518 referunt,
254 2485 330 2510 cum
354 2476 571 2520 vapponibus
597 2480 630 2511 et
657 2477 889 2520 papilionibus
917 2479 999 2513 nihil
1027 2482 1225 2515 commercii
1255 2480 1392 2516 liabent.

154 2542 191 2584 2)
227 2541 378 2577 Galenus
414 2543 490 2586 ipse
520 2543 572 2577 sic
606 2545 641 2576 ut
680 2544 737 2577 alii
775 2547 939 2581 maierIae
976 2546 1134 2582 medicae
1170 2550 1329 2582 auctores
1368 2548 1542 2591 ([ιισίολος

67 2595 185 2631 scribit
210 2597 252 2632 dc
280 2597 359 2631 Fac.
386 2598 506 2642 Simpl.
535 2597 593 2632 VI.
621 2598 697 2635 891.
729 2599 764 2634 T.
790 2600 845 2635 XI.
873 2605 909 2635 ut
933 2602 1065 2637 Puteoli
1096 2602 1280 2639 Ποιίολοι,
1316 2602 1457 2638 ardeola
1481 2601 1541 2646 ἀρ-

69 2650 192 2689 oman,
219 2653 402 2695 capreolus
428 2655 638 2698 mcerc'oZog,
677 2656 838 2691 cei-eolus
867 2656 1025 2700 (cereus)
1053 2657 1216 2703 κηρίολος
1241 2656 1342 2701 Corp.
1370 2657 1475 2692 Inscr.
1506 2666 1538 2691 n.

68 2707 166 2744 3028.

115 2762 254 2794 Lobeck.
278 2764 459 2803 I'ulholng.
1238 2756 1264 2799 9
