1731 3021
150 161 212 203 78
586 164 592 166 ’
648 161 1077 204 DISSERTATIO
1128 161 1155 202 Ι.

149 271 239 313 dius
267 268 441 324 κερασός
469 269 618 325 φυτόν,
656 268 734 326 τὴν
760 269 803 313 δὲ
831 269 952 313 πόλιν
980 268 1225 325 βαρύνουσι,
1263 283 1473 325 saepeque
1503 272 1631 314 arbo-

150 339 207 378 ris
237 349 386 380 nomen
415 338 650 390 barytonon
679 338 895 390 reperitur.
951 337 1038 378 'Nec
1069 337 1266 377 firmatius
1297 342 1361 378 est
1392 338 1502 390 quod
1531 339 1631 379 Phi-

149 402 329 454 loponus
362 403 482 444 tradit
513 417 576 457 ap.
607 405 722 445 Eust.
760 403 878 455 1536,
910 403 971 443 15.
1003 399 1155 454 ἐρινεός
1182 399 1228 443 τὸ
1256 401 1439 456 δένδρον,
1479 401 1633 457 ἐρίνεος

150 465 194 510 δὲ
224 464 246 509 ὁ
273 466 443 521 καρπός.
501 470 582 511 Sed
603 471 776 510 maxima
797 469 1091 509 sententiarum
1113 469 1331 510 diversitas
1352 471 1463 512 circa
1486 482 1632 524 amyg-

151 534 268 576 dalae
291 546 452 589 nomen,
484 535 593 588 quod
617 536 780 588 Trypho
805 539 843 575 et
872 534 1134 588 Pamphylus,
1165 536 1199 575 si
1222 536 1394 576 fructum
1417 537 1632 591 significet,
1664 535 1678 543 ⁵

149 596 363 654 ἀμυγδάλη
393 602 518 643 scribi
536 602 691 655 jubent,
717 603 753 642 si
776 603 966 643 arborem
986 597 1200 654 (Ξμυγὸαλῆ
1231 606 1273 641 ut
1295 600 1412 654 ῥοδῆ,
1442 603 1631 643 Aristar-

150 667 250 707 chus
280 679 379 708 vero
411 672 585 719 utroque
615 667 827 708 intellectu
856 672 976 707 acuta
1000 667 1152 721 ultima,
1182 667 1431 709 Philoxenus
1452 669 1630 709 circum-

149 732 271 774 ducta
309 734 402 774 Ath.
432 733 477 773 ΙΙ.
508 732 571 773 52.
602 732 642 774 F.
673 744 778 784 quae
818 734 1107 773 controversia
1147 733 1226 773 hoc
1264 734 1396 773 minus
1438 734 1631 785 componi

149 804 289 851 potest
330 798 440 850 quod
474 799 629 839 fructus
662 799 782 838 etiam
813 793 837 851 ἡ
869 794 1105 851 ἀμύγδαλος
1135 798 1280 839 dicitur
1309 799 1475 840 Lucian.
1505 799 1628 841 Mero.

151 864 279 906 Cond.
310 869 347 912 ξ.
369 864 405 905 5.
440 868 479 905 et
510 865 679 915 saepius
709 859 755 903 τὸ
786 858 1039 917 ἀμύγδαλον,
1072 864 1122 904 ad
1153 875 1257 916 quae
1289 864 1450 905 arboris
1480 876 1630 906 nomen

149 926 362 983 ἀμυγδαλῆ
394 941 481 972 eam
514 931 715 970 rationem
745 930 869 971 habet
900 942 1020 982 quam
1049 928 1164 983 ῥοδῆ,
1192 926 1321 983 μηλεά
1343 931 1503 983 aliaque
1524 943 1630 983 pos-

148 998 298 1039 sessivi
329 996 581 1037 characteris
614 996 801 1048 exempla
833 996 886 1049 (v.
917 997 1064 1038 Parall.
1095 996 1206 1049 337.)
1239 995 1289 1036 ad
1319 998 1523 1048 primitiva
1553 1009 1629 1038 sua

148 1060 297 1117 ῥόδον,
336 1063 479 1116 μῆλον.

260 1133 298 1177 §.
328 1128 365 1169 8.
422 1127 485 1168 Ab
517 1127 596 1166 hoc
627 1129 893 1179 paronymiae
922 1139 1086 1180 genere,
1118 1140 1198 1180 quo
1230 1129 1386 1168 fructus
1418 1127 1468 1168 ab
1499 1128 1628 1169 arbo-

147 1195 260 1236 ribus
292 1194 526 1234 derivantur
557 1198 594 1234 et
628 1198 784 1247 contra,
814 1206 897 1234 non
919 1194 1040 1245 longe
1064 1194 1162 1234 illud
1181 1193 1305 1234 distat
1331 1193 1441 1245 quod
1462 1193 1628 1245 planta-

147 1272 234 1302 rum
266 1260 514 1300 differentias
547 1260 855 1313 complectitur,
895 1270 1028 1311 neque
1070 1265 1203 1299 tamen
1234 1260 1294 1300 sic
1324 1264 1367 1299 ut
1396 1259 1494 1300 illud
1525 1261 1628 1301 sim-

147 1327 243 1380 plici
289 1326 588 1366 terminationis
633 1326 907 1366 conrersione
955 1329 1120 1365 constat
1168 1325 1242 1366 sed
1289 1336 1379 1366 cum
1418 1337 1628 1378 paragoge

146 1393 347 1446 syllabica
377 1394 639 1442 conjunctum
671 1397 747 1445 est,
778 1391 991 1443 simileque
1024 1402 1177 1445 eorum,
1208 1402 1312 1443 quae
1343 1402 1469 1443 supra
1492 1404 1627 1444 expo—

146 1461 222 1501 sui.
293 1458 638 1507 Quemadmodum
676 1459 780 1498 enim
821 1455 899 1510 ἴχις
928 1482 982 1485 —
1011 1454 1148 1510 ἔχιδνα
1187 1462 1423 1509 serpentum
1462 1459 1626 1510 species

147 1525 347 1578 significat
389 1536 424 1564 v.
455 1524 496 1565 C.
528 1525 572 1565 ΙΙ.
613 1529 651 1572 §.
684 1524 745 1565 12.
788 1524 848 1564 sic
891 1521 1045 1576 ἄρακος
1083 1524 1171 1564 sive
1209 1520 1361 1576 ἄραχος
1398 1523 1534 1565 Galen.
1576 1523 1626 1565 de

145 1592 238 1633 Fac.
266 1590 384 1631 Alim.
416 1591 478 1631 IV.
505 1590 570 1644 27,
601 1590 694 1631 541.
727 1585 927 1642 ἀράχιδνα
957 1590 1198 1641 plantarum.
1257 1590 1330 1630 His
1361 1601 1459 1630 vero
1492 1601 1625 1642 syno-

146 1669 267 1709 nyma
296 1656 361 1697 vel
386 1656 520 1697 affinia
543 1662 637 1697 sunt
660 1651 804 1710 ἀρακίς
829 1657 915 1696 sive
937 1651 1158 1708 ἀρακίσκος
1181 1661 1220 1697 et
1239 1651 1484 1708 ἀρακοειδές,
1516 1668 1627 1709 quo-

144 1735 231 1764 rum
261 1723 389 1775 figura
419 1721 641 1777 discrepat,
670 1734 762 1763 nam
793 1721 871 1761 hoc
903 1721 1158 1774 copulatum,
1195 1721 1294 1762 illud
1324 1723 1518 1777 simplex,
1550 1723 1624 1766 sed

144 1790 387 1842 significatio
421 1800 502 1829 una
534 1794 619 1842 est,
662 1799 782 1840 quam
814 1788 1136 1829 assimulativam
1166 1787 1231 1828 vel
1268 1789 1504 1831 imitativam
1545 1790 1624 1832 dici

142 1857 252 1898 licet.
310 1855 493 1907 Simplici
522 1855 580 1894 illi
611 1854 888 1906 comparanda
918 1859 1013 1895 sunt
1043 1849 1201 1906 ἀμωμίς
1228 1866 1429 1896 amomum
1460 1855 1624 1898 adulte-

142 1924 285 1976 rinum,
315 1921 514 1974 καρὸαμίς
544 1920 735 1961 cardamo
768 1919 925 1973 similis,
955 1921 1136 1971 κυπειρίς
1166 1931 1332 1974 cypero,
1372 1922 1468 1963 item
1497 1924 1622 1963 κολο-

141 1989 304 2037 κυνθίς,
333 1986 493 2040 μυῤῥίς,
525 1985 707 2039 σησαμίς,
739 1997 762 2025 a
793 1985 957 2038 plantis,
989 1986 1136 2039 quibus
1162 1986 1297 2038 aliqua
1322 1991 1439 2027 tenus
1465 1988 1621 2030 similes

142 2059 250 2108 sunt,
281 2053 544 2094 denominata
574 2052 679 2092 sicut
709 2048 850 2104 ἐλαφίς
881 2051 969 2091 avis
999 2052 1107 2092 cervi
1130 2051 1311 2097 colorem
1331 2064 1492 2104 gerens.
1529 2055 1621 2095 Ma-

141 2120 204 2171 gis
234 2131 332 2159 vero
366 2130 566 2170 expressa
596 2117 871 2158 similitudinis
892 2117 1134 2168 significatio
1161 2119 1201 2156 in
1224 2119 1481 2173 compositiS,
1511 2131 1620 2171 quo-

140 2197 227 2226 rum
259 2185 408 2237 duplex
439 2185 623 2236 species:
662 2180 871 2237 ἰσόβρυον,
902 2179 1113 2235 ἰσόπυρου,
1143 2183 1412 2236 isocinamon,
1445 2208 1499 2213 —
1527 2184 1620 2226 δικ-

138 2249 381 2305 ταμνοειὸές,
413 2245 711 2303 μυρσονοειὸές,
741 2245 1051 2302 πολυγονοειὸές
1067 2249 1226 2301 (omiSS.
1245 2250 1285 2289 in
1307 2249 1446 2302 Thes.)
1478 2250 1617 2293 Galen.

141 2318 189 2359 de
231 2318 370 2370 Siinpl.
412 2317 548 2368 Temp.
590 2316 668 2357 Vll.
707 2315 771 2356 31.
813 2315 855 2355 T.
885 2314 964 2355 ΧΠ.
1003 2311 1265 2367 σησαμοειὸὲς
1298 2316 1322 2355 i.
1357 2327 1394 2367 q.
1435 2318 1617 2372 σησαμίς,

139 2379 390 2436 ὠκιμοειόές,
433 2382 542 2435 quod
579 2382 625 2422 H.
668 2381 902 2433 Stephanus
939 2392 962 2420 a
993 2381 1150 2420 Latinis
1184 2381 1446 2422 ocimastrum
1476 2386 1617 2424 vocari

139 2450 205 2489 ait.
263 2448 459 2500 Equidem
500 2449 579 2488 hoc
618 2452 782 2499 praeter
818 2447 998 2486 novitios
1039 2447 1138 2486 artis
1177 2446 1392 2488 herbariae
1423 2453 1616 2491 auctores

137 2524 220 2554 non
250 2513 412 2564 reperio
445 2514 518 2555 sed
545 2514 671 2554 multa
701 2512 854 2565 pariter
885 2513 1099 2552 terminata
1128 2512 1364 2552 alicastrum
1394 2513 1524 2555 alicae
1555 2516 1617 2556 si-

137 2578 230 2618 mile
260 2577 403 2618 Isidor.
434 2580 659 2630 apiastrum
689 2573 990 2631 ἀγριοσέλινον,
1023 2582 1292 2618 mentastrum
1321 2580 1509 2621 menthae
1539 2592 1616 2633 ge-

137 2654 213 2684 nus
245 2643 435 2683 silvestre
460 2645 560 2685 l'lin.
583 2648 855 2698 porcastrum,
887 2644 1180 2696 siliquastrum,
1212 2655 1329 2697 quae,
1360 2645 1400 2684 in
1420 2651 1613 2697 quantum

137 2710 185 2750 ‹le
218 2710 363 2761 etymis
395 2716 571 2763 constat,
605 2723 670 2751 res
702 2710 929 2762 significant
962 2709 1115 2751 similes
1146 2710 1195 2749 iis
1226 2708 1332 2750 unde
1353 2710 1613 2751 denominata
