1731 3021
98 177 191 221 430
572 174 1014 216 DISSERTATIO
1056 174 1117 217 IX.

102 286 224 330 etiam
260 282 383 338 Κόρη
420 286 540 326 Cora.
598 284 681 326 Sed
718 284 767 325 ab
803 279 950 337 Ἀγχὸη
993 283 1170 325 derivari
1209 285 1398 336 potuisse
1432 280 1579 338 Ἀγχα-

101 360 190 399 σιος
232 361 512 404 praepropere
558 350 637 392 sibi
683 351 892 403 persuasit
933 350 1051 391 Ottsr.
1090 350 1311 391 Muellerus
1358 351 1577 392 Siebelisio

101 416 291 458 laudatus
333 416 384 457 ad
422 417 544 458 Paus.
581 416 646 458 IX.
681 416 753 469 11,
784 418 821 457 7.
894 416 1110 456 Postremo
1153 416 1247 456 loco
1289 416 1434 457 addam
1474 419 1580 470 Μη-

101 482 250 530 anteros
278 482 393 522 Jovis
424 482 647 533 pastoralis
680 492 910 532 cognomen
941 482 1063 532 Corp.
1096 482 1222 523 Inscr.
1252 493 1290 522 n.
1319 482 1439 524 2418.
1470 482 1581 523 Mul-

104 554 238 591 torum
277 554 410 588 autem
452 548 566 598 origo
607 548 661 588 ita
708 548 866 586 incerta
908 550 951 586 ut
999 547 1047 587 de
1095 548 1379 588 terminatione
1417 559 1582 600 quoque

103 616 202 656 nihil
233 614 429 655 constitui
458 613 612 665 possit,
651 613 759 652 velut
789 613 966 663 gentium
1001 614 1167 653 nomina
1198 609 1428 653 Χαυλάσιοι
1465 613 1580 653 brevi

103 682 226 733 alpha
262 681 379 721 Dion.
418 679 507 721 Per.
538 678 630 720 956.
656 673 856 718 Ἀττάσιοι
887 678 1021 719 Strab.
1051 678 1116 719 XI.
1146 679 1238 720 513.
1277 690 1383 730 quos
1426 678 1582 720 Plinius

102 747 165 788 VI.
198 746 260 788 18.
293 746 510 786 Attasinos
540 749 676 797 vocat,
711 744 900 784 Φαλασία
930 740 1036 794 ἄκρα
1062 744 1293 796 (Euboeae)
1326 743 1492 785 Ptolem.
1514 744 1581 785 III.

104 812 167 854 15.
203 810 416 861 Ταυρασία
448 811 716 850 Taurinorum
749 810 893 850 civitas
925 811 1099 862 Appian.
1129 812 1232 850 Anu.
1264 820 1297 850 c.
1327 809 1372 850 V.
1398 809 1582 849 Νικασία

104 877 241 929 Steph.
274 881 313 916 et
343 876 571 916 Phaecasia
599 875 699 915 Plin.
717 876 890 928 insulae,
918 873 1150 916 Λευκάσιον
1167 875 1319 928 χωρίον
1339 874 1578 927 (Arcadiae)

100 943 221 984 Paus.
254 942 350 982 VIII.
381 940 447 994 25,
476 940 512 982 2.
547 937 776 980 Πολιάσιον
805 941 924 982 locus
954 942 1186 983 Laconicae
1216 941 1358 992 Polyb.
1389 940 1489 981 XVI.
1516 940 1579 991 16,

102 1008 139 1049 2.
169 1003 384 1060 Adpokotov
423 1003 521 1059 ὄρος
552 1005 662 1047 Suid.
697 1018 729 1047 S.
757 1002 1023 1060 Ἀκρότομος·
1053 1005 1321 1057 κολοκάσιον,
1354 1009 1471 1058 cujus
1503 1017 1582 1046 an-

102 1073 369 1125 tepenultima
399 1073 523 1124 longa
545 1076 621 1125 est,
645 1072 873 1114 Salmasius
894 1074 1115 1125 syntheton
1133 1085 1228 1115 esse
1249 1073 1403 1124 statuit,
1425 1076 1465 1112 et
1487 1072 1580 1112 alia.

709 1217 851 1258 CAP.
909 1217 983 1259 III.

611 1299 685 1342 De
721 1300 1060 1356 affectionibus.

211 1406 434 1457 Vocalium,
465 1416 570 1456 quae
595 1406 724 1456 sigma
755 1406 1013 1459 antecedunt,
1045 1407 1247 1458 scriptura
1282 1416 1401 1457 quam
1430 1405 1581 1445 incon-

103 1477 220 1515 stans
252 1474 325 1524 sit,
367 1471 554 1511 omnibus
596 1475 691 1511 ante
733 1472 877 1512 oculos
919 1477 994 1525 est,
1026 1473 1246 1524 praecipue
1275 1473 1316 1511 in
1346 1471 1578 1511 nominibus

102 1539 282 1592 propriis
322 1541 361 1576 et
399 1537 449 1575 iis
488 1537 740 1589 peregrinis,
778 1548 882 1588 quae
922 1548 1006 1577 non
1045 1537 1208 1578 dubium
1249 1542 1311 1577 est
1345 1548 1369 1577 a
1411 1536 1582 1577 Graecis

100 1604 204 1655 Ipsis
235 1603 347 1642 varie
378 1602 650 1653 pronunciata
681 1606 719 1641 et
751 1603 903 1653 scripta
925 1614 1019 1642 esse
1044 1603 1153 1642 velut
1173 1603 1396 1654 Μοναίσης
1414 1600 1580 1642 Μονέσ-

102 1678 175 1720 σης
204 1668 377 1720 Appian.
408 1666 541 1707 Parth.
572 1678 609 1717 p.
641 1666 704 1708 93.
737 1667 959 1707 Monaeses
991 1672 1030 1707 et
1062 1678 1188 1720 saepe
1218 1669 1414 1708 Moneses
1443 1679 1478 1708 v.
1508 1668 1581 1708 In-

101 1739 203 1786 terp.
234 1733 284 1774 ad
312 1733 408 1772 Hor.
440 1732 503 1772 III.
537 1731 608 1773 Od.
640 1731 676 1785 6,
707 1732 743 1773 9.
780 1728 1064 1784 Οὐολόγαισος
1092 1734 1168 1774 Dio
1202 1734 1318 1775 Cass.
1346 1733 1482 1774 XLIX.
1515 1734 1580 1776 23.

100 1799 335 1849 vologesus
375 1804 414 1838 et
454 1798 685 1849 Vologeses
733 1798 840 1850 apud
877 1799 1048 1839 Latinos
1093 1803 1308 1852 auctores,
1354 1797 1582 1852 Βολόγεσος

99 1863 268 1904 Aristid.
316 1863 382 1904 Or.
428 1864 541 1903 Sacr.
578 1863 605 1903 I.
646 1863 738 1904 281.
782 1865 823 1905 Τ.
863 1865 889 1905 Ι.
929 1865 1094 1905 Lucian.
1134 1865 1276 1913 Quom.
1306 1865 1410 1906 Hist.
1443 1870 1481 1914 §.
1514 1866 1578 1907 31.

101 1929 211 1982 quod
241 1928 391 1980 duplici
421 1929 552 1979 sigma
582 1929 842 1970 scribendum
872 1934 916 1970 ut
954 1930 1202 1981 Vologessia
1230 1932 1426 1971 Ammian.
1455 1932 1580 1973 Marc.

99 1995 237 2036 XXIII.
275 1994 321 2047 6,
362 1994 426 2035 23.
467 1992 760 2045 Βολογεσσιεύς
800 1996 840 2035 in
882 1995 971 2036 cod.
1013 1996 1224 2049 Stephani,
1260 1994 1452 2044 ’Ἀλαισος
1490 1998 1579 2038 sive

88 2059 263 2101 ’Ἀλαισα
303 2060 463 2112 (omiss.
504 2060 545 2099 in
584 2060 671 2113 Th.)
713 2065 752 2100 et
791 2061 942 2101 Halesa
979 2073 1015 2102 v.
1054 2062 1190 2102 Wess.
1229 2061 1280 2102 ad
1320 2061 1437 2102 Diod.
1476 2061 1577 2103 XIV.

104 2125 166 2168 16.
198 2126 369 2177 Interpr.
393 2125 443 2166 ad
464 2125 534 2167 Sil.
556 2125 656 2167 XIV.
677 2125 769 2167 218.
819 2127 877 2167 De
905 2127 1106 2178 adjectivo
1133 2127 1252 2178 hujus
1279 2127 1435 2167 formae
1454 2127 1577 2167 unico

101 2195 219 2232 cavet
239 2191 326 2231 EM.
347 2190 441 2242 482,
458 2191 521 2232 22.
545 2188 741 2243 κάβαισος
761 2187 829 2231 διὰ
847 2189 1095 2245 διφθόγγου.
1139 2192 1338 2245 Πειρασία
1361 2192 1469 2244 apud
1488 2193 1578 2233 Ste-

99 2257 275 2308 phanum
315 2257 492 2296 fortasse
521 2256 760 2297 mendosum
788 2261 852 2297 est
878 2268 953 2308 pro
986 2257 1198 2310 Πειρεσία,
1236 2268 1314 2298 nec
1344 2253 1578 2311 ἀπειράσιος

98 2322 246 2373 legitur
269 2333 343 2374 pro
364 2317 603 2372 ἀπειρέσιος,
633 2322 706 2362 sed
732 2322 945 2374 analogiae
971 2323 1148 2363 nominis
1170 2319 1294 2374 πέρας
1324 2324 1578 2364 convenien-

99 2388 179 2427 tius
202 2392 277 2428 est.
311 2388 445 2438 Saepe
466 2399 563 2427 vero
583 2387 701 2439 alpha
728 2398 817 2427 cum
839 2393 905 2427 eta
926 2393 1064 2428 certat.
1108 2386 1330 2441 Παρυησός
1359 2387 1467 2439 apud
1488 2389 1578 2429 Ho-

98 2464 251 2493 merum
273 2458 310 2492 et
326 2452 577 2493 Herodotum
596 2452 768 2504 legimus
789 2457 827 2492 et
848 2463 1138 2504 nonnunquam
1154 2455 1195 2494 in
1216 2454 1364 2494 sabulis
1377 2453 1578 2505 Tragico-

100 2528 199 2570 rum,
221 2518 350 2568 sigma
366 2528 473 2558 nunc
494 2529 574 2558 uno
595 2529 702 2559 nunc
720 2517 950 2569 geminato,
984 2516 1208 2570 Παρνασός
1225 2519 1387 2559 Pindari
1409 2518 1576 2560 codices

102 2587 262 2622 tuentur
294 2584 343 2624 cs.
375 2583 609 2624 Schneider.
642 2583 811 2625 Gramm.
842 2583 869 2623 I.
903 2582 941 2635 2,
970 2583 1061 2625 441.
1084 2579 1326 2636 Ὗπερήσιος
1353 2583 1574 2635 Epicorum

100 2648 279 2687 sermoni
305 2649 519 2701 convenit,
549 2649 750 2689 communi
772 2643 1032 2698 ‘Tnepcictoffi
1074 2649 1183 2700 quod
1214 2650 1455 2702 Spitznerus
1487 2648 1575 2690 011-

101 2723 204 2752 serv.
246 2713 285 2752 iu
327 2713 456 2760 Quint.
495 2713 580 2755 133.
607 2717 700 2764 jure
731 2713 780 2753 ab
810 2713 1034 2764 Apollonio
1066 2714 1283 2764 abjudicat.
1343 2712 1518 2766 Κάβησα
1547 2711 1574 2767 ἡ
