1731 3021
145 152 205 195 76
624 153 1067 197 DISSERTATIO
1122 155 1149 195 Ι.

147 261 345 315 φίλτατον
375 274 408 304 ο.
438 262 498 304 10.
530 264 748 316 neptisque
781 263 1043 305 Gnathaenae
1076 264 1349 315 Γναθαίνιον,
1382 276 1431 305 ea
1462 269 1502 304 el
1531 276 1635 306 voce

149 332 190 369 et
231 329 444 370 intellectu
483 328 731 370 deminutiva
769 333 864 370 sunt
897 329 1065 382 perinde
1105 333 1148 370 ut
1187 330 1414 371 masculina
1452 326 1635 384 Εὐριπί-

149 393 262 446 διον,
297 391 592 448 Πριαμύλλιον.
652 394 733 436 Sed
764 406 868 435 voce
899 395 1032 435 solum
1063 396 1098 435 si
1133 396 1394 448 propriorum
1425 397 1560 437 loeum
1593 398 1634 438 in

148 465 390 514 perpetuum
412 461 698 511 obtinuerunt3
729 471 810 512 quo
835 462 944 500 facto
966 460 1016 500 ab
1042 461 1123 500 illis
1148 465 1303 501 lantum
1325 461 1479 503 distant
1500 473 1634 515 quan—

150 531 233 567 tum
270 527 449 567 virorum
486 527 656 580 propria
688 521 958 578 Ἑρμαῖσκός,
1001 525 1233 580 Λυκίσκος,
1287 528 1572 580 Παρμενίσκος
1609 540 1633 569 a

151 592 410 634 deminutivis
434 588 728 645 Ἡρακλίσκος,
763 592 983 639 Πανίσκος.

257 664 295 707 §.
327 659 364 700 7.
422 659 692 710 Paronymiae
731 663 928 711 quatuor,
970 662 1013 697 ut
1047 657 1141 710 dixi,
1173 658 1355 712 speeies,
1395 670 1500 711 quae
1531 670 1631 711 prae

147 725 298 766 ceteris
329 725 505 765 eminent
528 730 567 765 et
589 728 802 777 apparent,
832 728 1051 776 motusque
1071 724 1201 774 magis
1227 723 1439 765 ordinatos
1464 724 1629 777 habent,

147 792 316 844 propria
353 792 519 831 nomina
559 791 733 831 sortitae
769 794 885 843 sunt,
929 794 1092 830 ceierae
1123 790 1230 830 sieut
1261 791 1376 841 ignes
1409 791 1507 830 salui
1537 791 1630 830 hine

144 857 239 898 inde
270 857 444 897 emicant
476 867 525 896 ao
553 867 697 896 rursus
730 866 751 895 e
772 855 948 906 vestigio
982 859 1246 895 evanescunt.
1299 855 1381 896 Sed
1399 857 1505 896 inter
1527 856 1629 897 haee

144 927 280 964 tamen
317 927 381 964 est
411 932 541 974 genus
581 920 784 973 quoddam
823 922 955 960 minus
994 921 1238 974 volaticum,
1281 920 1380 961 illud
1411 933 1490 973 quo
1524 932 1629 962 con-

144 991 323 1030 tinentur
353 989 525 1029 arbores
547 991 586 1028 et
608 988 764 1027 fructus
794 987 971 1029 arborei.
1010 986 1053 1027 Id
1075 990 1208 1026 aulem
1231 998 1320 1027 eum
1336 992 1482 1028 nostra
1502 999 1630 1028 causa

141 1057 222 1098 hoo
263 1056 416 1096 arctius
456 1054 651 1094 cohaeret
691 1052 801 1104 quod
839 1053 879 1093 in
921 1064 969 1093 eo
1005 1064 1147 1093 omnes
1188 1053 1273 1093 sere
1312 1052 1533 1093 variandae
1566 1053 1627 1093 rei

143 1122 386 1175 suppositae
414 1120 598 1161 rationes
630 1119 848 1172 confluunt,
880 1130 983 1170 quas
1014 1119 1054 1157 in
1075 1118 1281 1170 prioribus
1303 1118 1524 1169 generibus
1547 1119 1627 1159 ob-

143 1188 410 1230 servavimus.
466 1186 643 1226 Primum
683 1185 788 1225 enim
827 1184 1058 1224 dividuntur
1096 1184 1343 1237 generatim,
1389 1187 1431 1223 ut
1461 1183 1627 1223 nomina

142 1255 381 1295 affinitatum
413 1256 453 1292 et
484 1263 630 1302 sexus,
667 1251 708 1290 in
737 1251 990 1301 heterozyga
1021 1253 1060 1289 et
1090 1259 1257 1300 syzyga.
1326 1248 1444 1298 Quod
1474 1248 1625 1289 discri-

143 1331 235 1361 men
275 1318 494 1359 declarabo
526 1317 738 1370 Amphidis
777 1316 914 1356 verbis
954 1315 1048 1355 Ath.
1081 1315 1126 1355 ll.
1157 1315 1221 1355 50.
1259 1315 1299 1355 F.
1340 1311 1363 1356 ὁ
1400 1312 1627 1367 συκάμινος

142 1380 344 1438 συκάμιν’,
376 1380 487 1440 ὁρᾷς,
518 1379 644 1436 φέρει,
676 1378 698 1422 ὁ
727 1384 874 1433 πρῖνος
900 1376 1093 1430 ἀκύλους,
1126 1375 1148 1420 ὃ
1178 1376 1359 1433 κόμαρος
1386 1382 1622 1435 μιμαίκυλα,

141 1449 310 1505 κράνεια
336 1447 528 1504 μέσπιλα,
561 1454 601 1489 et
632 1448 887 1500 Theopompi
918 1459 955 1500 p.
978 1448 1041 1488 77.
1066 1447 1112 1488 Ε.
1144 1442 1216 1494 τὰς
1244 1449 1373 1495 συκᾶς
1402 1449 1521 1498 σῦκα,
1552 1443 1625 1495 τὰς

141 1515 181 1561 δ’
214 1514 419 1571 ἀμπέλους
446 1513 607 1569 βότρυς,
639 1511 710 1561 τὰς
740 1509 779 1553 δ’
813 1510 949 1560 ἐλαίας
978 1509 1118 1566 φέρειν
1147 1511 1292 1561 ἐλαίας.
1350 1514 1622 1565 Helerozygis

141 1596 247 1638 quae
277 1584 340 1624 his
362 1583 551 1623 versibus
584 1582 856 1633 eontinentur,
888 1579 1145 1631 adjungenda
1169 1584 1263 1620 sunt
1288 1580 1414 1619 haee:
1445 1576 1624 1632 βάλανος

141 1647 164 1692 ὃ
193 1651 264 1703 τῆς
294 1644 420 1702 δρυὸς
448 1643 606 1700 καρπός
636 1645 789 1686 Aneed.
814 1645 940 1686 Bekk.
964 1645 1056 1686 3²73.
1088 1641 1162 1685 τὸν
1191 1641 1352 1698 καρπὸν
1381 1645 1453 1698 τῆς
1480 1645 1624 1693 πίτυος

137 1713 379 1771 μετεξέτεροι
416 1711 648 1766 στρόβιλον,
698 1713 738 1752 οῖ.
767 1708 809 1752 ὁὲ
839 1712 977 1752 κῶνον
1006 1712 1206 1752 καλοῦσιν
1236 1711 1385 1752 Herod.
1419 1711 1462 1751 V.
1501 1711 1619 1752 Hom.

140 1789 179 1832 ἓ.
212 1784 276 1824 20.
309 1794 345 1821 v.
377 1781 427 1821 ad
456 1780 603 1830 Phryn.
637 1778 729 1820 396.
764 1774 787 1818 ὁ
816 1774 974 1831 καρπὸς
1002 1779 1074 1832 τῆς
1102 1779 1293 1831 κρανείας
1322 1778 1500 1818 καλεῖται
1528 1776 1621 1817 πίτ-

138 1849 248 1900 ταξις
275 1845 303 1902 ἢ
332 1844 542 1901 βάρβυλον
569 1842 596 1897 ἢ
625 1841 759 1896 μάρον
790 1844 928 1885 Schol.
964 1843 1036 1885 Od.
1066 1845 1113 1885 X.
1147 1845 1238 1886 242.
1271 1840 1420 1898 μηλέας
1448 1842 1622 1896 μηδικῆς

138 1912 161 1957 ὁ
190 1910 349 1967 καρπὸς
378 1908 515 1954 οὐκέτι
542 1911 675 1964 μῆλον
702 1907 880 1963 μηδικὸν
907 1905 1008 1949 ἀλλὰ
1037 1911 1193 1962 κιτρίον
1217 1906 1456 1963 ὀνομάζεται
1479 1909 1617 1950 Galen.

137 1995 174 2023 v.
209 1981 259 2022 ad
287 1980 435 2030 Phryn.
466 1978 559 2019 470.
592 1976 791 2028 Pleraque
822 1987 919 2016 vero
954 1976 1145 2016 arborum
1171 1981 1210 2017 et
1236 1978 1436 2017 fruetuum
1455 1975 1622 2015 nomina

139 2048 281 2090 eadem
313 2050 427 2087 sunt:
475 2040 521 2083 τὸ
553 2043 721 2095 ζίζυφον
751 2066 802 2070 -—
836 2037 887 2081 τὰ
917 2042 1060 2095 ζίζυφα
1092 2042 1248 2095 Geopp.
1280 2043 1326 2083 Χ.
1360 2042 1425 2083 42.
1467 2037 1620 2093 ἐρινεὸς

135 2111 162 2169 ἡ
193 2110 313 2167 ἀγρία
341 2111 447 2164 συκῆ
477 2107 548 2150 καὶ
580 2104 602 2149 ὅ
631 2104 789 2160 καρπὸς
818 2103 873 2156 ὡς
901 2105 1013 2148 ἐλαία
1041 2104 1088 2148 τὸ
1118 2105 1254 2161 φυτὸν
1283 2105 1352 2148 καὶ
1381 2104 1404 2147 ὁ
1433 2122 1470 2148 κ.
1500 2107 1616 2147 Eusl.

136 2181 229 2235 653,
260 2180 324 2222 54.
366 2174 573 2228 ἄρκευθος
605 2172 652 2214 τὸ
684 2171 814 2227 ὁένὸρ.
853 2172 923 2214 καὶ
959 2169 979 2214 ὁ
1018 2188 1138 2227 καρπ.
1171 2174 1264 2215 Soh.
1297 2174 1384 2214 Nic.
1419 2173 1488 2213 Th.
1522 2172 1615 2213 379.

134 2248 219 2288 τῶν
255 2245 456 2299 φοινίκων
492 2238 566 2282 τὸν
605 2236 768 2293 καρπὸν
805 2240 845 2280 οἱ
871 2237 1063 2293 ΓΈλληνες
1100 2236 1330 2292 ὁμωνύμως
1359 2240 1416 2295 τῷ
1447 2235 1617 2296 δένδρῳ,

134 2309 238 2360 τινὲς
268 2308 310 2352 δὲ
339 2311 422 2351 τῶν
449 2304 662 2361 νεωτέρων
692 2306 844 2360 ἰατρῶν
864 2304 1238 2359 φοινικοβαλάνους
1264 2306 1401 2347 Galen.
1428 2304 1476 2345 de
1496 2305 1615 2345 Suco.

136 2378 252 2432 prob.
286 2388 320 2417 ο.
340 2377 378 2430 4,
403 2375 495 2417 779.
530 2375 572 2415 Τ.
596 2375 657 2415 VI.
688 2371 826 2426 φοίνιξ
856 2369 989 2425 ὄνομα
1018 2369 1193 2426 δένδρου
1225 2370 1295 2413 καὶ
1322 2371 1486 2424 καρποῦ
1513 2367 1618 2422 πρὸς

135 2440 356 2497 ὁμοιότητα
384 2440 518 2489 ἐλαίας
546 2438 615 2481 καὶ
644 2439 760 2492 ῥοιᾶς
797 2439 912 2479 EuSt.
947 2438 1065 2492 1558,
1097 2440 1132 2479 7.
1171 2435 1266 2491 ῥοιά
1293 2434 1321 2491 ἢ
1351 2435 1430 2487 ῥόα
1459 2432 1482 2477 ὃ
1512 2451 1617 2488 καρ-

134 2506 211 2557 πὸς
239 2507 308 2550 καὶ
337 2504 384 2548 τὸ
412 2505 585 2558 δένδρον
616 2507 754 2547 Thom.
812 2506 923 2546 Haeo
952 2504 1074 2556 igitur
1104 2504 1351 2555 homonyma
1381 2507 1498 2556 sunt,
1537 2502 1617 2543 alia

136 2575 487 2625 semihomonyma
517 2578 556 2615 et
585 2573 624 2613 id
653 2573 787 2624 ipsum
818 2570 927 2623 quod
957 2573 1168 2622 postremo
1199 2569 1293 2609 loeo
1326 2567 1468 2621 posui,
1507 2579 1617 2608 non-

134 2641 233 2681 nulli
263 2636 358 2691 ροιά
388 2641 572 2681 scribunt
603 2640 638 2680 si
669 2639 858 2679 arborem
886 2636 1107 2688 signifieat,
1137 2631 1215 2687 ῥοά
1246 2635 1281 2675 si
1312 2635 1485 2675 fructum
1514 2634 1617 2674 Am-

134 2717 241 2748 mon.
282 2705 383 2746 Poll.
415 2705 567 2747 Aneod.
601 2704 764 2746 Baohm.
803 2703 849 2745 Il.
882 2702 974 2745 379.
1015 2697 1115 2741 ἐλάα
1152 2696 1176 2741 ὁ
1213 2697 1389 2754 καρπός,
1428 2697 1542 2740 ἐλαία
1569 2696 1617 2740 τὸ
