1699 3021
235 147 303 189 DE
333 146 621 190 NOMINIBUS
652 147 705 188 IN
733 149 759 188 v]
782 147 1126 191 EXEUNTIBUS.
1164 150 1205 192 C.
1238 152 1299 192 IV.
1333 157 1371 200 ὃ.
1397 154 1429 196 1.
1491 157 1574 200 201

101 260 225 311 χεῖρες
262 255 553 308 κρυστάλλιναι
593 258 835 310 congelatae
869 258 1062 310 Hippocr.
1092 256 1279 312 τράγιναι
1308 259 1428 315 κόραι
1455 266 1576 308 Anth.

103 327 144 363 et
179 323 324 376 λαγίνη
357 321 482 375 γέννα
520 324 711 374 Aeschyl.
750 335 824 376 pro
862 323 1081 375 genitivis¹
1127 329 1202 366 etc.
1260 327 1576 374 Adverbialibus

103 387 418 431 adnumerantur
458 392 578 431 etiam
616 386 775 438 ἀδινός,
823 386 1019 442 θαμινός,
1058 388 1249 441 πυκινός,
1288 394 1453 446 ταχινός
1490 398 1577 439 ΕΜ

102 453 178 507 58,
209 454 274 495 52.
305 456 458 496 Anecd.
493 457 623 497 Cram.
656 456 681 496 Ι.
715 455 807 496 349.
836 466 968 506 neque
1001 455 1050 495 ab
1083 467 1131 496 ea
1160 459 1321 499 ratione
1354 460 1577 504 abhorrent

103 514 328 571 οὐδαμινός
359 527 398 561 et
427 519 665 574 μηὸαμινός.
707 520 789 562 Sed
811 520 920 572 quod
943 520 1063 562 iidem
1083 516 1283 575 ἀληθινός
1307 525 1356 564 ab
1381 526 1574 569 adverbio

102 580 254 638 ἀληθές
291 586 515 628 derivatum
563 591 770 640 statuunt,
819 583 982 634 πεδινός
1020 597 1044 627 a
1079 583 1195 628 πέδοι
1235 588 1365 630 Cram.
1398 591 1443 632 ΙΙ.
1485 592 1577 635 327.

103 648 272 701 ῥαδινός
302 664 327 692 a
355 650 506 705 ῥεάδην
532 653 618 693 EM.
651 664 730 705 quo
762 663 880 693 nemo
920 663 1020 693 usus
1061 657 1148 707 est,
1186 654 1376 697 indicium
1407 659 1579 709 praebet

105 727 179 757 eos
211 728 293 757 non
319 723 470 758 tantam
493 719 802 769 significationis
828 729 965 758 curam
990 719 1184 760 habuisse
1210 726 1401 772 quantam
1424 734 1578 764 accen-

106 780 220 836 tus²‚
260 783 309 824 de
349 795 429 835 quo
470 784 567 824 nihil
607 784 716 824 aliud
755 785 936 835 praecipi
976 787 1158 836 oportuit
1193 798 1312 838 quam
1351 790 1579 830 materialia

105 850 280 902 gravari,
313 851 553 901 temporalia
586 854 767 901 oxytona
791 861 898 900 esse,
932 850 1155 903 eodemque
1191 863 1295 892 sono
1329 853 1444 907 finiri,
1471 866 1578 907 quae

106 914 238 953 neutri
278 915 487 966 adscripta
526 916 606 956 sint
653 915 804 965 generi.
867 915 1020 956 Contra
1060 917 1240 968 regulam
1279 919 1476 971 scriptum
1514 924 1579 962 est

106 978 251 1032 βαϊνός
280 981 386 1034 apud
417 981 713 1033 Symmachum,
740 978 902 1032 χηλινός
930 981 1031 1022 Poll.
1062 986 1101 1021 et
1129 979 1290 1035 τήτινος
1313 987 1399 1035 jam
1430 986 1524 1026 olim
1555 998 1580 1027 a

107 1047 336 1098 Phrynicho
362 1047 605 1097 castigatum
626 1046 730 1098 App.
754 1046 819 1099 66,
844 1045 905 1087 19.
945 1047 1175 1088 Verbalium
1205 1049 1262 1089 illi
1286 1051 1437 1092 nullam
1461 1064 1580 1094 men-

110 1113 260 1153 tionem
291 1114 495 1163 fecerunt3
533 1123 610 1152 nee
639 1117 737 1164 puto
770 1112 1042 1152 demonstrari
1074 1124 1214 1163 posse.
1270 1115 1372 1157 Nam
1402 1118 1582 1170 βίβλινος

109 1173 221 1226 οἶνος
248 1179 414 1219 Hesiod.
448 1178 549 1230 Opp.
580 1178 672 1218 589.
706 1189 730 1218 a
758 1174 870 1230 βλύω
900 1183 1171 1229 propagatum
1210 1190 1305 1221 esse
1342 1182 1393 1223 ad
1423 1184 1582 1235 signifi-

110 1245 282 1285 candum
312 1246 446 1285 vinum
466 1244 802 1296 valentissimum,
835 1242 1082 1294 Goettlingio
1107 1255 1191 1285 non
1216 1245 1475 1298 crediderim3
1503 1259 1582 1289 nec

107 1311 237 1361 magis
258 1308 356 1350 illud
375 1308 484 1361 quod
506 1308 746 1349 Welckerus
769 1309 939 1349 affirmat
961 1309 1009 1350 de
1032 1310 1230 1361 Tragoed.
1256 1311 1444 1364 Graecp.
1459 1313 1577 1356 1017.

109 1375 269 1416 Carcini
291 1386 441 1415 nomen
461 1374 712 1415 citharistam
743 1375 973 1426 significare
1003 1387 1027 1416 a
1055 1372 1187 1427 κρέκω
1217 1376 1433 1430 ductum33
1462 1379 1581 1420 αἴθι-

107 1455 180 1488 νος
208 1441 319 1481 nulla
357 1451 483 1481 causa
523 1444 586 1481 est
617 1451 688 1480 cur
717 1442 767 1482 ab
798 1441 908 1482 αἴθω
948 1442 1086 1494 potius
1122 1445 1333 1494 repetatur
1369 1455 1488 1496 quam
1529 1446 1580 1486 ab

109 1503 242 1560 αἰθός,
272 1510 316 1547 ut
345 1506 470 1547 multa
500 1510 596 1547 suut
626 1505 828 1558 adjectiva
858 1507 908 1548 ab
940 1507 1154 1559 adjectivis
1177 1514 1407 1561 propagata
1433 1512 1581 1562 partim

110 1572 254 1613 eodem
281 1572 493 1612 intellectu
518 1573 664 1623 partim
687 1573 833 1614 leniter
853 1573 1023 1627 deflexo,
1047 1570 1280 1625 γλαύκινος,
1309 1573 1578 1627 μαλθάκινος,

111 1635 382 1688 δειλάκρινος,
423 1635 603 1689 ἱλάρινος
633 1640 731 1689 (nisi
759 1640 945 1691 peccavit
975 1639 1199 1692 librarius),
1228 1638 1460 1692 μικύθινος,
1490 1657 1580 1693 τρι-

111 1703 277 1756 μίτινος,
300 1699 597 1754 τριπιθήκινος,
617 1701 904 1756 χολοβάφινος,
927 1699 1220 1755 ὠμοβύρσινος,
1253 1706 1302 1744 cs.
1323 1706 1468 1748 Parall.
1488 1708 1580 1750 247.

112 1780 283 1821 quorum
321 1768 518 1808 nonnulla
554 1770 847 1820 primitivorum
887 1770 1021 1809 locum
1061 1770 1246 1823 explent,
1297 1775 1338 1811 et
1377 1773 1581 1814 facticium

112 1832 315 1881 ἐκείνινος.
375 1834 425 1874 Et
463 1834 606 1873 horum
645 1835 840 1886 pleraque
885 1835 1063 1887 antiquis
1101 1835 1244 1886 ignota
1282 1841 1377 1877 sunt
1418 1842 1458 1878 et
1501 1839 1582 1880 alia

111 1900 324 1951 utriusque
352 1900 513 1950 generis
544 1895 713 1951 αὐρινός
737 1900 867 1940 Cram.
892 1901 938 1940 ΙΙ.
972 1900 1062 1953 179,
1084 1902 1148 1942 31.
1178 1897 1329 1955 βόϊνος,
1359 1900 1582 1957 δένδρινος,

113 1962 407 2017 καθημερινός,
440 1961 604 2015 domnis,
637 1962 870 2019 σημερινός,
908 1964 1097 2018 χρύσινος
1127 1971 1203 2007 etc.
1238 1965 1382 2016 Θέϊνος
1411 1974 1451 2010 ct
1479 1967 1586 2010 τιτύ·

112 2045 225 2083 ρινος
252 2031 293 2070 1η
322 2031 580 2071 monimentis
611 2030 776 2072 doricae
817 2032 981 2073 dialecti
1018 2033 1287 2074 continentur.
1335 2033 1448 2083 Quae
1485 2046 1584 2076 vero

203 2196 238 2239 1)
270 2195 466 2231 Herodotus
492 2200 609 2231 contra
633 2196 760 2229 πέδιλα
786 2196 922 2241 νεβρῶν
948 2197 1032 2231 dixit
1059 2197 1132 2231 Vll.
1159 2198 1214 2233 75.
1236 2198 1317 2241 quia
1338 2199 1499 2243 νέβρινος
1517 2207 1585 2234 non

114 2250 254 2286 licebat.
303 2251 479 2285 Audacius
504 2251 709 2296 Calpurnius
737 2252 809 2286 Eri.
839 2253 876 2287 V.
904 2254 957 2288 90.
983 2254 1097 2295 fumus
1121 2254 1280 2285 cervinus.

201 2307 239 2349 2)
268 2306 342 2341 Neo
363 2307 565 2351 θηλαμινός
588 2309 752 2344 adverbio
774 2309 833 2342 ulii
856 2308 979 2351 subjici
997 2311 1122 2352 potest,
1147 2310 1174 2341 si
1193 2307 1388 2351 Hesychius
1405 2309 1453 2342 ita
1471 2310 1587 2353 scrip-

115 2363 159 2395 sit
183 2362 388 2405 θηλαμινοῦ
414 2352 576 2408 neofitos),
603 2365 666 2400 sed
695 2365 839 2398 tortasse
867 2363 1077 2408 {ffrschftot'os'
1097 2365 1254 2407 scripsit3
1280 2362 1458 2406 θηλιιμών
1476 2365 1590 2399 acllve

117 2416 185 2450 dici
209 2418 321 2459 potuit
350 2421 384 2453 et
407 2420 546 2462 passive
573 2423 609 2454 ut
634 2418 816 2464 τρόφιμος
842 2423 876 2455 et
901 2421 1056 2452 alumnus
1081 2419 1149 2454 hoc
1174 2423 1227 2455 est
1251 2421 1308 2463 qui
1336 2419 1437 2453 alitur
1472 2422 1508 2455 et
1531 2420 1591 2463 qui

117 2471 186 2505 alit.

205 2526 243 2569 3]
279 2526 496 2562 Herodianus
538 2539 642 2563 unum
683 2530 778 2565 novit
802 2532 980 2573 Καρκίνος
1010 2533 1247 2574 paroxytonon
1283 2529 1493 2573 appellativo
1529 2539 1593 2574 per

117 2581 232 2614 omnia
251 2582 382 2624 siinile3
410 2583 454 2619 de
482 2594 549 2628 quo
574 2593 641 2618 non
666 2584 864 2620 Meinekius
891 2589 979 2620 errat
1002 2585 1064 2621 sed
1091 2585 1308 2627 Welckerus‚
1342 2586 1440 2627 cujus
1467 2584 1593 2628 dispu-

117 2636 212 2678 tatio,
239 2638 275 2668 ut
300 2638 464 2679 equidem
492 2640 608 2683 video,
634 2639 700 2675 hac
726 2650 793 2676 una
818 2642 950 2677 ratione
976 2642 1103 2683 nititur,
1128 2649 1253 2676 nomen
1275 2641 1403 2674 Cancer
1426 2649 1494 2676 non
1523 2640 1593 2677 de-

119 2699 199 2726 cere
225 2694 374 2733 poetam.
