1731 3021
165 180 258 225 508
637 144 1078 218 mssERrATIo
1117 174 1183 219 xi.

271 293 311 337 ξ.
341 287 380 330 8.
436 287 652 328 Postrema
691 284 983 337 disputationis
1025 288 1197 326 nostrae
1233 295 1330 336 pars
1369 283 1546 337 pertinet
1583 282 1635 324 ad

159 367 277 398 usum
306 352 601 395 vocabulorum
630 351 671 391 in
695 341 766 398 ἧς
796 350 1065 391 desinentium
1104 355 1143 391 et
1181 351 1295 391 varIa
1330 350 1630 390 inclinamenta.

159 422 222 464 Ad
250 421 361 462 illum
392 417 502 471 quod
532 418 687 470 attinet,
718 416 929 457 dicendum
962 421 1037 470 est,
1067 428 1152 457 non
1183 417 1358 457 omnium
1377 425 1516 468 parem
1538 424 1633 455 esse

160 487 460 530 auctoritatem:
501 479 813 536 ’Λναφάλαντον
861 477 940 522 οὐκ
983 479 1268 535 ἀνφαλαντίαν
1309 478 1473 534 λέγουσι
1522 478 1632 521 Suid.

159 548 361 606 τολμητής
403 546 454 592 οὐ
494 550 711 602 τολματίας
750 550 887 589 Thom.
928 561 1007 601 quo
1048 549 1247 601 Agathias
1286 547 1313 588 I.
1345 547 1391 600 4,
1424 545 1484 588 14.
1513 545 1634 586 Anna

161 620 301 662 Comn.
330 618 411 659 XV.
443 616 533 657 474.
565 616 607 657 Β.
638 616 772 657 XVIII.
804 615 896 656 231.
927 615 970 656 B.
1011 619 1050 655 et
1094 615 1161 655 alii
1200 614 1321 665 hujus
1361 613 1518 653 ferreae
1558 621 1633 650 ca-

160 691 279 728 tenae
309 688 473 725 utuntur
503 693 591 723 cum
622 682 842 723 similibus:
875 676 1069 732 ὁρμητίας
1098 692 1133 720 v.
1166 680 1262 721 Has.
1293 678 1343 720 ad
1372 679 1496 719 Leon.
1520 676 1633 717 Diae.

159 765 198 806 p.
228 751 320 793 442.
351 745 576 798 ἀλαζονίας,
607 748 785 801 γοητίας,
816 747 1051 798 σωμασκίας
1087 746 1345 797 Epimerismi
1383 742 1632 785 Herodianei

160 817 371 872 praebent,
401 815 619 867 βρυχητίας
642 818 681 854 et
711 812 981 866 σοφισματίας
999 811 1181 863 Nicctas,
1212 808 1632 863 γυναικοπρωςωπίας

160 883 374 925 Constant.
405 881 586 920 Manass.
618 875 876 931 ἄγαλματίας,
898 878 1206 930 γλωσσηματίας
1223 876 1463 928 (lingulaca)
1482 874 1631 927 δογμα-

157 949 246 997 τίας
297 947 519 989 Caesarum
560 944 829 997 aequales,38
878 943 1144 997 βαδισματίας
1190 954 1264 995 pro
1310 938 1543 995 βαδιστικός
1593 944 1632 981 et

157 1013 329 1067 πρατίας
368 1023 442 1065 pro
481 1008 637 1064 πράτης
672 1011 819 1051 Pollux
858 1011 994 1062 poetis
1035 1009 1183 1050 addicit
1231 1009 1420 1060 comicis,
1460 1017 1632 1060 quorum

158 1081 352 1134 princeps
383 1078 551 1130 proprio
579 1072 793 1129 Ἀμυντίας
822 1076 923 1128 qu.
954 1075 1044 1117 570.
1076 1087 1176 1116 usus
1208 1080 1270 1115 est
1312 1086 1387 1126 pro
1429 1075 1631 1126 adjectivo

158 1144 451 1200 praeeuntibus
491 1144 674 1195 Tragicis
717 1143 785 1194 qui
827 1139 931 1189 Ζεὺς
965 1138 1185 1193 νικόμαχος
1220 1138 1289 1181 καὶ
1323 1140 1554 1187 παυσανίας
1593 1143 1633 1180 et

160 1213 239 1254 alia
266 1209 498 1262 hujusmodi
528 1211 617 1250 ausi
648 1213 743 1250 sunt
773 1208 974 1260 Aglaoph.
1003 1207 1097 1249 857.
1136 1207 1222 1248 Hos
1244 1212 1467 1259 sequuntur
1487 1206 1632 1247 Gram-

157 1278 317 1320 matici:
348 1275 504 1324 Μιξίας
533 1271 556 1315 ὁ
585 1272 772 1327 μιγνύων
802 1280 840 1315 et
877 1274 1017 1320 Τισίας
1048 1269 1070 1312 ὁ
1098 1269 1322 1325 τιμώμενος
1361 1272 1471 1314 Suid.
1495 1268 1633 1324 Ἁγίας

160 1341 183 1385 ὁ
212 1339 440 1397 ἡγούμενος
471 1341 567 1381 Tim.
600 1340 735 1381 Gloss.
761 1338 943 1386 Ἀκεσίας
961 1335 1052 1378 ἀντὶ
1081 1339 1156 1379 τοῦ
1177 1336 1315 1391 ἰατρός
1333 1338 1486 1380 Anecd.
1503 1337 1629 1379 Bekk.

159 1409 252 1452 379.
291 1408 380 1449 Hoc
417 1408 459 1447 in
499 1417 649 1457 genere
688 1407 723 1446 si
761 1405 855 1457 quid
895 1409 958 1446 est
999 1405 1259 1458 offensionis,
1289 1405 1338 1445 ad
1367 1405 1524 1444 vicinas
1556 1403 1631 1445 de-

159 1476 335 1518 curritur
377 1473 708 1524 terminationes,
749 1482 917 1523 quarum
949 1471 1300 1522 opportunissima
1331 1475 1394 1511 est
1423 1461 1520 1522 ἴτης.
1551 1469 1631 1510 Λί-

157 1545 237 1589 θος
265 1539 408 1593 μυλίας
434 1538 580 1578 dicitur
622 1538 755 1578 Strab.
798 1537 859 1577 VI.
900 1535 992 1576 269.
1034 1537 1100 1587 qui
1142 1536 1278 1587 paullo
1321 1540 1417 1587 post
1459 1547 1496 1587 p.
1538 1535 1630 1576 277.

157 1608 275 1654 λίθος
303 1605 469 1658 μυλίτης
498 1605 604 1643 Sicut
629 1602 845 1655 κογχυλίας
873 1603 991 1649 λίθος
1020 1599 1064 1641 ἐν
1088 1596 1412 1653 Ἀριστοφάνους
1435 1598 1630 1657 Δαιδάλῳ

157 1671 226 1715 καὶ
255 1667 368 1724 παρὰ
399 1668 641 1721 Ξενοφῶντι
669 1664 936 1720 κογχυλιάτης
963 1667 1065 1708 ΡΟΙΙ.
1095 1667 1175 1708 Vll.
1210 1667 1298 1708 100.
1339 1667 1527 1719 idemque
1565 1666 1631 1707 la-

157 1740 222 1792 pis
251 1735 443 1791 γαλαξίας
474 1739 513 1775 et
541 1734 794 1787 γαλακτίτης,
825 1733 929 1774 idem
959 1733 1144 1780 πλακοῦς
1172 1733 1366 1786 ταγηνίας
1395 1737 1433 1774 et
1460 1733 1632 1786 ταγηνί-

156 1818 228 1858 της
255 1803 400 1844 Athen.
430 1801 530 1842 XIV.
561 1799 652 1842 (346.
681 1800 726 1841 Ε.
758 1795 870 1846 οἶνος
899 1794 1105 1851 ὀμφακίας
1144 1803 1183 1839 et
1223 1794 1470 1852 ὀμφακίτης,
1509 1796 1632 1852 ἄρτος

158 1866 315 1923 ὅβελίας
345 1872 385 1909 et.
415 1863 605 1920 ὀβελίτης,
636 1863 846 1918 ἐρέβινθος
874 1861 1041 1918 ὀροβίας
1071 1869 1111 1906 et
1141 1861 1340 1919 ὀροβίτης,
1372 1865 1446 1906 sed
1470 1865 1632 1918 νεβρίας

158 1941 198 1978 et
236 1933 418 1987 νεβρίτης
452 1944 520 1973 res
559 1933 788 1984 significant
831 1930 1081 1973 diversaS.30
1147 1931 1295 1971 Verum
1343 1929 1486 1971 eodem
1525 1931 1629 1972 aliae

157 2001 327 2043 tendunt
356 2000 463 2039 viae:
495 1994 713 2050 Κορακεύς
743 1998 883 2050 ἰχθῦς,
914 1997 1128 2049 Κορακίας
1170 1992 1192 2037 ὁ
1221 1993 1343 2049 μέλας
1370 1994 1439 2037 καὶ
1467 1994 1630 2045 κολοιός

154 2065 226 2109 καὶ
254 2067 471 2117 κορακῖνος
500 2064 594 2105 Hes.
626 2063 813 2116 idemque
844 2076 1017 2116 serpens
1037 2063 1210 2115 τυφλίας
1228 2066 1268 2103 et
1286 2062 1494 2115 τυφλίνης,
1524 2062 1628 2103 alius

155 2132 340 2185 κεγχριάς
381 2134 420 2171 et
463 2130 672 2182 κεγχρίνης
716 2143 753 2170 v.
805 2129 1040 2171 Schneider.
1088 2128 1137 2169 ad
1176 2128 1263 2169 Nic.
1304 2128 1372 2167 Th.
1412 2127 1505 2169 463.
1547 2140 1627 2180 quo

155 2198 298 2239 nescio
337 2208 388 2236 an
425 2195 585 2236 defendi
625 2197 759 2248 possit
786 2196 980 2247 Hesychii
1019 2195 1222 2246 scriptura
1259 2192 1462 2246 Καικίνης
1491 2189 1513 2234 ὁ
1542 2209 1629 2234 και-

155 2264 245 2311 κίας
272 2260 419 2315 ἄνεμος
448 2257 529 2301 ἀπὸ
559 2261 734 2302 Καΐκου.
792 2262 843 2302 Et
873 2274 897 2302 a
935 2260 1108 2301 diversis
1149 2259 1360 2310 principiis
1400 2270 1629 2311 synonyma

155 2325 363 2383 ὀμφακίας
390 2325 528 2381 θυμός
558 2331 598 2369 et
628 2323 763 2381 ὀξίνης
792 2326 1003 2380 Aristoph.
1025 2325 1244 2372 πατταλίας
1273 2323 1424 2378 ἔλαφος
1457 2330 1495 2366 et
1528 2335 1627 2366 σπα-

245 2497 305 2540 38)
326 2496 539 2538 Ὀνοματίας
565 2493 751 2529 Herodian.
777 2506 813 2526 71.
848 2496 940 2526 Mau.
966 2503 999 2537 p.
1035 2493 1089 2528 34.
1125 2492 1321 2535 significare
1347 2494 1461 2535 potest
1491 2491 1624 2535 ὄνομα-

157 2551 310 2596 ·ῐολόγον
342 2552 398 2586 vel
423 2549 726 2593 ὀνοματοθήραν,
757 2551 847 2584 sicut
873 2550 1078 2592 κομματίας
1104 2548 1228 2582 dicitur
1253 2550 1311 2592 qui
1335 2550 1524 2585 incisiones
1550 2549 1624 2586 sre-

158 2610 308 2650 quentat‚
335 2606 398 2642 sed
425 2606 570 2640 sortasse
598 2605 788 2649 οἰηματίας
811 2605 960 2647 scrIpSIt.

244 2673 304 2716 39)
337 2672 515 2717 Accipiter
551 2673 689 2711 σπιζίας
722 2671 866 2712 dicitur,
901 2670 982 2713 quia
1013 2669 1158 2704 aviculis
1194 2669 1339 2707 Infestus
1373 2672 1408 2706 et
1431 2668 1625 2713 aegithalus

158 2731 323 2769 σπιζίτης,
354 2731 435 2772 quia
461 2727 698 2770 magnitudine
725 2725 810 2760 ὅσον
835 2726 938 2765 artiga
964 2724 1103 2760 Aristot.
