1731 3021
120 141 216 184 200
590 134 1024 178 DISSERTATIO
1066 133 1127 175 IV.

118 250 178 290 ris
213 248 397 289 neutrius
435 247 546 287 nulla
581 250 745 298 praeter
775 242 978 298 κάρηνον,
1016 253 1110 284 nam
1149 239 1352 295 ἄγρηνον,
1392 253 1474 295 quo
1512 248 1601 285 rete

122 318 163 356 et
191 315 322 356 vestis
353 312 624 365 significatur,
662 312 711 352 ab
743 309 848 364 ἄγρα
878 310 943 351 vel
971 305 1110 362 ἀγρεῖν
1141 308 1366 349 derivatum
1396 320 1492 350 esse
1522 310 1602 351 hoe

121 382 254 423 minus
286 380 478 421 affirmem
508 377 618 430 quod
645 377 946 419 Eratosthenes
988 375 1087 415 illud
1124 375 1282 427 γρῆνον
1319 367 1407 415 sive
1443 376 1604 428 γρῆνυν

124 446 246 498 dixit3
281 442 472 498 ἐπίξηνον
510 447 549 484 et
579 440 808 496 ἐπίσφηυον
838 443 1031 494 syntheta
1060 440 1271 494 videntur,
1312 445 1452 481 cetera
1478 452 1604 493 pere-

123 511 241 563 grina
280 514 375 552 sunt
412 514 457 550 ut
495 506 737 562 σαγαπηνόν
776 510 863 549 Sive
901 503 1139 560 σαγαπηνός
1182 519 1219 546 v.
1251 505 1302 546 ad
1334 506 1480 558 Phryn.
1513 506 1604 548 760.

126 576 236 629 quod
264 576 467 616 interdum
497 580 877 627 proparoxvtonum
910 579 971 615 est
1002 574 1119 625 Hipp.
1152 571 1247 612 Mul.
1274 572 1301 612 Ι.
1330 572 1421 613 726.
1461 573 1602 613 Diose.

126 643 222 683 Mat.
250 642 315 683 III.
348 641 412 682 95.
445 642 485 681 in
516 640 627 680 editt.
656 644 755 681 vett.
796 645 839 680 ut
872 636 1156 692 Ἀσπόρὸηνον
1194 634 1291 687 ὄρος
1334 638 1469 679 Strab.
1499 638 1602 679 XIII.

127 707 220 749 619.
260 707 333 748 sed
371 706 448 746 dea
482 701 750 758 Ἀσπορδηνή.
809 706 989 746 Aliarum
1042 705 1372 745 terminationum
1411 702 1523 742 nulla
1561 703 1604 742 in

128 773 413 825 quaestionem
443 773 554 812 venit
584 776 748 823 praeter
778 767 996 823 ἑρμηνεύς,
1037 770 1147 822 quod
1185 774 1349 810 veteres
1381 768 1431 808 ab
1457 763 1610 821 Ἑρμῆς

130 842 170 878 et
198 838 293 889 εἴρω
324 841 554 879 arcessunt.
596 837 770 889 Propria
800 841 894 877 sunt
921 833 1136 889 Φαληνεύς
1157 836 1308 877 Bacchi
1329 835 1446 875 miles
1471 834 1605 875 Nonn.

128 904 303 944 XXVIII.
343 904 408 945 54.
457 900 646 956 Ἀρύηνις
682 902 876 953 Alyattae
914 902 996 942 filia
1034 901 1183 942 Herod.
1215 902 1244 942 I.
1277 901 1342 942 74.
1383 900 1451 940 ubi
1491 899 1608 942 codd.

124 965 305 1023 Ἀρυήνη
336 969 548 1023 praebent,
579 973 619 1009 et
643 979 773 1020 aeque
793 969 991 1008 incertum
1015 968 1127 1008 urbis
1154 977 1305 1008 nomen
1331 966 1484 1019 Τυῆνις
1513 966 1610 1019 (sio)

129 1035 195 1076 vel
231 1031 400 1088 Τυηνός
429 1048 465 1077 v.
490 1035 677 1076 Holsten.
710 1033 761 1075 ad
792 1033 931 1085 Steph.
963 1044 995 1074 s.
1026 1033 1062 1073 h.
1096 1045 1131 1074 v.

747 1136 887 1194 οΑΡῖ
931 1151 1001 1194 iv.

386 1249 461 1291 De
494 1246 762 1290 nominibus
797 1248 845 1289 in
882 1260 929 1290 ιν
965 1270 1023 1276 -
1064 1244 1358 1287 exeuntibus.

248 1349 286 1392 §.
324 1344 358 1385 1.
419 1342 479 1383 Ne
519 1343 560 1382 in
598 1343 691 1394 ipso
733 1341 844 1382 aditu
883 1341 1140 1394 quaestionis
1179 1339 1390 1380 flexuosae
1431 1339 1616 1381 erebrius

137 1410 367 1451 subsistere
400 1412 439 1448 et
471 1408 580 1447 eirea
619 1408 783 1447 minima
812 1411 1018 1447 momenta
1048 1406 1193 1446 luctari
1225 1416 1440 1457 cogamur,
1480 1405 1616 1447 dilatis

137 1475 432 1516 difficilioribus
465 1473 515 1514 ad
545 1473 749 1525 adjectiva
778 1477 1048 1525 praevertam.
1102 1472 1256 1512 Horum
1286 1482 1518 1512 mensuram
1549 1475 1618 1512 to-

136 1553 312 1593 numque
353 1539 474 1580 tradit
513 1539 715 1580 Aroadius
755 1551 792 1591 p.
826 1538 891 1592 65,
921 1538 958 1580 9.
995 1534 1045 1578 τὰ
1083 1537 1138 1585 εἰς
1161 1527 1254 1584 ἧς
1290 1531 1619 1590 ὑπερδισύλλαβα

137 1604 183 1648 τὸ
210 1623 224 1647 ι
258 1602 390 1660 βραχὺ
419 1603 563 1658 ἔχοντα
592 1604 846 1657 σημαίνοντα
873 1603 1094 1656 μετουσίαν
1122 1599 1495 1656 προπαροξύνεται,
1536 1604 1620 1658 κρί-

137 1676 278 1723 θινος,
310 1670 530 1724 ocimum,
563 1668 749 1722 φήγινος.
805 1666 865 1708 Τὰ
892 1666 1030 1721 μέντοι
1060 1664 1141 1708 ἀπὸ
1171 1666 1270 1721 (ἐπὶ)
1298 1670 1447 1719 καιροῦ
1478 1666 1505 1721 ἢ
1538 1666 1619 1709 ἀπὸ

138 1736 412 1791 ἐπιρρήματος
442 1732 628 1785 ὀξύνεται
655 1731 838 1787 θερινός,
877 1731 1120 1788 χειμερινός,
1163 1734 1273 1786 quod
1312 1735 1391 1775 etsi
1419 1734 1620 1776 interdum

139 1816 214 1857 pro
245 1800 440 1857 χειμέριος
476 1806 717 1854 usurpatum
749 1805 832 1853 est,
879 1806 1013 1841 tamen
1047 1803 1162 1852 justo
1200 1803 1293 1852 jure
1334 1799 1622 1841 adnumeratur

141 1870 437 1923 temporalibus
466 1868 552 1908 EM.
583 1867 685 1920 810,
720 1867 782 1908 18.
830 1867 984 1907 Horum
1021 1871 1156 1906 autem
1189 1866 1268 1906 alia
1298 1877 1322 1906 a
1352 1866 1622 1907 substantivis

142 1937 265 1977 dueta
294 1940 388 1977 sunt
419 1930 612 1983 δειλινός,
643 1929 822 1985 ἐαρινὸς,
853 1929 1182 1985 φθινοπωρινός,
1217 1932 1297 1971 alia
1327 1932 1377 1972 ab
1409 1931 1623 1983 adjectivis

141 1999 342 2055 χθιζινός,
373 1996 631 2052 νυκτερινός,
662 2010 739 2039 neo
769 2009 902 2050 pauca
932 1998 981 2037 ab
1013 1997 1218 2037 adverbiis
1247 1994 1457 2049 χθεσινός,
1495 2011 1625 2049 περυ-

143 2066 268 2118 σινός,
297 2063 470 2120 τητινός,
503 2061 782 2117 αὐθημερινός
813 2063 950 2104 Schol.
976 2063 1142 2103 Lucian.
1169 2063 1325 2115 Lexipll
1349 2068 1388 2110 §.
1418 2063 1452 2103 1.
1485 2063 1625 2104 Theo-

144 2134 232 2175 dos.
257 2134 427 2174 Graium.
454 2144 490 2184 p.
515 2131 579 2172 OG.
618 2130 772 2171 Aneed.
799 2129 917 2169 Cram
938 2128 965 2169 I.
986 2128 1080 2169 365.
1122 2128 1312 2169 Pleniore
1345 2128 1477 2169 canali
1499 2128 1625 2169 ssuunt

142 2200 371 2240 materialia
401 2196 581 2250 ἅγνινος,
612 2192 834 2248 αἷμάτινος,
867 2190 1108 2243 ἀκάνθινος,
1141 2191 1317 2242 dimotos,
1349 2192 1500 2244 ἅλινος,
1523 2190 1626 2247 ἀχυ-

144 2263 257 2318 ρινός
297 2270 336 2305 et
377 2265 426 2304 ab
469 2263 576 2303 omni
622 2262 707 2302 fere
754 2272 888 2301 rerum
937 2271 1230 2312 corporearum
1272 2272 1445 2313 genere3
1493 2260 1626 2300 minus

144 2332 270 2372 multa
301 2331 349 2370 ab
378 2327 638 2380 incorporeis
671 2322 852 2380 ἀέρινος,
894 2322 1123 2376 αἰθέρινος,
1165 2330 1204 2366 et
1246 2327 1295 2366 ab
1328 2325 1517 2366 animatis
1548 2321 1627 2365 ἀν-

145 2394 371 2449 θρώπινος,
402 2392 581 2446 λάγινος,
610 2390 820 2445 τράγινος,
851 2387 1071 2443 ὀνάγρινος
1102 2395 1178 2431 etc.
1212 2402 1316 2443 quae
1348 2402 1474 2442 Saepe
1503 2401 1629 2431 usur-

147 2467 294 2514 pantur
313 2461 446 2502 laxius
468 2460 752 2512 licentiusque,
771 2458 901 2512 γραῦς
919 2453 1116 2510 ἀμπελίνη
1136 2457 1285 2498 vinosa
1304 2456 1426 2496 Anth.
1440 2455 1627 2498 V11.384.

151 2629 168 2671 ἡ
196 2633 302 2670 Βίνη,
340 2632 438 2672 eujus
471 2631 504 2663 in
530 2630 696 2673 proximis
730 2629 872 2663 mentio.
921 2627 1015 2668 Λήνη
1042 2626 1216 2670 (Baccha)
1241 2627 1370 2662 rectius
1395 2627 1448 2660 sic
1471 2625 1631 2660 seribuur

149 2686 259 2720 Strab.
285 2685 322 2719 Χ.
353 2686 428 2721 468.
457 2695 558 2728 quam
583 2683 668 2725 ληνή
691 2684 851 2719 Philostr.
877 2683 960 2720 Sen.
990 2685 1121 2726 lmagg.
1149 2683 1175 2717 1.
1204 2682 1259 2725 23,
1285 2682 1361 2719 797.
1386 2682 1442 2724 25,
1469 2682 1548 2718 800.
