1747 3005
799 593 942 633 CAP.
986 591 1015 632 1.

367 708 437 749 De
471 706 734 748 nominibus
770 707 818 748 in
855 719 994 762 ασος,
1033 717 1161 757 εσος,
1200 718 1300 754 (σος
1345 708 1426 748 etc.

270 849 309 891 §.
345 844 377 885 1.
436 843 662 896 Nominum,
699 856 802 896 quae
833 844 954 896 alpha
982 845 1022 884 in
1054 845 1235 896 paralexi
1267 844 1429 896 habent,
1459 845 1628 895 primum

159 910 382 950 edisseram
413 909 795 960 brachyparalecta:
826 906 876 949 τὰ
904 910 959 957 εἰς
987 901 1089 957 ‹Io—0}
1117 908 1259 962 ἔχοντα
1288 906 1334 949 τὸ
1364 909 1391 949 ἆ
1417 911 1628 949 συνεσταλ-

157 972 282 1027 μένον
310 970 402 1021 ἑνὸς
431 971 549 1020 ὄντος
577 975 652 1014 τοῦ
669 966 712 1014 ἶ
734 971 1128 1026 προπαροξύυονται,
1160 973 1392 1028 κόμπασος,
1431 972 1627 1029 ἅρπασος,

158 1038 352 1092 δάμασος,
377 1035 594 1091 βάναυσος.
625 1039 861 1091 Σημείωσαι
889 1037 934 1079 τὸ
964 1038 1134 1091 κερασός
1162 1038 1309 1093 φυτόν·
1340 1037 1415 1092 τὴν
1443 1037 1485 1080 δὲ
1507 1037 1628 1080 πόλιν

158 1103 386 1159 βαρύνουσι
415 1107 507 1145 Arc.
539 1105 602 1146 76.
660 1106 721 1145 Ex
751 1105 934 1155 vestigiis
967 1106 1120 1146 codicis
1150 1108 1277 1147 Havn.
1318 1103 1528 1157 βαύνασος
1556 1104 1625 1146 καὶ

157 1169 364 1225 βάναυσος
393 1170 655 1220 cognoscitur
684 1170 794 1210 illum
825 1170 927 1210 idem
959 1172 1181 1223 scripsisse
1211 1171 1320 1223 quod
1351 1171 1488 1212 Schol.
1508 1172 1624 1212 Dion.

158 1238 328 1280 Gramm.
362 1247 398 1286 p.
430 1234 520 1275 655.
557 1232 669 1285 παρὰ
708 1231 754 1274 τὸ
784 1233 939 1286 βαυνός
975 1234 1186 1287 βαύυασος
1222 1234 1291 1277 καὶ
1319 1231 1424 1275 καθ’
1456 1231 1626 1288 ὑπερβα-

154 1298 313 1356 βασμὸν
337 1297 555 1352 βάναυσος.
614 1297 841 1350 Κόμπασος
870 1301 904 1339 si
936 1303 1244 1352 comparatione
1274 1302 1529 1351 cognominis
1559 1302 1626 1342 lu-

156 1369 255 1409 dicri
285 1361 534 1417 Κομπασεύς
568 1375 650 1403 non
690 1365 793 1405 satis
832 1366 1026 1405 munitum
1067 1371 1277 1418 putamus,
1317 1366 1437 1406 facile
1480 1368 1624 1407 mutari

153 1436 293 1487 potest
321 1432 362 1471 in
392 1426 632 1481 Κάμπασος,
663 1430 772 1482 quod
803 1434 867 1470 est
897 1430 1003 1470 fluvii
1031 1441 1179 1471 nomen
1208 1431 1340 1472 Anall.
1369 1430 1543 1471 Brunck.
1575 1432 1621 1472 11.

153 1498 246 1540 525.
285 1501 350 1549 ut,
389 1495 499 1547 quod
531 1496 735 1549 sequitur,
764 1493 972 1548 ’Ἀρπασος
1011 1496 1143 1544 Quint.
1181 1496 1228 1537 X.
1265 1495 1353 1537 143.
1393 1496 1507 1536 brevi
1545 1508 1624 1548 pe-

152 1564 322 1604 nultima
365 1562 470 1602 sicut
511 1561 646 1601 omnia
691 1573 796 1613 quae
835 1561 940 1613 apud
989 1565 1136 1612 poetas
1182 1561 1371 1612 leguntur
1413 1559 1622 1613 Δάμασος,

153 1622 628 1677 Δίδνασος,’Ίμβρασος,
671 1624 919 1676 Καύκασος,
952 1626 1133 1677 Κρίασος
1168 1626 1301 1667 Nonn.
1330 1625 1486 1667 XXXII.
1529 1627 1619 1668 187.

152 1693 276 1744 longo
308 1692 393 1731 Iota
421 1695 465 1730 ut
499 1690 681 1741 Πρίασος
711 1691 812 1732 XIII.
832 1691 923 1732 521.
942 1691 1131 1731 XXXVII.
1153 1688 1468 1744 624.“Ριῗγβασος
1485 1692 1620 1733 XXVI.

152 1758 244 1799 249.
267 1754 473 1802 ΓὈλκασος
501 1755 636 1796 XXVI.
669 1755 756 1797 181.
789 1753 1064 1808 ,Κορύμβασος
1088 1756 1260 1796 XXVIII.
1291 1755 1354 1798 51.
1390 1755 1622 1809 Μάργασος

153 1823 285 1872 Quint.
317 1821 364 1862 X.
401 1821 488 1861 143.
524 1822 724 1873 Πείρασος
752 1819 815 1861 ΧΙ.
853 1821 917 1862 52.
949 1821 1085 1861 Schol.
1119 1821 1212 1861 Eur.
1255 1820 1320 1862 Or.
1351 1822 1441 1863 942.
1481 1823 1620 1864 Phan-

153 1892 269 1928 tasus
301 1887 414 1928 Ovid.
445 1891 484 1927 et
527 1886 709 1927 derivata
740 1881 981 1939 Ἀργασίδης
1017 1886 1149 1926 Nonn.
1185 1885 1342 1927 XXXII.
1384 1887 1473 1929 187.
1516 1890 1618 1941 Περ-

150 1953 319 2006 γασίόης
346 1952 461 1992 Hom.
492 1955 738 2003 τραγασαῖος
766 1952 974 2004 Aristoph.
1008 1956 1084 1992 etc.
1115 1962 1240 2003 quare
1265 1952 1385 1992 etiam
1411 1953 1619 2002 Πίνδασος

150 2019 301 2060 montis
341 2028 488 2057 nomen
516 2017 636 2057 Paus.
668 2017 714 2058 II.
747 2016 811 2067 26,
841 2018 879 2059 8.
919 2017 1160 2067 dactylicum
1191 2027 1285 2057 esse
1322 2028 1538 2059 censemus
1577 2023 1617 2060 et

150 2083 357 2135 gentilicia
394 2079 644 2135 Μάργασοι,
691 2079 928 2134 Νάρβασοι,
967 2079 1169 2135 ’Όργασοι
1207 2082 1377 2123 Ptolem.
1415 2083 1478 2123 VI.
1520 2083 1613 2125 373.

148 2149 209 2190 Do
238 2147 382 2198 etymis
413 2148 719 2199 peregrinorum
752 2158 950 2199 quaerere
979 2158 1062 2188 non
1103 2148 1272 2200 attinet,
1310 2147 1383 2188 sed
1423 2159 1473 2189 ea
1510 2159 1616 2201 quae

151 2213 201 2254 ad
235 2224 423 2264 graecam
455 2214 650 2264 originem
680 2213 822 2253 referri
851 2217 1051 2266 possunt,
1090 2217 1251 2253 veteres
1291 2213 1436 2264 partim
1467 2224 1491 2254 a
1518 2224 1616 2255 ver-

150 2279 213 2319 bis
244 2283 459 2318 arcessunt
488 2275 685 2331 Λάμασος
722 2274 833 2330 παρὰ
871 2274 944 2317 τὸν
981 2277 1150 2332 δαμάσω
1178 2276 1373 2331 μέλλοντα
1402 2274 1617 2326 ebs-‘'Innoc-

150 2352 221 2390 σος
248 2343 333 2383 ΕΜ.
364 2343 455 2396 247,
485 2343 548 2385 29.
589 2344 736 2396 quibus
776 2344 940 2396 adjungi
979 2349 1155 2397 possunt
1182 2342 1380 2395 Ἔλασος,
1407 2341 1615 2393 Ὅκλασος

151 2408 244 2450 Sch.
275 2407 452 2449 Phoenn.
470 2398 573 2450 '942
606 2406 818 2457 Σκέδασος
846 2414 885 2450 et
915 2421 1020 2461 quae
1050 2410 1099 2450 ab
1129 2410 1379 2462 Alciphrone
1407 2409 1501 2450 ficta
1518 2412 1614 2451 sunt

151 2473 425 2525 parasitorum
470 2475 634 2515 nomina
672 2472 1061 2527 Λαχανοθαύμασος
1099 2476 1163 2516 ΙΙΙ.
1201 2475 1274 2527 Ep.
1312 2476 1376 2516 47.
1409 2471 1613 2527 Ῥαφανο-

150 2535 347 2590 χόρτασος
387 2538 460 2590 Ep.
490 2539 582 2580 72.¹
621 2542 767 2593 partim
805 2552 829 2582 a
858 2541 1088 2582 nominibus
1119 2537 1231 2594 παρὰ
1258 2538 1305 2581 τὸ
1333 2538 1613 2589 ἴπποςἽππα-

247 2687 281 2729 1)
307 2685 501 2731 Stephanus
527 2685 700 2730 Χορτασώ
727 2687 826 2725 πόλις
860 2686 1061 2732 Αἰγύπτου,
1093 2686 1162 2721 ἀπὸ
1196 2687 1386 2731 μέλλοντος
1422 2686 1440 2721 ὁ
1473 2698 1612 2733 σχημα-
