1731 3021
139 182 232 226 1174
622 185 1059 228 DISSERTATIO
1111 186 1158 228 Χ.

140 296 207 334 tae
246 304 322 346 pro
359 294 638 348 Lapithaeus;
683 300 895 349 postremo
945 295 1248 337 substantivum
1289 293 1483 352 ὑμενήιος
1521 299 1619 349 (nisi

139 354 340 412 ὑμνήσιος
370 361 461 414 suit)
492 361 613 403 Anth.
643 362 707 403 IX.
736 362 827 404 524.
859 374 934 415 pro
964 358 1171 415 ὑμέναιος.
1211 361 1387 404 Proinde
1415 361 1622 417 κλωπήιος

139 424 300 466 Maxim.
329 426 422 468 434.
460 431 542 468 tum
579 426 630 469 ad
669 425 865 476 κλώπειος
902 429 1045 469 referri
1086 432 1227 481 potest
1266 431 1326 476 (ut
1356 426 1620 478 κνκλώπειος,

140 487 345 544 ῥωπήιον)
386 496 468 534 tum
508 493 559 534 ad
588 490 796 544 κλόπειος,
838 506 920 546 quo
960 494 1065 534 idem
1107 494 1230 534 utitur
1269 505 1306 534 v.
1337 493 1429 536 600.
1469 495 1534 536 vel
1571 495 1623 537 ad

141 558 349 606 κλοπαῖος.
406 558 557 600 Eadem
589 564 652 600 est
687 561 971 601 femininorum
1001 560 1145 600 fictura
1174 561 1357 607 Κυταῖος
1385 560 1543 614 Κυτηίς
1584 565 1623 602 et

141 621 328 677 Κυτηιάς
356 629 400 665 ut
423 621 616 666 Ῥοίτειον
638 621 812 679 Ῥοιτηίς
835 622 1038 680 Ῥοιτηιάς
1055 638 1091 667 v.
1116 625 1262 666 Parall.
1283 625 1346 667 25.
1367 622 1456 680 Ἴδη
1473 622 1623 675 Ἰδαῖος

137 684 257 743 Ἰδηίς
283 686 476 744 Ἰδηίόης,
522 691 687 739 Οἰταῖος
730 692 888 745 Οἰτηίς,
929 688 1115 745 ἀγελαῖος
1144 687 1323 744 ἀγεληίς,
1365 703 1470 744 quae
1499 693 1621 734 nobis

140 755 247 796 viam
284 761 516 798 monstrant
555 769 635 810 qua
674 758 876 811 Κυβεληίς
913 763 953 799 et
990 755 1147 810 ἐλατηίς
1187 758 1321 797 furtim
1354 759 1621 810 irrepserunt..

141 822 201 863 De
230 820 447 876 ποιμνήιος
474 824 596 875 igitur
625 835 730 876 quae
758 824 912 874 injecta
942 828 1006 864 est
1036 823 1220 875 suspicio
1240 822 1359 863 facile
1379 822 1621 876 dispellitur.

141 887 257 929 Nunc
286 900 354 930 res
385 889 436 930 ad
468 890 628 930 tertium
659 889 888 941 pleonasmi
919 889 1146 940 exemplum
1175 885 1394 941 πολεμήιος
1425 890 1543 941 quasi
1573 889 1623 930 ad

143 954 308 995 triarios
329 955 444 1009 redit,
474 955 596 1007 idque
625 966 708 996 non
737 955 871 996 solum
903 955 1095 995 consistit
1125 954 1199 995 sed
1230 954 1308 994 duo
1339 955 1528 1008 utrinque
1559 967 1624 996 sa-

142 1021 290 1062 tellites
319 1022 441 1062 habet
469 1019 695 1075 ποταμήιος
725 1025 765 1062 et
800 1018 1047 1074 γενεθλῆιος,
1079 1031 1250 1072 quorum
1280 1021 1432 1062 nullum
1460 1022 1502 1062 in
1521 1013 1623 1069 ‘ato-g

142 1093 182 1129 et
221 1078 302 1136 ὲιῖς
336 1089 592 1129 terminatum
621 1088 844 1140 reperitur;
891 1098 982 1128 nam
1021 1087 1131 1140 quod
1160 1087 1417 1138 Musgravius
1454 1088 1496 1127 in
1525 1087 1620 1128 Eur.

142 1154 288 1196 Troad.
321 1154 437 1197 1067.
466 1153 691 1195 introduxit
719 1150 959 1205 ποτάμειος,
991 1164 1074 1194 non
1106 1152 1171 1193 diu
1201 1154 1343 1193 tenuit.
1402 1153 1513 1194 Haec
1543 1153 1624 1206 igi-

141 1228 205 1263 tur
240 1220 446 1274 quomodo
487 1219 717 1273 pleonasmi
756 1219 918 1260 absolvi
957 1220 1143 1273 possint,
1182 1220 1343 1261 nescire
1382 1231 1445 1260 me
1476 1220 1621 1262 fateor.

140 1288 243 1330 Nam
272 1288 313 1327 in
342 1287 511 1340 proprio
546 1288 800 1338 Πτολεμαῖος
830 1297 971 1337 parum
1002 1287 1152 1328 auxilii.
1212 1286 1294 1329 Sed
1325 1281 1525 1339 ἀμαρήιος
1554 1286 1623 1338 qui

140 1354 265 1407 finxit,
295 1354 384 1394 sine
415 1353 536 1393 dubio
569 1351 619 1392 ad
640 1348 797 1403 ἀραῖος,
820 1347 1002 1403 ἹΙραῐος,
1035 1349 1186 1405 ὡραῖος
1209 1357 1440 1405 respectum
1460 1353 1622 1403 liabuit3

139 1416 372 1473 θαλαμήιος
410 1422 478 1459 aut
515 1418 667 1458 nullum
707 1418 949 1470 principium
990 1418 1114 1459 habet
1152 1419 1262 1471 (nam
1291 1414 1496 1470 θαλάμιος
1534 1418 1622 1458 sive

138 1483 343 1539 θαλαμιός
370 1484 493 1536 longe
523 1483 727 1524 diversum
758 1483 974 1536 significat)
1006 1489 1075 1524 aut
1103 1482 1291 1538 θαλάμη,
1334 1484 1441 1525 unde
1469 1484 1622 1525 nullum

140 1553 316 1604 legitime
348 1550 445 1590 oriri
475 1553 614 1601 potest
644 1548 885 1599 adjectivum
909 1550 988 1589 nisi
1014 1551 1258 1602 θαλαμαῖος,
1291 1550 1363 1591 sed
1393 1561 1476 1591 non
1505 1561 1622 1602 repe-

140 1621 241 1661 ritur
269 1616 403 1658 hodie.
460 1615 547 1655 Nec
584 1611 804 1666 ταλασήιος
842 1615 965 1655 habet
996 1615 1214 1667 quidquam
1253 1616 1332 1656 sihi
1363 1618 1623 1668 conjunctum

142 1689 306 1739 praeter
333 1680 514 1722 ταλασία.
572 1681 633 1720 Ac
663 1680 742 1720 nisi
775 1681 1011 1732 Stephanus
1035 1682 1270 1722 memoriam
1291 1681 1482 1733 adjectivi
1507 1677 1622 1735 Ἐφέ-

141 1761 248 1798 σειος
275 1751 500 1800 servasset,
526 1741 741 1799 Ἐφεσήιος
769 1758 933 1798 quoque
961 1747 1001 1787 in
1030 1748 1220 1788 Anaxilai
1245 1748 1482 1800 anapaestis
1511 1747 1622 1789 Com.

141 1818 204 1859 III.
243 1815 335 1858 345.
375 1814 425 1855 ad
466 1824 676 1853 numerum
708 1813 1059 1866 pleonasticorum
1090 1813 1320 1854 accederet.
1378 1813 1442 1855 Au
1482 1817 1623 1855 extre-

140 1894 247 1925 mum
286 1880 496 1922 reservavi
534 1875 710 1932 λιγήιος,
762 1878 870 1931 quod
918 1879 1193 1920 Schneiderus
1231 1881 1273 1919 in
1312 1879 1483 1933 Oppian.
1524 1880 1622 1931 Cyn.

140 1950 203 1991 lV.
239 1948 330 1989 411.
368 1945 589 1998 supposuit
635 1944 787 1985 ταινίαι
833 1943 1060 1999 κραὸάουσι
1098 1942 1312 1998 κινύμεναι
1347 1943 1541 1999 πτέρυγές
1581 1960 1623 1987 τε

139 2011 276 2068 λιγήια
305 2013 523 2063 συρίζουσι.
581 2013 715 2053 Antea
743 2012 885 2063 λίγειαι
915 2012 1027 2064 (Sic)
1069 2012 1347 2065 scribebatur,
1378 2013 1418 2052 in
1449 2013 1538 2054 cod.
1567 2015 1623 2052 λι-

140 2079 213 2135 γέα
260 2080 428 2131 legitur,
477 2089 552 2130 pro
602 2090 682 2130 quo
734 2076 842 2131 μάλα
886 2074 980 2129 λιγὺ
1028 2079 1153 2119 scribi
1199 2082 1339 2130 potest
1384 2082 1426 2118 ut
1463 2079 1621 2120 Mosch.

141 2148 197 2189 Id.
230 2147 288 2187 lV.
318 2145 383 2187 24.
423 2142 627 2193 κλάζουσα
667 2141 775 2196 μάλα
813 2141 906 2195 λιγύ
945 2148 983 2185 et
1024 2144 1234 2196 Oppianus
1273 2144 1363 2195 ipse
1399 2144 1492 2196 λίγα
1528 2142 1622 2185 κλά-

143 2216 223 2263 ζων
252 2212 338 2253 Hal.
370 2211 432 2251 IV.
466 2210 554 2252 123.
584 2210 649 2250 vel
688 2207 904 2261 λιγύθροα.
971 2210 1071 2250 Nam
1098 2222 1172 2262 pro
1203 2209 1368 2262 λίγειος,
1410 2210 1516 2251 unde
1553 2211 1622 2252 ille

141 2277 296 2332 λιγήιος
335 2279 484 2318 factum
530 2279 666 2329 putat,
711 2276 862 2315 nullum
902 2279 1110 2316 auctorem
1147 2275 1289 2315 afferre
1329 2277 1461 2328 potuit
1498 2289 1622 2328 prae-

141 2354 200 2387 ter
232 2345 393 2386 Coraen
429 2342 496 2394 qui
526 2342 566 2382 in
595 2341 752 2382 Heliod.
784 2342 845 2382 VI.
875 2341 913 2394 5,
944 2341 1035 2383 230.
1065 2341 1125 2381 sic
1170 2342 1337 2394 scripsit
1376 2354 1450 2394 pro
1490 2340 1622 2396 λίγιόν

144 2532 316 2573 adjectivo
346 2530 551 2568 Ἑκαταῖος.
611 2530 824 2574 Rhodopeus
864 2533 898 2566 et
930 2530 1159 2573 Rhodopeius
1186 2529 1228 2564 ad
1246 2528 1437 2568 Ῥοδοπεῦς
1462 2536 1618 2567 revocari

142 2592 277 2630 potest;
318 2588 514 2622 Semeleius
548 2590 583 2622 et
615 2585 811 2630 Σεμελήιος
843 2586 960 2620 Schol.
988 2586 1092 2619 Arist.
1120 2586 1226 2620 Rann.
1261 2587 1338 2622 479.
1371 2589 1618 2631 metronymico

143 2641 322 2685 Σεμελείς
356 2643 410 2684 (ut
445 2642 646 2685 Thyoneus]
686 2643 869 2684 convenit,
897 2642 988 2685 quod
1014 2642 1142 2684 legitur
1166 2643 1200 2675 in
1226 2641 1265 2675 H.
1292 2643 1325 2676 in
1351 2643 1478 2677 Bacch.
1504 2643 1617 2678 Anall.

142 2698 178 2732 T.
207 2698 250 2732 ΙΙ.
277 2699 353 2733 517.
384 2708 449 2733 nec
474 2698 675 2741 repugnabo
701 2699 731 2732 si
757 2699 834 2741 quis
858 2698 1034 2741 Σεμέλεια
1062 2697 1191 2731 dictum
1217 2706 1297 2732 esse
1323 2701 1466 2735 censeat
1489 2703 1525 2734 ut
1548 2701 1617 2740 Πη-

143 2753 310 2787 νελόπεια
336 2753 428 2789 unde
455 2753 696 2797 Penelopeu53
726 2758 760 2791 et
785 2754 960 2790 Danaeius
986 2754 1131 2789 sortasse
1158 2763 1177 2788 a
1202 2752 1375 2788 Δανάιια.
