1731 3021
98 111 192 154 328
564 114 993 157 DISSERTATIO
1034 116 1117 157 Vn.

101 222 266 263 aberrat
293 222 343 263 ab
373 223 577 264 Ammonii
606 224 871 266 distinctione
899 222 1115 279 βάρβαρόν
1144 223 1251 267 ἐστιν
1278 224 1412 281 ὄνομα
1429 224 1476 269 τὸ
1506 224 1583 281 οὐχ

100 284 325 340 ἕλληυικόν,
355 287 608 344 βαρβαρικόν
644 288 686 331 δὲ
722 288 770 332 τὸ
807 292 891 332 τῶν
917 289 1152 345 βαρβάρων.
1212 293 1287 342 Qui
1319 295 1354 334 si
1383 295 1582 346 exemplis

101 353 160 393 uti
187 354 411 408 voluisset,
443 357 623 397 sortasse
662 357 741 397 hoc
780 356 1147 412 dixissetflfldap,
1184 355 1357 413 Ἰώσηφ,
1398 361 1581 414 ζίγγιβερ,

103 429 275 470 quorum
326 422 555 462 terminatio
599 422 765 463 Graecis
803 424 972 464 insolita
1003 429 1089 477 est,
1134 425 1312 466 barbara
1351 438 1469 480 esse,
1509 425 1584 467 sed

92 482 285 540 Ἄδαμος,
312 481 522 540 Ἰώσηπος,
549 488 766 528 barbarica
787 489 866 529 hoc
887 494 950 530 est
971 489 1077 542 apud
1097 490 1299 531 barbaros
1321 496 1427 532 nata.
1457 492 1584 542 Ejus-

104 550 194 592 dem
227 553 405 594 Thomae
436 555 675 606 praeceptio
708 558 771 595 est
800 551 895 608 πεζὴ
927 552 1095 606 στρατιά
1123 553 1209 609 λέγε
1228 554 1283 604 ὡς
1308 553 1585 609 Δημοσθένης

103 616 174 657 καὶ
202 614 369 671 πάντες,
400 618 467 660 καὶ
497 616 551 673 μὴ
582 617 720 673 πεζικὴ
751 616 807 667 ὡς
841 621 1102 674 Θουκιὸίδης,
1139 619 1456 675 ποιητικώτερον
1493 618 1584 674 γάρ,

102 694 187 724 non
225 685 480 737 repudiatum
521 690 654 725 tamen
693 697 716 725 a
753 686 1050 738 Xenophonte3
1100 688 1174 728 sed
1212 688 1261 728 de
1299 687 1505 728 Aeschine
1547 690 1587 727 et

102 750 309 790 Dinarcho
343 751 549 791 dubitatur
579 762 616 790 v.
648 751 792 802 Poppo
826 751 977 792 Comm.
1009 752 1058 791 ad
1092 753 1213 793 Thuc.
1245 753 1307 794 Vl.
1339 753 1402 793 33.
1434 754 1585 794 Wurm.

105 815 156 855 ad
185 816 374 856 Dinarch.
406 828 443 867 p.
480 816 568 856 105.
615 816 652 855 A
682 815 953 857 substantivis
994 822 1145 868 quanta
1184 823 1318 857 manet
1348 818 1480 870 copia,
1511 817 1588 858 de-

105 882 407 922 monstratione
439 892 521 920 non
553 884 616 921 est
649 892 775 934 opuS‚
817 881 890 922 sed
930 882 1138 934 quaeritur
1178 894 1271 922 num
1314 895 1337 923 a
1365 884 1515 936 verbis,
1546 882 1587 923 id

106 946 215 998 quod
245 948 515 987 Buttmannus
544 947 585 986 in
615 945 785 987 Gramm.
818 951 855 994 ς.
889 946 976 990 119.
1008 959 1044 988 n.
1076 948 1139 988 27.
1180 949 1350 989 affirmat
1390 948 1587 1000 exemplis

109 1012 266 1066 trihus,
304 1009 530 1066 γραφικός,
569 1007 757 1064 ἀρχικός,
796 1010 1029 1064 πρακτικός.
1099 1014 1247 1055 Verum
1287 1015 1366 1055 hoc
1406 1014 1587 1054 ultimum

107 1083 248 1129 aperte
281 1091 303 1118 a
333 1078 488 1119 verbali
518 1074 700 1130 πράκτης
730 1078 793 1117 vel
824 1076 1004 1130 πρακτός
1034 1084 1171 1119 natum
1204 1084 1267 1120 est
1298 1084 1340 1120 ut
1359 1076 1587 1132 κρακτικός,

106 1141 316 1194 τακτικός,
346 1141 585 1197 πληκτικός,
618 1141 832 1196 σηπτικός,
865 1140 1049 1195 ἁλτικός,
1082 1143 1310 1196 σταλτικός,
1343 1144 1588 1199 φθαρτικός,

108 1205 345 1261 ἀμυντικός,
375 1207 572 1262 ἐριστικός
604 1214 643 1250 et
678 1210 786 1250 mille
824 1211 1068 1262 hujusmodi.
1126 1212 1268 1263 Neque
1304 1213 1427 1253 ullum
1465 1224 1590 1265 repe—

108 1276 209 1316 ritur
238 1277 358 1328 hujus
392 1278 546 1317 formae
568 1275 824 1328 adjectivum,
857 1277 1011 1328 quoda
1040 1278 1167 1317 verbo
1195 1278 1286 1318 duci
1316 1290 1491 1319 necesse
1522 1279 1588 1331 sit,

110 1347 274 1392 praeter
306 1340 414 1393 quod
444 1340 611 1380 Photius
656 1352 705 1381 ex
733 1342 1013 1394 Aristophane
1053 1343 1167 1382 affert
1204 1340 1384 1383 τικτικόν
1420 1340 1467 1384 τὸ
1502 1347 1591 1391 ταῖς

108 1404 343 1454 τικτούσαις
372 1402 588 1458 ὅιὸόμευον
618 1403 852 1458 φάρμακον,
888 1420 935 1448 ex
956 1420 1003 1448 eo
1034 1418 1183 1459 genere
1201 1409 1589 1454 medicamentorum

111 1484 216 1524 quae
247 1469 453 1513 ὠκυτόκια
491 1473 751 1512 vocantiir.2‘·’
810 1473 891 1513 Sed
937 1475 1070 1525 ipsum
1111 1478 1180 1513 aut
1221 1486 1244 1514 a
1269 1480 1407 1527 poeta
1446 1477 1588 1516 nescio

112 1542 229 1590 cujus
273 1538 591 1591 paronomasiae
639 1537 772 1578 fictum
814 1543 881 1577 aut.
922 1550 945 1577 a
986 1539 1164 1579 librariis
1205 1539 1469 1592 depravatum
1514 1545 1589 1582 est.

110 1604 427 1656 Proportionein
459 1603 666 1642 adhibenti
697 1602 909 1643 dicendum
934 1608 1018 1643 erat
1040 1601 1223 1644 τεκτικόν
1243 1617 1265 1645 a
1285 1603 1435 1656 τεκτός,
1458 1617 1592 1657 quan—

112 1682 230 1721 quam
262 1671 340 1710 hoc
371 1680 534 1721 quoque
563 1679 646 1707 non
677 1668 885 1708 meliorem
917 1674 1125 1709 auctorem
1156 1670 1279 1711 habet
1317 1683 1437 1723 quam
1466 1671 1593 1712 Nice-

113 1741 194 1776 tam
225 1735 365 1776 David.
396 1736 437 1774 in
465 1733 658 1784 Paraphr.
689 1734 782 1774 Arc.
813 1734 876 1775 ΙΙΙ.
907 1733 971 1775 39.
1004 1734 1064 1775 ed.
1094 1735 1271 1777 Dronck.
1303 1733 1355 1777 οὐ
1390 1733 1504 1790 veum)
1534 1751 1592 1777 τε-

111 1799 207 1849 κτός
236 1816 286 1842 τε.
348 1801 460 1850 Quae
490 1810 588 1839 vero
622 1800 846 1850 antiquitus
884 1805 1053 1851 recepta
1094 1812 1223 1852 eaque
1254 1803 1393 1854 specie
1424 1807 1518 1843 sunt
1548 1808 1592 1844 ut

114 1880 137 1908 a
167 1869 304 1908 verbis
335 1866 464 1918 repeti
506 1866 670 1917 possint
708 1865 817 1905 velut
856 1861 1043 1916 ἁπτικός,
1082 1865 1325 1918 βλαπτικός,
1366 1865 1591 1921 σκεπτικός,

112 1930 429 1986 προπεμπτικός,
460 1927 677 1983 θρεπτικὸς
709 1935 785 1970 etc.
819 1935 952 1972 tamen
983 1944 1005 1971 a
1035 1932 1268 1973 verbalibus
1300 1934 1436 1984 potius
1466 1945 1592 1985 repe—

114 1999 235 2040 tenda
266 2010 360 2039 esse
394 2010 512 2049 quam
546 2009 568 2037 a
598 1997 735 2037 verbis
768 2001 939 2048 apparet
971 2008 1020 2039 ex
1049 1997 1127 2036 hoc
1159 1998 1268 2049 quod
1299 2010 1430 2050 neque
1459 2013 1592 2051 τρεφι-

113 2062 186 2112 κός
216 2065 361 2105 dicitur
391 2074 524 2115 neque
553 2059 749 2114 πεμπικός
780 2067 848 2102 aut
878 2059 1088 2114 στυφικός,
1110 2067 1178 2102 aut
1200 2063 1306 2103 aliud
1327 2064 1591 2115 simile3nam

116 2127 331 2183 φθειρικός
362 2134 425 2170 est
457 2141 480 2168 a
510 2129 647 2181 φθείρ,
678 2139 760 2168 non
790 2140 813 2167 a
843 2128 1015 2181 φθείρω.
1073 2128 1215 2179 Itaque
1247 2130 1366 2169 etiam
1401 2126 1592 2181 ἀρκτικός

117 2197 166 2237 ab
198 2192 346 2248 ἀρκτός
377 2195 642 2246 declinatum,
675 2189 838 2245 ἀρχικός
867 2205 988 2246 vero,
1023 2193 1131 2244 quod
1162 2195 1328 2234 multum
1359 2195 1509 2248 differt,
1540 2196 1590 2237 ab

117 2257 239 2314 ἀρχή,
274 2266 311 2301 et
350 2256 553 2312 γραφικός
583 2271 606 2298 a
643 2256 782 2311 γραφή
822 2264 864 2300 nt
903 2255 1087 2308 ἀστικός,
1128 2255 1342 2312 dominos,
1386 2258 1589 2312 βλακικός,

115 2324 344 2379 γαστρικός,
375 2322 551 2375 durande,
584 2322 760 2375 ἐθνικός,
792 2321 984 2376 θυμικός,
1014 2322 1207 2376 λοιμικός,
1238 2323 1438 2377 μυθικός,
1476 2341 1592 2366 πανι-

118 2389 204 2444 κός,
236 2389 443 2444 σκηιίκός,
472 2387 625 2441 ὑλικάς,
657 2386 841 2443 φυτικός,
871 2386 1056 2442 χορικός,
1088 2388 1260 2442 ψυχικάς
1291 2396 1329 2431 et
1357 2393 1592 2433 innumera-

205 2549 265 2591 29)
292 2549 349 2582 Bis
376 2548 468 2583 idem
496 2547 586 2591 apud
612 2547 788 2581 Pollucem
814 2546 883 2588 legi
910 2546 1049 2580 adnotat
1074 2546 1285 2581 Fritzschius
1315 2547 1357 2582 ad
1383 2548 1589 2592 Thesmoph.

118 2614 149 2636 v.
185 2605 260 2639 504.
295 2604 358 2639 sed
391 2605 424 2638 in
456 2603 491 2638 L.
531 2604 574 2637 ΙΙ.
609 2604 641 2637 7.
680 2604 713 2636 in
745 2601 846 2636 codd.
885 2603 1069 2644 omissum,
1106 2604 1139 2636 in
1172 2602 1209 2636 L.
1237 2603 1291 2637 IV.
1319 2604 1396 2640 208.
1427 2603 1594 2644 τηκτικόν

118 2660 280 2703 scriplum
306 2663 368 2693 est.
