1699 3021
251 170 317 212 DE
349 167 637 212 NOMINIBUS
669 167 722 210 IN
751 171 781 209 ²5
809 169 1154 212 EXEUNTIBUS.
1195 171 1289 213 C.1.
1320 176 1357 221 ς.
1379 173 1416 214 2.
1500 173 1584 216 179

106 295 240 334 νυμον
267 281 344 321 τοῦ
372 276 516 327 λέκους
545 274 636 331 οὐχὶ
658 274 739 319 άπὸ
767 279 843 320 τοῦ
870 275 1064 326 λάλακος·
1094 276 1271 329 λάλακος
1295 277 1337 321 δὲ
1361 278 1494 322 πλατὺ
1514 280 1585 323 καὶ

105 343 325 388 ἐκπέταλον
354 340 528 398 ἀγγεῖον·
558 340 639 384 ἀλλ’
673 344 714 384 οἱ
741 342 919 395 παλαιοὶ,
960 342 984 385 ὃ
1013 341 1126 398 ἡμεῖς
1163 344 1364 400 λεκάνην,
1405 348 1582 388 ποδανι-

104 413 239 466 πτῆρα
267 408 443 464 λέγουσι,
474 408 664 451 λεκάνιον
692 409 735 450 δὲ
763 409 832 450 καὶ
851 410 1043 451 λεκανίδα
1061 406 1226 464 ἀγγεῖον
1246 409 1348 466 πρὸς
1367 409 1580 467 ὑποδοχὴν

104 476 223 527 ὄψων
250 478 367 519 Pliot.
398 488 502 529 qnae
533 477 594 517 sic
623 476 841 517 scribenda
871 480 986 517 sunt:
1018 473 1109 529 οὐχὶ
1127 475 1190 517 ἐπὶ
1209 480 1285 519 τοῦ
1305 476 1450 527 λέκους
1475 475 1578 531 (ἀλλ’

103 542 168 586 ἐπὶ
203 545 275 597 τῆς
312 541 587 596 παροψίδος)·
617 538 732 588 λέκος
764 538 806 582 δὲ
836 537 968 581 πλατὺ
1005 546 1081 583 etc.
1120 545 1360 587 Ammonius
1399 545 1579 599 κέλυφος

101 608 254 663 λέγεται
282 607 344 650 ἐπὶ
374 610 457 650 τῶν
487 604 835 659 ὀστρακοδέρμων,
866 604 1102 660 κελύφανον
1130 606 1173 649 δὲ
1192 607 1256 649 ἐπὶ
1275 612 1359 650 τῶν
1381 606 1576 664 ὀσπρίων.

102 676 296 728 Ejusdem
325 676 435 716 modi
471 679 566 716 sunt
604 670 737 725 ῥάπυς
774 670 975 726 ῥάφανος,
992 674 1027 699 1⁵
1064 671 1180 722 ἕλκος
1216 673 1409 728 ἕλκανον,
1447 679 1577 731 μῆχος

100 738 260 795 μηχανή
292 745 331 782 et
362 743 542 782 fortasse
571 737 795 792 μάγγανον,
825 736 944 791 ἕρκος
972 736 1123 793 ἒρκάνη
1154 745 1194 781 et
1224 752 1314 783 cum
1345 747 1463 796 trope
1496 755 1576 784 vo-

103 808 203 848 calis
235 803 390 859 ὁρκάνη
422 808 509 847 Sive
548 802 704 858 ὀρκάνη
743 809 786 845 ul
823 801 973 858 ἐργάνη
1012 810 1052 846 et
1093 803 1284 858 ὄργανον.
1350 810 1387 849 Α
1424 806 1575 858 πλάτος

99 869 303 919 πλάτανος
332 872 418 912 EM.
449 876 488 912 et
517 868 785 924 πλατανώδης
813 869 883 910 καὶ
911 869 1139 925 σανιδώδης
1170 873 1308 915 Galen.
1337 875 1440 916 Hist.
1470 875 1571 916 Phil-

99 937 200 979 XXI.
238 937 330 978 297.
370 937 412 978 T.
448 938 548 978 XIX.
591 948 666 988 pro
707 948 787 988 quo
829 936 945 977 codd.
985 936 1256 991 πλαταμώδης
1295 940 1494 991 praebent
1532 942 1573 982 in

99 1003 202 1044 Plut.
231 1003 389 1043 Placitt.
420 1003 482 1043 ΙΙΙ.
514 1003 574 1044 15.
603 1007 643 1043 et
674 1013 736 1054 ap.
767 1003 942 1053 Hesycll.
973 1003 1117 1052 σπίλαξ
1144 1006 1279 1056 μῶλος
1306 1004 1573 1060 πλατανώδης

100 1069 327 1110 Salmasius
357 1065 689 1121 πλαταμωνώδης
720 1069 908 1119 corrigit3
939 1065 1106 1108 θύανον
1133 1066 1269 1122 πέμμα
1296 1085 1334 1110 τι
1361 1067 1452 1111 ἀντὶ
1472 1070 1571 1125 βοός

98 1134 193 1175 Hes,
226 1145 249 1174 a
288 1131 396 1181 θύος
433 1139 476 1174 ut
515 1134 686 1187 videtur,
725 1132 883 1187 ῥυκάνη
921 1145 944 1174 a
984 1131 1153 1187 ῥύγχος,
1192 1147 1283 1176 nam
1323 1137 1570 1178 ferramenta

96 1201 290 1240 runcinae
321 1199 605 1252 (Hobeleisen)
637 1210 739 1251 quas
770 1200 999 1251 Hesychius
1023 1199 1142 1253 ξίφας
1164 1201 1356 1255 appellat,
1388 1204 1569 1255 speciem

95 1266 220 1305 rostri
251 1265 460 1316 praebent.
477 1265 512 1290 ¹⁰
566 1266 603 1305 A
631 1263 790 1316 σπυράς
818 1262 1058 1317 σπύρδανον
1078 1266 1325 1319 interposito
1351 1266 1459 1308 delta
1480 1269 1568 1310 sive

95 1331 232 1383 potius
264 1334 477 1382 utrumque
508 1342 531 1370 a
561 1334 714 1382 σπεῖρα.
774 1332 858 1372 Nec
889 1331 938 1372 de
968 1331 1170 1384 αἵθρανος
1193 1333 1312 1374 facile
1334 1335 1566 1376 constituas

93 1397 274 1437 verbone
304 1396 414 1435 αἴθω
445 1407 496 1436 an
524 1397 677 1437 nomini
707 1394 869 1449 ἄνθραξ
898 1398 1069 1450 propius
1102 1398 1166 1438 sit.
1222 1398 1309 1439 Jam
1349 1399 1450 1440 haec
1490 1411 1566 1440 ex-

94 1462 226 1514 empla
272 1462 530 1502 manifestum
569 1463 721 1503 faciunt
761 1463 866 1503 hanc
914 1464 1241 1505 terminationem
1278 1463 1400 1505 modo
1440 1477 1567 1518 para—

93 1527 439 1568 schematisticam
470 1538 564 1567 esse
595 1532 638 1568 ut
668 1525 763 1577 ὄψις
782 1525 956 1580 ὄψανον,
988 1526 1132 1582 κόριον
1150 1529 1386 1581 κορίαννον,
1416 1528 1567 1584 τράγος

92 1593 132 1633 οἱ
169 1589 211 1633 δὲ
247 1589 448 1644 τράγανος
484 1593 622 1634 Diosc.
660 1595 755 1635 Mat..
795 1595 821 1634 l.
862 1594 926 1636 51.
962 1595 1085 1636 modo
1134 1596 1364 1647 significare
1413 1597 1565 1649 aliquid

92 1658 295 1709 primitivo
327 1657 543 1710 diversum,
574 1659 756 1699 verbalia
785 1660 1023 1712 plerumque
1052 1661 1092 1701 id
1123 1661 1232 1712 quod
1272 1663 1434 1702 actione
1474 1663 1564 1703 effi-

91 1726 195 1764 citur
225 1722 482 1774 actionisque
510 1724 792 1776 instrumenta,
822 1725 1013 1765 universe
1042 1736 1110 1766 res
1141 1726 1395 1778 corporales.
1413 1726 1448 1751 ¹⁷
1504 1728 1563 1768 De

184 1879 241 1922 15)
277 1879 475 1914 Breviorem
510 1878 649 1913 sormam
685 1877 785 1923 ῥάᾳη
820 1877 1013 1922 Hesychius
1042 1879 1181 1914 tradidit
1206 1889 1234 1914 s.
1255 1877 1439 1924 ‘Pccrsccv1?;.
1501 1881 1561 1916 His

91 1939 236 1978 cognata
262 1935 418 1969 videntur
443 1933 549 1979 ρἰἱγιις
574 1939 607 1970 et
636 1933 781 1978 ῥάβδος.

178 1991 234 2034 16]
266 1990 369 2024 Aliud
401 1991 661 2024 instrumentum
696 1990 823 2024 indicat
849 1990 997 2033 Hesych.
1033 1988 1170 2032 ῥυκάνη
1195 1989 1417 2036 ἀλθητήριον
1439 2003 1558 2036 χειρο-

86 2043 221 2090 μήριον
243 2045 593 2089 ἁμυντήριοιςοιιειο
621 2046 750 2080 Coraes
776 2046 818 2079 ad
844 2046 928 2079 Plut.
959 2045 993 2079 T.
1020 2046 1074 2079 Vl.
1103 2046 1181 2081 457.
1209 2047 1256 2079 ita
1282 2047 1465 2090 interpolat
1481 2046 1557 2080 ἀλε-

86 2099 210 2145 τὴριον
232 2099 467 2146 χειρομύλιον
492 2099 703 2145 ἀμητήριον,
729 2111 796 2135 non
823 2101 1053 2136 demonstrato
1079 2104 1216 2136 veteres
1240 2101 1282 2135 ad
1302 2101 1498 2136 metendum
1523 2105 1559 2136 et

87 2155 282 2191 molendum
311 2157 451 2190 runcina
478 2166 560 2190 usos
586 2166 678 2191 esse.
727 2156 763 2190 Si
789 2157 847 2192 ille
875 2155 1063 2199 αλειῆριον
1087 2156 1142 2191 vel
1161 2155 1374 2200 ἀλοητήριον
1389 2158 1557 2200 scripsis-

87 2215 150 2254 set,
177 2210 218 2245 ad
246 2210 377 2252 τυκάνη
403 2211 523 2246 referri
550 2210 705 2254 deberet,
734 2212 795 2247 sed
821 2212 962 2245 latinum
986 2223 1088 2244 runco
1107 2211 1192 2255 (quo
1211 2210 1339 2246 herbae
1359 2219 1557 2254 vepresque

87 2267 294 2310 evelluntur)
320 2276 383 2300 nos
406 2270 548 2301 revocat
571 2267 613 2301 ad
632 2266 850 2313 ἑλκητὴριον.
902 2267 966 2301 Ρι·ο
994 2266 1100 2301 altero
1126 2266 1285 2301 subvenit
1302 2265 1558 2310 χειροσίὸ·ηρον

87 2321 309 2367 ἀμυντήριον
333 2331 451 2357 manus
477 2322 612 2364 serrata,
639 2321 834 2366 ναύμαχον
860 2321 981 2359 ὅπλον,
1007 2320 1278 2366 χειροσιδήριον
1302 2320 1388 2354 ΡΟΙΙ.
1410 2320 1454 2354 ΙΙ.
1479 2321 1553 2357 152.

169 2377 233 2419 ’17)
268 2376 343 2412 Non
368 2380 536 2421 repugnat
559 2377 724 2422 Hesychii
751 2379 868 2421 glossa
893 2376 1071 2421 Φοργάνη
1101 2375 1118 2417 ἡ
1148 2375 1317 2420 ἀραιότης
1343 2377 1372 2409 si
1398 2375 1464 2409 hoc
1484 2384 1555 2409 no-

85 2434 176 2468 mine
202 2432 240 2465 τὸ
267 2432 398 2476 ἀραιόν
421 2432 630 2476 significavit
654 2438 690 2468 ut
715 2433 860 2469 Foesius
886 2436 1007 2468 censet
1030 2442 1057 2467 s.
1086 2431 1337 2475 ‹1109«m‹=3‹)‘e;.
1393 2430 1554 2467 Clemens

84 2487 184 2522 Alex.
211 2486 345 2532 ἐργάνη
372 2490 548 2532 usurpavit
570 2499 632 2533 pro
656 2488 807 2533 ἐργασία
835 2491 898 2532 sic,
924 2493 1018 2532 puto,
1046 2492 1082 2521 ut
1099 2487 1252 2522 Minerva
1272 2487 1395 2521 dicitur
1413 2497 1474 2531 pro
1493 2496 1553 2521 ar-

85 2541 203 2576 titicio.
262 2543 300 2576 ln
334 2542 504 2587 Theophr.
539 2543 625 2578 Hist.
660 2545 704 2579 ll.
730 2545 763 2587 8,
797 2546 829 2580 5.
868 2542 885 2585 ἡ
921 2542 1086 2583 σκαπάνη
1123 2543 1211 2574 πᾶσι
1242 2545 1420 2587 συμφέρει
1453 2541 1499 2579 ὥς
1533 2541 1551 2583 ἢ

84 2595 231 2633 σκάλσις
255 2617 295 2622 -
320 2597 412 2633 idem
437 2599 530 2635 valet
555 2599 647 2643 quod
672 2601 833 2643 σκαφεῖα
862 2599 916 2635 vel
942 2597 1142 2641 σκιὲᾳευσις
1168 2606 1235 2631 non
1254 2598 1393 2642 proprie
1410 2597 1472 2634 sed
1491 2607 1554 2642 per

85 2653 326 2695 metonymiam
351 2656 387 2686 ut
412 2652 529 2689 Schol.
556 2654 701 2690 Theocr.
729 2654 756 2689 Ι.
781 2654 836 2690 28.
863 2653 1067 2698 γλυᾳιίνοιο
1091 2654 1251 2686 τουτέστι
1278 2652 1339 2694 τῆς
1353 2651 1494 2697 γλυφῆς
1517 2655 1553 2687 et

83 2708 163 2743 lima
188 2718 248 2752 pro
275 2708 452 2751 expolitio.

1186 2762 1272 2806 12*
