1699 3021
271 151 339 191 DE
379 151 668 194 NOMINIBUS
708 152 761 193 IN
800 159 825 206 ζ)
855 151 1200 195 EXEUNTIBUS.
1240 159 1277 202 ὃ.
1300 155 1337 196 ll.
1463 157 1552 200 265

73 254 341 311 ὀστράκιυον,
381 273 514 315 neque
553 264 745 315 antiquos
787 262 953 314 pallium
991 264 1228 304 coccineum
1268 264 1422 306 dixisse
1456 271 1554 319 puto

71 323 292 377 κοκκηρόν,
327 329 405 368 etsi
438 330 568 369 facilis
600 330 653 369 sit
685 329 985 382 transgressic,
1028 328 1383 383 Callimachusque
1415 334 1555 375 Chium

70 390 246 431 insulam
282 390 455 446 οἰνηρῆυ
499 394 657 434 dixerit.
718 394 948 435 Secundum
981 400 1044 436 est
1082 406 1211 446 genus
1249 398 1299 438 ab
1341 398 1555 450 adjectivis

73 454 319 509 derivatum3
353 456 547 511 ἄγροικος
576 455 645 513 ἀφ’
679 452 731 500 οὗ
759 456 805 500 τὸ
837 457 1082 514 ἀγροικηρός
1113 462 1252 514 Steph.
1285 475 1316 504 s.
1339 460 1499 516 Ἅγρος,
1533 478 1556 506 a

71 519 177 570 θοός
214 524 237 564 i.
269 536 304 575 q.
344 527 504 577 θοῦρος
538 527 795 578 impetuosus
832 523 990 578 θοηρός
1026 524 1319 579 τεταραγμένος
1356 530 1471 571 Phot.
1503 532 1553 572 ab

73 588 164 629 aliis
195 585 364 643 αὐηρός,
397 588 623 645 ἀττικηρός,
655 589 836 645 ῥυσηρός
867 593 1002 634 Tzctz.
1036 593 1134 634 Chii.
1160 593 1222 634 IV.
1247 594 1338 635 098.
1369 591 1551 648 ὑγιηρός,

72 652 278 709 αὐστηρός
317 655 526 711 στρυφνός
563 656 685 711 ξηρός
722 654 931 712 αὐχμηρός
967 654 1080 711 παρὰ
1118 655 1164 699 τὸ
1196 655 1286 699 αὔω
1317 657 1434 701 asiaco
1465 663 1551 704 ΕΜ.

74 720 164 775 171,
196 723 259 764 20.
290 724 396 764 uude
426 724 530 765 idem
553 721 776 772 αὐσταλέος
805 725 953 776 repetit
976 724 1121 765 ductus
1148 726 1329 767 sortasse
1352 728 1552 769 similibus

73 789 387 839 conjugatorum
428 791 625 842 exemplis
656 786 830 843 ὀτρηρός
860 786 1070 842 ὀτραλέως,
1110 788 1288 845 νοσηρός
1315 790 1552 844 νουσαλέος,

72 847 251 906 ὀκνηρός
289 850 483 902 ὀκναλέος
523 861 599 896 etc.
665 851 735 896 Ἐκ
767 857 842 897 τοῦ
873 857 941 909 φῶ
970 852 1016 896 τὸ
1047 858 1184 910 φαίνω
1214 854 1351 910 φαλόν
1379 854 1426 898 τὸ
1455 861 1553 912 λαμ-

69 915 189 970 πρόν,
221 917 262 969 ἐξ
291 917 424 961 αὐτοῦ
454 918 497 961 δὲ
526 919 739 974 φαλακρός
767 920 836 963 καὶ
865 923 1055 975 φαληριῶ
1087 923 1224 964 Schol.
1254 924 1297 965 Il.
1327 923 1427 966 XIII.
1460 926 1552 972 799.

71 996 94 1025 a
124 983 257 1038 φαλός
284 987 428 1040 igitur,
469 988 578 1040 quod
618 989 738 1029 hodie
777 1000 860 1028 non
893 988 1060 1040 legitur>
1098 986 1295 1042 φαληρός,
1334 990 1482 1042 φάλιος
1512 997 1552 1033 et

69 1048 209 1103 βᾶλιος
239 1048 262 1092 ὁ
284 1050 387 1105 ἔχων
408 1052 454 1093 τὸ
473 1051 622 1095 λευκὸν
642 1051 686 1095 ἐν
706 1055 756 1108 τῇ
775 1049 944 1107 μετώπῳ
967 1053 1103 1093 Schcl.
1127 1054 1298 1095 Theoor.
1320 1056 1420 1097 VIII.
1443 1057 1552 1099 26.20

72 1119 294 1169 cKMenag.
316 1118 516 1172 Origin.p.
540 1120 603 1161 74.
636 1121 672 1160 A
703 1119 935 1170 composito
957 1120 1165 1169 processit
1183 1118 1489 1174 τετραφάληρος
1511 1128 1551 1164 et

71 1196 176 1237 quae
210 1185 452 1225 Eustathius
492 1186 606 1225 affert
637 1186 729 1237 245,
759 1185 823 1225 43.
861 1179 1112 1236 παραγωγὸν
1150 1181 1195 1224 ἐκ
1231 1187 1306 1226 τοῦ
1335 1185 1553 1242 πενταέτης

68 1246 336 1303 πενταέτηρος
356 1247 411 1297 ὡς
430 1247 682 1303 ἐνναέτηρος.
741 1249 933 1291 verbalia
961 1260 1056 1289 rara
1087 1254 1180 1291 sunt
1213 1255 1252 1291 et
1269 1263 1351 1293 non
1372 1256 1550 1306 optimae

69 1321 207 1369 notae,
235 1314 458 1369 δακνηρός,
501 1314 680 1369 ὄυνηρός
720 1320 759 1356 et
789 1320 966 1367 utroque
997 1316 1202 1367 antiquius
1235 1317 1308 1358 sed
1339 1321 1467 1361 semel
1496 1322 1553 1362 le-

71 1387 179 1422 ctum
209 1377 407 1436 ἀλιτηρός.
442 1378 657 1435 Ἀλγηρός,
692 1393 772 1433 quo
802 1381 938 1421 nullus
969 1386 1151 1422 veterum
1182 1394 1282 1423 usus
1316 1391 1391 1439 est,
1423 1388 1552 1428 Hero-

71 1447 191 1488 diano
231 1453 400 1488 auctore
441 1448 569 1489 Cram.
600 1446 786 1489 111.2{)4.
823 1448 1060 1498 parcnymis
1101 1447 1372 1491 adscribimus
1411 1454 1550 1504 potius

72 1525 190 1566 quam
221 1514 457 1554 verbalibus
493 1515 729 1566 pariterque
768 1513 867 1565 aliu,
909 1524 1014 1564 quae
1043 1525 1116 1564 per
1147 1525 1193 1555 se
1224 1516 1413 1568 ambigua
1443 1524 1551 1572 sunt,

70 1575 267 1633 ἀνθηρός,
297 1577 518 1632 πενθηρός,
549 1575 758 1632 πνιγηρός,
791 1574 977 1631 ὀκνηρός.
1026 1574 1226 1632 Ὀτρηρός
1255 1592 1279 1621 a
1308 1583 1434 1623 verbo
1467 1586 1552 1635 qui-

72 1644 161 1685 dem
204 1649 335 1685 ortum
375 1649 438 1685 est
480 1645 553 1686 sed
588 1646 792 1697 primitivo
831 1641 933 1695 τρέω
973 1644 1155 1696 trepido,
1196 1650 1342 1697 satago
1375 1652 1418 1688 ut
1447 1647 1550 1702 τρή-

71 1725 159 1762 ρων
190 1711 326 1751 Schol.
356 1710 398 1751 Il.
430 1711 458 1751 I.
492 1710 584 1751 321.
618 1710 797 1762 praefixa
829 1709 1030 1761 particula
1060 1710 1264 1760 epitatica.
1305 1712 1368 1752 Ab
1400 1713 1551 1755 adver-

71 1777 139 1817 bio
180 1773 376 1828 αἰψηρός,
417 1776 523 1816 unde
562 1777 631 1828 qui
667 1772 869 1828 λαιψηρός
907 1779 1046 1815 natum
1076 1780 1220 1826 putant
1260 1775 1353 1828 (uec
1384 1780 1551 1822 multum

72 1842 197 1882 distat
228 1842 490 1894 significatio)
523 1843 645 1893 etymi
675 1840 896 1893 quaerendi
928 1852 1026 1880 cura
1054 1851 1132 1881 nos
1164 1842 1393 1884 exsolvunt.
1447 1845 1551 1894 Quin

75 1908 277 1960 simplicia
307 1908 388 1947 sint
418 1907 520 1947 haec
552 1908 687 1947 omnia
716 1907 865 1947 nemini
905 1906 1026 1946 hodie
1056 1907 1096 1946 in
1126 1912 1299 1948 mentem
1332 1911 1442 1950 venit
1471 1910 1549 1951 du-

73 1974 205 2014 bitare
243 1973 316 2013 sed
355 1972 650 2013 admonendum
691 1974 848 2026 putavit
887 1972 1133 2025 Apollonius
1175 1972 1223 2012 de
1263 1974 1376 2024 Synt.
1408 1976 1452 2016 II.
1483 1977 1548 2030 31,

75 2039 164 2080 190.
202 2035 248 2078 τὸ
284 2036 487 2091 χαλκήρης
526 2034 577 2078 οὐ
614 2037 661 2079 τὸ
698 2035 891 2093 ἀρηρέναι
929 2036 1004 2090 ἔχει
1042 2063 1094 2067 —
1135 2033 1231 2077 οὐδὲ
1268 2036 1351 2092 μὴν
1390 2038 1465 2094 ἔχει
1504 2040 1551 2083 τὸ

70 2107 207 2157 τηρεῖν
243 2101 289 2144 τὸ
327 2100 542 2157 μελιτηρὸν
580 2101 764 2157 ἀγγεῖον,
806 2101 887 2144 ἀπὸ
926 2106 1086 2158 γενικῆς
1124 2102 1167 2144 δὲ
1201 2105 1272 2157 τῆς
1308 2102 1465 2158 μέλιτος
1496 2105 1551 2156 ὡς

72 2170 257 2223 δείματος
284 2168 544 2223 δειματηρός,
585 2169 773 2224 καμάτου
800 2168 1054 2224 καματηρός,
1100 2166 1273 2211 ὀλίσθου
1315 2169 1548 2225 ὀλισθηρός.

72 2238 130 2277 De
163 2237 225 2277 his
256 2237 416 2289 quidem
448 2239 665 2291 convenit3
715 2237 789 2279 sed
819 2237 1043 2278 dubitatum
1075 2241 1137 2277 est
1177 2237 1226 2278 de
1266 2237 1368 2278 aliis.
1413 2238 1549 2279 Scliol.

73 2303 145 2345 Od.
184 2303 284 2344 XVI.
313 2303 405 2344 466.
445 2299 649 2357 ὅμηρῆσαι
687 2301 731 2345 ἐκ
766 2305 999 2357 μεταφορᾶς
1036 2304 1120 2343 τῶν
1157 2299 1261 2356 ὁμοῦ
1299 2300 1550 2357 ἐρεσσόντων

162 2491 224 2533 26)
250 2490 309 2524 Sic
337 2493 371 2525 et
396 2493 596 2534 germanice
623 2501 734 2535 equus
766 2495 910 2526 vocatur
940 2495 974 2526 et
1008 2490 1113 2524 fulica
1143 2489 1331 2533 (γαληρίς)
1365 2498 1385 2523 a
1416 2490 1551 2524 macula

74 2547 192 2580 frontis
221 2546 299 2579 alba
323 2547 482 2589 Blaesse,
509 2549 714 2590 Blaesslinffi
743 2557 922 2591 saepeque
952 2546 1105 2590 epitheta
1130 2545 1308 2588 generalia
1335 2545 1551 2580 catexoclien

77 2601 120 2636 de
159 2605 255 2644 parte
292 2604 524 2646 accipiuntur,
557 2608 594 2637 ut
626 2602 733 2647 σιμός
758 2613 818 2647 pro
849 2602 1037 2646 ῥινόσιμος
1062 2601 1135 2642 (cui
1166 2601 1371 2634 contrarium
1397 2599 1551 2644 γριτιός)

72 2655 229 2700 ’γλὰινκός
252 2667 313 2699 pro
337 2657 633 2702 γλαυκόμμιιτος,
661 2669 702 2694 ac
726 2659 856 2692 caesius
893 2658 937 2694 de
970 2657 1080 2691 oeulis
1112 2655 1215 2691 modo
1250 2654 1398 2699 dicitur,
1430 2656 1554 2697 flaccus

76 2711 119 2747 de
149 2712 323 2746 auriculis.
