1747 3005
225 153 293 195 DE
315 153 440 195 NOM.
462 150 680 202 QUORUM
699 150 848 192 CHAR.
867 150 968 193 EST
993 148 1165 191 SIGMA.
1200 150 1241 191 C.
1264 151 1309 193 II.
1338 157 1375 201 §.
1400 153 1436 195 3.
1482 154 1574 198 1129

100 263 286 304 noscitur
316 266 354 303 et
386 261 466 302 duo
498 261 718 313 adjectiva,
759 271 881 300 unum
919 259 1202 311 perantiquum
1239 257 1425 313 τηΰσιος,
1465 265 1574 316 quod

100 328 358 369 Herodianus
400 339 473 379 per
504 326 740 379 prosthesin
779 330 819 365 et
848 324 1022 375 dialysin
1061 335 1110 365 ex
1142 322 1287 373 αὕσιος
1318 328 1462 369 factum
1493 341 1574 381 pu-

102 395 201 433 tavit
241 393 327 434 EM.
371 392 470 444 171,
510 392 572 434 10.
610 392 689 432 hoe
731 395 863 430 autem
896 390 945 430 ab
976 384 1111 436 αὔτως
1139 392 1383 442 repetivisse
1416 394 1573 436 videtur

102 462 145 498 ut
178 469 201 498 a
231 454 375 510 κτητός
412 454 585 510 κτήσιος,
625 457 801 502 πλοῦτος
840 452 1055 504 πλούσιος,
1098 455 1171 496 scd
1212 457 1348 497 Schol.
1394 458 1465 499 Od.
1507 460 1569 500 III.

101 522 193 565 316.
225 534 274 563 ex
304 519 490 575 ἐτηΰσιος
520 524 598 563 hoo
629 527 714 575 est,
746 526 867 574 puto,
907 533 957 561 ex
986 517 1084 569 ἔτος,
1116 523 1408 571 praetermisso
1441 525 1572 574 epsilo

100 592 144 628 ut
173 586 333 641 τήτυμα
363 584 498 641 ἀληθῆ
538 588 714 638 Hesyoh.
754 586 863 638 qnod
900 586 1083 625 nonnulli
1125 586 1377 627 decurtatum
1418 593 1573 640 putant.

100 653 283 694 Alterum
323 658 387 694 est
426 654 475 694 ab
523 650 715 704 ἄντικρυς
761 647 1021 704 ἀντι-κρύσιος
1061 652 1240 703 Theogn.
1285 652 1381 705 125,
1424 654 1460 695 2.
1501 655 1575 696 sed

102 730 361 771 summopere
402 723 638 769 suspectum
678 723 717 758 et
757 722 924 769 propter
963 728 1008 758 se
1046 722 1085 757 et
1125 718 1176 757 oh
1208 717 1418 758 vindicem.
1449 743 1502 746 —
1525 715 1575 759 ‘O

101 798 176 836 μεν
205 781 272 824 διὰ
301 786 377 824 τοῦ
408 795 532 831 ωσιος
564 780 765 836 Ρηγίνων
795 780 928 832 ἐστὶν,
968 780 1051 822 ἐπεὶ
1085 780 1255 836 συνεχὴς
1292 798 1375 836 παρ
1432 780 1574 832 αὐτοῖς

102 845 184 889 ἀπὸ
213 851 374 903 γενικῆς
402 850 576 902 γίνεται,
616 845 784 889 ἀνάκων
818 844 1068 897 ἀιακώσιος,
1107 850 1283 901 χαρίτων
1319 846 1573 901 χαριτώσιος.

95 910 147 954 Ὁ
176 912 219 954 δὲ
247 911 315 954 δια
343 917 420 956 τοῦ
458 930 580 963 comos
610 911 816 963 Αἰολέων,
845 910 1036 961 Λλώνιος
1066 915 1164 966 (scr.
1197 911 1436 968 ἀλλωνιος),
1466 929 1575 956 παν-

101 994 258 1030 τωνιος,
289 977 511 1031 ἑτερώνιος,
544 976 751 1027 {nmmos
782 981 912 1020 Cratn
946 981 988 1021 'l.
1018 981 1080 1020 IV
1110 980 1201 1020 3³9.
1231 992 1401 1032 quorum
1427 987 1576 1034 poste-

103 1047 252 1087 riorem
282 1051 438 1098 partem
469 1046 644 1098 explicui
675 1045 726 1086 ad
754 1046 899 1085 Buttm.
931 1044 1023 1086 406.
1055 1046 1094 1084 in
1116 1046 1265 1099 priore,
1286 1058 1390 1098 quae
1410 1050 1577 1100 proprie

102 1112 222 1163 hujus
253 1116 316 1152 est
345 1112 439 1165 loci,
470 1123 544 1163 pro
575 1107 745 1151 ἀνάκωυ
774 1112 965 1163 suspicor
996 1111 1253 1151 scribendum
1285 1123 1379 1152 esse
1409 1108 1578 1155 ἀκάκων

101 1173 368 1228 Ἆκακώσιος,
414 1176 523 1228 quod
562 1177 695 1228 ipsum
734 1177 894 1229 quidem
924 1188 1007 1216 non
1037 1177 1184 1227 legitur
1214 1176 1287 1217 sed
1320 1178 1578 1221 Grammatici

106 1245 300 1296 posuisse
332 1242 518 1282 videntur
548 1242 598 1282 ad
630 1241 912 1293 explicandum
944 1243 1134 1282 Mercurii
1173 1253 1320 1282 nomen
1359 1240 1580 1296 ἀκακήσιος

106 1306 128 1350 ὁ
158 1307 331 1362 μηδενὸς
359 1309 491 1348 κακοῦ
520 1307 743 1359 παραίτιος.
803 1306 1016 1354 Quomodo
1059 1308 1163 1346 enim
1200 1307 1377 1359 Neptuni
1406 1310 1447 1349 in
1479 1311 1578 1352 urbe

105 1374 245 1415 Helice
277 1373 510 1414 consecrati
539 1373 751 1424 epitheton
773 1367 1010 1418 Ἑλικώνιος
1048 1383 1071 1412 a
1099 1372 1278 1423 genitivo
1324 1373 1469 1426 plurali
1499 1387 1580 1416 no-

107 1440 225 1480 minis
249 1435 386 1492 Ἑλίκη
416 1439 639 1479 derivatum
680 1449 775 1478 esse
805 1438 1043 1488 voluerunt,
1087 1440 1203 1488 eujus
1242 1437 1420 1489 legitima
1458 1441 1580 1482 inoli—

107 1506 220 1546 natio
251 1510 314 1547 est
339 1501 589 1557 Ελικησιος,
631 1504 691 1544 sic
734 1504 820 1543 veri
860 1504 990 1544 simile
1030 1506 1094 1543 est
1134 1503 1356 1543 nonnullos
1397 1505 1502 1547 hano
1540 1508 1582 1549 in

110 1572 344 1623 opinionem
375 1571 624 1611 discessisse
654 1573 696 1608 ut
726 1569 968 1609 Mercurium
999 1569 1050 1608 ab
1079 1568 1279 1609 Aeolihus
1314 1565 1568 1613 Ἀκακώνιον

110 1648 133 1676 a
162 1637 354 1688 Rheginis
380 1631 627 1687 Ἀκακήσιον
656 1639 846 1674 vocatum
877 1638 1078 1686 putarent.
1136 1635 1222 1675 Neo
1246 1633 1487 1687 χαριτώσιος
1507 1638 1583 1679 de-

109 1702 395 1754 prehendimus
427 1700 501 1742 sed
529 1696 760 1752 χαριτήσιος
791 1703 850 1751 et,
891 1698 1000 1751 quod
1029 1711 1112 1740 non
1143 1701 1363 1752 oportebat
1392 1708 1583 1754 praeter-

110 1768 222 1820 mitti,
252 1764 417 1814 ἐτώσιος
444 1762 556 1817 παρὰ
583 1761 630 1805 τὸ
659 1761 750 1811 ἐτός
779 1760 802 1804 ὁ
833 1760 991 1817 ἀληθής
1019 1760 1103 1806 κατ’
1135 1761 1380 1819 ἀντίφρασιν
1410 1767 1474 1808 vel
1506 1780 1581 1820 pro

111 1828 305 1880 ἀετώσιος
333 1837 376 1873 ut
408 1831 659 1884 fabulantur,
697 1829 831 1870 demto
862 1830 983 1882 alpha
1013 1832 1238 1884 privativo3
1278 1844 1354 1873 neo
1393 1839 1583 1885 praeter-

112 1899 281 1939 missum
312 1902 375 1938 est
407 1898 456 1938 ab
486 1898 571 1938 EM.
603 1896 644 1937 αἱ
682 1892 749 1936 ὁιὰ
786 1897 862 1936 τοῦ
901 1887 962 1943 so}
989 1894 1202 1949 γινόμεναι
1229 1898 1472 1951 παραγωγαὶ
1501 1895 1583 1940 ἀπὸ

112 1964 272 2016 γενικῆς
299 1964 383 2003 τῶν
411 1963 704 2016 πληθυντικῶν
733 1961 852 2014 διχῶς
881 1963 1199 2015 σχηματίζονται·
1230 1959 1253 2017 ἡ
1282 1961 1356 2016 μὲν
1390 1965 1474 2004 τῶν
1497 1961 1585 2019 Ῥη-

114 2030 241 2081 γίνων
270 2026 476 2077 διάλεκτος
506 2026 571 2070 διὰ
601 2030 676 2069 τοῦ
706 2021 741 2079 ἆ,
772 2025 949 2077 ἐτώσιος,
980 2024 1005 2081 ἡ
1036 2026 1079 2068 δὲ
1106 2030 1190 2069 τῶν
1218 2027 1402 2070 Αἰολέων
1421 2027 1488 2071 διὰ
1508 2032 1586 2072 τοῦ

115 2098 140 2135 ῦ
161 2090 408 2142 Ἑλικώνιος.
466 2095 518 2136 Ut
541 2092 776 2141 Ἑλικώνιος
807 2099 846 2135 et
869 2090 1120 2147 Ἑλικήσιος,
1163 2095 1223 2135 Sic
1253 2096 1373 2135 etiam
1406 2097 1587 2148 Stepha-

115 2171 191 2201 nus
223 2160 337 2201 affert
382 2157 633 2212 Τιταρώνιος
672 2165 711 2201 et
747 2157 1012 2212 Τιταρήσιος,
1052 2161 1131 2201 1100
1161 2172 1184 2201 a
1220 2162 1406 2212 Τίταρος,
1436 2161 1536 2203 illud
1566 2173 1590 2202 a

125 2223 325 2279 Τιταρών,
356 2238 406 2267 ex
435 2238 515 2279 quo
544 2226 648 2267 idem
678 2226 850 2278 Mopsus
883 2226 933 2266 ab
963 2226 1145 2268 Hesiodo
1183 2225 1425 2280 Τιταρήσιος
1444 2227 1592 2279 appel-

118 2291 237 2344 latur,
268 2303 291 2332 a
317 2292 590 2343 Lycophrone
627 2289 894 2344 Τιταρώνειος
923 2304 958 2332 v.
988 2291 1080 2334 881.
1113 2304 1202 2333 oum
1222 2292 1438 2333 metathesi
1458 2303 1592 2344 quan-

121 2357 271 2407 titatis;
302 2367 394 2396 nam
430 2357 602 2409 Τίταρος
631 2359 799 2410 primam
830 2358 992 2408 longam
1018 2358 1153 2411 habet,
1175 2358 1395 2398 secundam
1414 2358 1592 2413 brevem,

119 2422 161 2462 in
199 2422 407 2473 gentilicio
456 2413 601 2463 eontra
640 2427 715 2464 est.
784 2420 1015 2475 Κερβήσιος
1055 2423 1255 2474 Phrygiae
1300 2423 1418 2464 loeus
1460 2423 1595 2464 Strab.

120 2486 204 2528 XII.
233 2487 325 2529 580.
354 2488 536 2528 fortasse
566 2499 590 2528 a
619 2486 790 2541 Κέρβης,
823 2488 932 2540 quod
960 2487 1217 2528 Herodianus
1250 2488 1379 2529 Cram.
1409 2488 1473 2529 III.
1502 2487 1594 2529 241.

121 2552 230 2592 ssuvii
258 2562 407 2592 nomen
438 2564 533 2593 esse
570 2553 710 2605 tradit3
750 2552 917 2607 Κεβρήν
956 2557 1089 2593 autem
1129 2554 1202 2594 suit
1241 2553 1412 2594 Troadis
1451 2553 1595 2594 fluvius

121 2616 229 2658 unde
265 2618 380 2669 regio
412 2618 631 2671 Κεβρηνία.
690 2619 742 2660 Et
771 2620 902 2660 simile
931 2618 997 2671 *illi
1037 2619 1240 2660 ethnicum
1278 2614 1490 2672 Κορήσιος
1515 2629 1597 2659 no—

122 2682 186 2722 bis
227 2683 461 2735 opinionem
506 2683 621 2724 affert
658 2695 741 2725 non
781 2685 914 2725 solum
956 2680 1116 2735 Κόριον
1151 2685 1191 2725 in
1232 2697 1309 2727 usu
1357 2685 1486 2725 fuisse
1525 2682 1598 2725 sed
