1731 3021
108 177 200 221 394
571 174 1005 217 DISSERTATIO
1037 176 1137 216 VIII.

106 284 286 340 φράδιον
315 299 351 328 v.
383 287 424 327 C.
456 286 482 327 l.
515 291 552 333 ἓ.
586 286 619 327 1.
649 283 867 338 πηγάδιον,
895 282 1120 337 γλυκάδιον
1158 296 1232 336 pro
1272 284 1481 336 γλυκίὸιου
1520 284 1584 323 vel

105 351 346 404 γλυκείδιον,
378 362 470 391 nam
504 356 717 403 utrumque
747 354 949 403 reperitur
969 351 1043 391 sed
1062 351 1267 403 posterius
1289 350 1583 402 probatEtym.

109 418 206 460 Gud.
237 430 274 470 p.
309 417 397 470 126,
429 416 491 457 51.
522 417 751 468 γλυκε-ίδιον
781 412 862 457 ἀπὸ
891 417 963 470 τῆς
991 413 1160 468 γλυκέος
1196 416 1358 468 γενικῆς
1387 411 1441 462 ὡς
1484 412 1584 467 προὶ-

107 484 204 534 ξεως
242 483 501 537 πραξείόιον,
538 480 680 532 λέξεως
707 483 911 533 λεξείόιον,
944 494 1017 534 pro
1051 483 1197 534 quibus
1228 482 1380 521 rectius
1412 478 1585 529 ὀξείόιον

108 550 312 591 attulisset
343 549 492 589 Suidae
520 554 805 602 memoratum,
845 559 1074 601 quanquam
1105 547 1143 588 id
1174 558 1337 599 quoque
1366 547 1453 586 iota
1482 547 1584 586 sim—

108 617 203 669 plici
234 616 359 657 scribi
390 616 580 655 convenit
612 619 653 654 ut
685 613 883 667 ξιφίδιον,
923 614 1032 666 quod
1072 626 1134 665 ap.
1180 613 1333 654 Suidan
1384 612 1583 653 adversus

110 684 241 733 legem
271 681 356 722 EM.
391 680 480 734 147,
514 681 574 721 1⁵2¹.
606 680 805 733 ξιφείὸιον
843 681 1044 732 scribitur,
1077 684 1115 720 et
1147 684 1288 719 contra
1321 690 1424 731 quae
1456 690 1478 718 a
1508 688 1585 729 ge—

109 751 237 791 nitivo
275 738 353 793 ἶω-ς,
384 751 474 785 orta
505 750 611 798 sunt,
651 758 723 797 pcr
753 747 839 785 iota
869 750 912 785 ut
941 742 1090 797 ἐχίὸιον
1127 746 1248 785 Arist.
1279 745 1325 785 H.
1355 746 1401 784 A.
1433 744 1479 783 V.
1520 743 1583 783 34.

108 829 146 869 p.
177 814 278 867 558,
308 811 373 853 29.
408 811 543 860 (codd.
586 811 709 862 aliqui
747 808 940 862 ἐχίὸνιον)
980 806 1146 862 ὀφίδιον
1176 810 1274 849 VIII.
1305 809 1368 849 29.
1409 821 1445 861 p.
1489 809 1582 858 607,

107 882 171 922 27,
201 879 342 920 Mirab.
374 888 406 917 0.
439 876 604 916 CXLIX.
639 880 834 928 (utroquo
867 877 960 917 loco
992 875 1202 916 Bekkerus
1224 869 1371 927 ὀφείδ.)
1392 874 1584 926 Apollon.

106 947 210 988 Hist.
240 944 322 985 XII.
354 938 534 995 ὀρχίδιου
566 942 666 993 (non
697 947 737 982 ut
777 942 1010 994 Stephanus
1050 942 1145 981 dicit
1185 936 1401 993 ὀρχείδιον)
1444 940 1583 981 Diosc.

106 1013 171 1054 III.
207 1010 295 1052 141.
326 1010 367 1049 in
398 1019 565 1048 numero
601 1007 747 1058 plurali
778 1013 821 1047 ut
852 1007 1047 1059 pleraque
1081 1008 1197 1058 talia,
1234 1007 1419 1047 πολίὸιον
1450 1006 1581 1047 Strab.

106 1079 206 1119 VIII.
245 1076 336 1117 344.
376 1074 439 1116 IX.
480 1073 572 1114 412.
613 1073 659 1114 X.
698 1073 790 1114 44G.
835 1073 982 1125 quibus
1023 1074 1210 1113 omnibus
1250 1073 1354 1113 locis
1397 1071 1512 1112 codd.
1544 1075 1584 1112 et

106 1143 291 1186 Eustatli.
345 1140 635 1192 diphthongum
683 1139 882 1190 praebent
921 1139 969 1179 ab
1012 1139 1237 1179 editoribus
1282 1143 1462 1191 spretam
1511 1136 1584 1177 sed

108 1214 309 1251 servatam
340 1208 381 1246 in
412 1201 597 1259 ὁφείὸῑον
626 1205 706 1245 XV.
738 1204 829 1245 wo,
860 1204 1070 1257 κτησίδιον
1108 1205 1238 1246 Νἰοθῐ,.
1268 1207 1371 1246 Ann.
1405 1204 1503 1244 VIII.
1545 1203 1582 1255 3,

110 1275 199 1317 134.
230 1272 416 1326 ῥησίὸιον
448 1271 677 1323 Olympiod.
710 1272 750 1310 in
780 1271 877 1311 Plat.
910 1271 1040 1312 Alcib.
1071 1284 1107 1324 p.
1138 1271 1174 1312 3.
1206 1276 1245 1311 et
1275 1271 1312 1311 4.
1347 1270 1407 1310 ed.
1441 1270 1582 1310 Creuz.

106 1339 352 1389 ἐντευξίὸιον
388 1338 516 1389 Epict.
558 1338 665 1378 Diss.
696 1337 722 1377 I.
757 1337 828 1389 10,
860 1336 895 1376 9.
939 1339 1054 1388 cujus
1095 1337 1233 1376 vitium
1273 1340 1446 1388 arguunt
1483 1349 1584 1387 κτη-

107 1406 258 1448 σείδιον
287 1405 314 1445 I.
345 1404 419 1455 25,
447 1403 511 1443 24.
551 1399 846 1454 ὑποληψείδιου
883 1402 945 1442 IV.
978 1404 1020 1455 1,
1054 1402 1141 1443 140.
1208 1402 1270 1443 Ad
1309 1402 1410 1442 haec
1450 1396 1582 1454 ἄμφο-

107 1473 240 1527 ρίδιον
268 1470 370 1511 Poll.
400 1469 446 1508 X.
472 1468 536 1509 30.
564 1468 674 1520 (cod.
696 1464 977 1521 ἀμφορείδιον,
1008 1468 1117 1519 quod
1137 1468 1343 1508 Kuelmius
1364 1480 1448 1508 non
1467 1472 1580 1508 recte

107 1550 197 1581 oum
227 1532 432 1589 ἀγγείδιον
463 1535 691 1585 comparat)
731 1545 902 1585 quorum
943 1534 1139 1573 nonnulla
1179 1535 1360 1574 fortasse
1400 1533 1581 1574 editores

105 1606 344 1646 invexerunt
374 1601 480 1640 sicut
515 1600 737 1639 Kuesterus
769 1612 831 1651 ap.
867 1598 1020 1639 Suidan
1062 1611 1094 1639 s.
1116 1596 1256 1652 Ἔρσις
1284 1595 1331 1638 τὸ
1360 1598 1582 1647 πλεξείδιον

105 1671 227 1711 tacite
267 1666 433 1717 scripsit
471 1664 672 1713 πλεξίόιον
713 1670 821 1705 certe
861 1669 1007 1704 contra
1047 1665 1293 1717 Lexigraplii
1339 1665 1579 1705 sententiam

105 1736 173 1789 qui
203 1732 382 1786 ἐχείὸιον,
415 1726 625 1782 ὀρχείὸιον,
657 1726 852 1783 &wioton
872 1730 1082 1781 ταξείὸιου,
1113 1730 1345 1782 τροπείόιον
1363 1741 1438 1770 suo
1461 1729 1582 1782 quid—-

105 1812 183 1854 que
214 1798 422 1839 adnotavit
451 1797 544 1838 1000
578 1802 770 1849 excerpta
802 1809 851 1837 ex
881 1797 995 1836 libris
1027 1797 1352 1849 artigraphorum
1382 1808 1417 1836 v,
1443 1796 1581 1837 Theo-

105 1868 194 1908 (105.
236 1864 407 1905 Graium.
450 1875 486 1914 p.
527 1864 588 1904 70,
629 1875 691 1916 sq.
737 1863 994 1913 Mosoliopul.
1035 1862 1181 1903 Solled.
1220 1874 1256 1914 p.
1298 1862 1386 1903 100.
1417 1861 1580 1903 Pliilem.

106 1934 141 1975 1.
172 1936 210 1979 ἓ.
241 1929 305 1970 96.
338 1933 377 1969 et
406 1929 688 1969 (llioerobosc.
720 1930 760 1968 in
790 1929 875 1968 EM.
911 1928 1001 1981 147,
1032 1928 1092 1969 12.
1123 1939 1295 1980 quorum
1325 1927 1459 1968 nullus
1490 1939 1580 1968 me—

104 1997 218 2039 minit
244 1995 497 2046 exceptionis
529 1995 578 2034 ab
610 2006 690 2034 uno
723 1994 879 2034 additae
910 1994 995 2033 EM.
1027 1994 1120 2045 347,
1151 1994 1214 2034 54.
1246 1990 1412 2042 ἑξείὸιον
1448 1993 1482 2034 εἰ
1507 1990 1580 2046 μὲν

104 2059 186 2104 ἀπὸ
216 2061 288 2114 τῆς
317 2058 433 2108 ἕξεως
472 2061 632 2113 γενικῆς
667 2058 772 2109 ἐστι,
813 2056 1011 2111 γράφεται
1052 2058 1304 2112 ὁίφθογγου·
1345 2058 1379 2098 εἰ
1417 2056 1458 2099 δὲ
1497 2055 1578 2099 ἀπὸ

102 2130 175 2182 τῆς
204 2124 307 2176 ἐξιος
337 2123 496 2174 ἑξίὸιων,
528 2126 635 2178 quod
669 2131 706 2166 ct
736 2126 919 2166 Zonaras
951 2125 1068 2165 tradit
1099 2137 1131 2165 S.
1166 2124 1370 2173 Λεξείδιον
1401 2137 1437 2176 p.
1462 2125 1577 2166 1299.

104 2197 163 2236 De
204 2194 496 2245 patronymicis
545 2194 805 2245 propriisque
839 2189 1084 2244 Ἡρακλίόης
1126 2192 1166 2231 in
1209 2191 1328 2243 Corp.
1369 2192 1494 2231 Inscr.
1537 2203 1574 2231 n.

106 2260 223 2303 1997.
249 2254 477 2308 Ἀριστίόας
507 2270 542 2298 n.
575 2258 694 2298 2531.
729 2259 825 2308 (nisi
857 2259 935 2298 hoc
967 2258 1017 2298 ad
1036 2254 1224 2307 ’Ἄριστος
1263 2257 1456 2308 pertinet)
1491 2251 1579 2297 'Av-

103 2324 320 2379 τιγενείὸης
349 2336 384 2364 v.
417 2323 617 2363 Gaist'ord.
652 2323 701 2362 ad
733 2323 843 2363 Suid.
876 2336 908 2364 s.
942 2324 978 2362 h.
1011 2335 1045 2364 v.
1077 2323 1358 2374 similibusque
1384 2323 1578 2374 loquutus

105 2404 193 2433 sum
223 2392 263 2430 in
294 2389 438 2429 Parall.
469 2401 505 2441 p.
537 2388 573 2429 5.
613 2393 652 2428 et
691 2390 729 2428 in
770 2389 1026 2440 appellativis
1064 2387 1241 2440 pemacdv
1277 2385 1463 2441 μεληὸών
1498 2400 1578 2440 qua

102 2459 192 2508 lege
223 2455 390 2496 vocales
420 2458 700 2506 permutentur
731 2454 903 2505 exposui
932 2455 971 2493 in.
1002 2454 1101 2494 Adn.
1124 2454 1173 2494 ad
1194 2455 1337 2495 Buttm.
1367 2454 1459 2495 407.
1490 2454 1577 2495 Ob—

103 2522 294 2562 mutescit
335 2521 419 2560 iota
456 2521 495 2560 in
534 2520 764 2560 nominibus
813 2520 998 2559 Boeotiis
1044 2516 1292 2572 Ἀρχώνόας,
1342 2515 1576 2570 Κρεώνὸας,

109 2585 366 2640 Φρυνώνδας
397 2591 470 2626 etc.
501 2610 552 2614 -
586 2586 758 2626 Vocates
790 2597 894 2637 qnae
925 2585 1033 2626 theta
1075 2591 1269 2626 anteeunt
1308 2596 1436 2636 saepe
1473 2585 1577 2625 inter

105 2665 150 2695 se
182 2652 418 2693 commutari
451 2651 805 2692 animadvertimus
837 2662 910 2691 seu
942 2662 1082 2692 errore
1112 2653 1368 2692 librariorum
1388 2651 1475 2691 sive
1509 2651 1576 2692 in-

105 2718 337 2759 constantia
367 2718 693 2759 consuetudinis:
731 2714 974 2771 Φάρβαιθος
1005 2718 1144 2770 Stepli.
1180 2715 1410 2770 Φάρβηθος
1440 2716 1573 2758 Strab.
