1747 3005
154 184 222 226 DE
254 183 486 225 vrorsslr.
519 182 800 225 TERMINAT.
828 173 890 234 ῐῑςζ
914 173 965 234 ιζ,
981 172 1064 234 aa}
1086 171 1182 234 ἷξε-Τ),
1205 187 1313 234 ιαζω.
1347 188 1386 234 ς.
1414 183 1454 228 8.
1508 184 1600 229 457

122 294 263 348 φαλίς,
303 303 436 345 nequo
473 296 605 333 tamen
635 293 685 334 ab
716 293 779 334 his
808 294 878 334 illa
916 293 1148 345 composita
1189 292 1263 335 sed
1302 305 1326 334 a
1356 297 1598 348 compositis

121 362 351 412 propagata
389 362 484 399 sunt
521 357 586 398 vol
625 358 745 398 otiam
784 358 873 399 sino
910 359 1142 399 interventu
1180 359 1361 410 syntheti
1392 372 1442 401 ox
1471 373 1598 414 prae-

120 425 330 477 positione
361 428 400 465 ot
430 435 531 464 casu
562 424 727 475 obliquo
760 424 955 464 conflata:
995 424 1217 478 προποντίς
1258 421 1281 478 ἡ
1320 421 1400 478 πρὸ
1437 425 1596 470 πόντου

118 488 311 531 θάλασσα
350 489 511 531 Suid.37
549 487 783 542 ἐπικιχλίόες
820 488 862 530 αἱ
903 487 968 529 ἐπὶ
1011 490 1165 542 κίχλαις
1213 486 1409 546 ᾅδόμενοει
1445 495 1592 538 Athen.

120 555 350 608 hypocistets
380 558 574 596 nascitur
602 556 680 596 sub
712 557 831 607 cisto,
864 555 975 597 unde
1004 567 1158 597 nomen
1187 557 1285 598 Plin.
1322 558 1495 601 XXVIII.
1527 561 1593 604 31.

122 622 210 670 Qua
237 623 397 662 rationo
429 623 562 662 omnia
592 621 739 662 similia
769 621 950 673 expediri
980 627 1178 675 possunt;
1210 634 1258 664 ao
1291 624 1327 665 si
1357 636 1506 667 nomen
1534 630 1595 670 rei

120 688 315 740 anquiris,
346 693 510 739 praesto
543 691 606 728 ost
644 684 869 740 παραγωγὴ
908 684 952 727 ἐκ
994 684 1071 727 δύο
1107 688 1163 736 εἰς
1202 686 1268 740 ἕν,
1305 701 1386 742 quo
1427 695 1594 747 saepius

121 753 247 792 utitur
293 753 527 804 Stephanus
567 765 600 795 S.
632 751 933 806 Ἑλληςποντίς,
961 748 1158 801 Ὠκέανος
1195 759 1503 813 παρωκεανίτης
1540 757 1596 810 ὡς

120 814 431 870 παραποτάμιος
468 824 544 860 eto.
584 819 812 872 cujusmodi
853 819 1055 871 adjectiVa
1089 821 1261 862 Romani
1304 833 1468 875 quoque
1508 826 1596 868 fre-

123 887 332 936 quentant,
375 885 613 938 cisalpinus,
645 890 966 939 extramuranus,
998 886 1314 941 pomeridianus‚
1344 889 1595 947 suburbium,

121 950 447 1001 promontorium
478 953 553 991 eto,
612 951 690 991 Pro
725 951 806 991 illis
835 952 977 1004 igitur,
1008 963 1113 1003 quae
1146 951 1404 995 Grammatioi
1434 968 1595 1010 propo-

120 1018 233 1068 nunt,
264 1015 468 1055 afferenda
499 1020 613 1056 erant
640 1017 876 1070 περικνημίς
915 1028 1037 1057 ocrea
1080 1017 1248 1069 Dionys.
1286 1019 1396 1061 Antt.
1426 1021 1488 1062 IV.
1531 1022 1594 1066 16.

120 1081 278 1122 Daniel.
309 1081 373 1122 III.
403 1080 466 1122 21.
495 1082 721 1135 προκνημίς
757 1083 899 1134 Polyb.
937 1083 1167 1135 παραπυλίς
1205 1084 1361 1126 Heliod.
1405 1097 1593 1140 quaeque

122 1147 203 1187 alia
240 1158 263 1187 a
302 1151 416 1187 recto
458 1158 558 1187 casu
597 1149 829 1200 composita
866 1152 981 1199 sunt3
1021 1159 1101 1199 quo
1143 1149 1262 1190 etiam
1290 1151 1434 1192 referri
1465 1164 1596 1205 posse

121 1212 280 1253 videtur
316 1212 567 1264 περιβαρίδες
605 1218 822 1265 cognatum
864 1225 954 1254 cum
991 1213 1151 1267 βηρίδες
1188 1218 1227 1255 et
1255 1214 1484 1270 βερβέριον,
1515 1217 1598 1260 ἐπι-

121 1278 281 1326 κυλίόες
310 1282 350 1319 et
377 1274 634 1329 ὑποκυλίδες,
665 1276 875 1331 ἐπιφυλλίς
905 1283 945 1319 et
975 1276 1214 1332 ὑποφυλλίς.
1272 1282 1411 1324 Tonus
1441 1286 1599 1327 utrius-

125 1355 204 1396 que
236 1344 399 1396 generis
429 1343 534 1384 idom
565 1347 629 1384 est
662 1344 734 1384 sed
773 1355 857 1384 non
895 1344 1036 1385 eadem
1067 1346 1153 1385 toni
1183 1347 1302 1388 ratio.
1360 1348 1462 1390 Nam
1493 1362 1599 1403 quae

127 1420 224 1450 vero
255 1410 488 1461 composita
518 1413 635 1463 sunt,
675 1410 762 1450 sivo
793 1421 816 1450 a
854 1411 1166 1461 praepositione
1209 1411 1420 1454 ordiuntur
1458 1416 1545 1457 sIve
1576 1429 1601 1459 a

124 1475 310 1528 nomine,
349 1479 516 1516 servant
554 1480 768 1516 accentum
805 1476 1003 1528 simplicis
1049 1488 1099 1517 ox
1142 1477 1285 1529 regula
1329 1475 1380 1518 τὰ
1419 1478 1602 1523 σύνθετα

124 1537 276 1594 ὁμοίως
311 1543 396 1588 τοῖς
434 1537 578 1589 ἁπλοῖς
619 1542 847 1594 (τουοῦτοιι)
886 1541 1040 1583 Anecd.
1072 1542 1202 1584 Cram.
1232 1544 1278 1584 II.
1308 1544 1400 1587 399.
1459 1547 1601 1600 Itaque

123 1608 327 1658 barytona
357 1610 449 1648 sunt
479 1617 568 1647 cum
597 1607 812 1658 barytonis
838 1610 982 1659 juncta
1011 1610 1176 1661 Σκῆψις
1201 1605 1441 1663 Ἐπίσκηψις
1463 1613 1603 1655 Choe-

128 1673 216 1714 rob.
251 1672 374 1713 Gaisf.
405 1673 432 1713 Ι.
462 1672 526 1713 56.
559 1676 598 1712 et
629 1673 718 1714 187.
749 1672 908 1723 (omiss.
938 1674 980 1713 in
1012 1674 1100 1727 Th.)
1140 1671 1389 1728 ἀμφίδαπις,
1428 1675 1604 1725 ψιλοτα-

125 1752 205 1788 πις,
238 1735 415 1787 ἔπαυλις,
447 1735 642 1790 ἐπίμηνις,
673 1733 882 1791 ὁμήγυρις,
915 1750 1048 1791 neque
1078 1745 1190 1782 recte
1229 1746 1429 1783 acuuntur
1458 1745 1603 1797 Λαγο-

125 1807 208 1855 ρεῖς
237 1801 443 1856 ἐκκλησίαι
470 1803 566 1843 Hes.
600 1803 709 1855 quod
740 1804 887 1856 injuria
917 1810 1155 1857 suspectum
1186 1811 1261 1861 est,
1283 1812 1322 1848 ot.
1343 1811 1604 1865 Σταμαγορίς

127 1867 228 1910 ὅταν
256 1870 435 1916 πλείονες
474 1870 741 1922 συστραφῶσι
772 1866 968 1922 στήμονες
995 1871 1091 1912 Hes.
1124 1875 1330 1914 contraria
1368 1886 1458 1916 cum
1497 1888 1602 1918 con-

131 1935 268 1975 trariis
297 1934 545 1987 περικνημίς,
575 1929 841 1987 χειροκνημῖς,
872 1932 1148 1988 ἁπαλοκουρίς
1178 1943 1217 1978 et
1245 1941 1518 1994 χλωροκυρτίς
1542 1944 1602 1995 (id

129 2004 192 2041 est
221 2000 354 2052 καρίς)
386 2000 604 2054 οἰυοκηκίς,
637 1996 938 2054 ὀπισθοκρηπίς
974 2002 1119 2044 Parall.
1161 2003 1305 2045 2413ss
1351 2004 1464 2053 Quae
1501 2020 1600 2050 vero

128 2066 423 2120 parasyntheta
467 2072 561 2108 sunt
598 2067 663 2107 vel
702 2067 1052 2120 plagiosynthota,
1090 2070 1243 2120 paritor
1290 2076 1490 2113 acuuntur
1528 2075 1603 2116 sod

129 2132 181 2172 ob
214 2133 502 2185 characterem,
532 2144 664 2184 eoquo
692 2134 855 2173 nomino
886 2146 909 2174 a
938 2134 1173 2186 περικνημίς
1204 2146 1327 2175 ocrea
1357 2136 1486 2178 differt
1523 2153 1601 2180 πα-

128 2197 326 2250 ρακυημίς
354 2198 476 2238 fibula
507 2199 594 2239 sivo
626 2210 673 2239 os
694 2199 816 2239 tibiae
834 2199 1102 2240 minusculum
1122 2200 1238 2240 Phot.
1263 2200 1393 2253 Epist.
1420 2203 1601 2248 CCXLII.

218 2384 278 2426 37)
319 2384 409 2418 Satis
446 2387 518 2418 erat
548 2382 565 2425 ἢ
591 2383 660 2428 πρὸ
687 2384 841 2423 πόντου,
869 2397 946 2420 nam
971 2389 1163 2430 προπιονιίς
1188 2389 1290 2422 etiam
1315 2390 1412 2432 regio
1440 2390 1507 2425 dici
1531 2403 1601 2436 po·-

134 2443 222 2474 tel‘at
255 2443 358 2483 punto
385 2439 569 2482 adjacens,
602 2440 640 2472 ἐν
670 2444 806 2485 Κυζίκῳ
838 2444 898 2475 καὶ
928 2443 965 2485 τῇ
1004 2443 1221 2484 Προποντίδι
1247 2444 1474 2486 σοφιστεύων
1497 2447 1598 2492 Diog.

132 2495 223 2529 vlu.
250 2496 305 2530 ffl.
333 2498 367 2529 et
394 2495 473 2529 urbs
504 2500 539 2529 ut
563 2494 580 2536 ἡ
603 2495 848 2537 Ἑλληςποιιιὶς
866 2497 1016 2540 ’ἱμίβυδος
1039 2497 1155 2532 Schol.
1183 2499 1222 2533 ll.
1248 2499 1302 2533 lv.
1329 2501 1405 2536 500.

220 2560 279 2603 38]
314 2560 489 2595 Minervae
515 2561 690 2604 epitheton
721 2562 862 2606 ἁγεληίς
886 2564 1040 2606 sequitur
1067 2564 1234 2606 simplicis
1261 2564 1334 2604 ληίς
1357 2569 1493 2602 tonosin
1517 2570 1601 2607 Ari-

134 2616 345 2656 starcheam3
381 2625 457 2649 nam
493 2616 550 2649 alii
589 2617 664 2657 λῆις
698 2618 895 2654 scribebant
929 2618 1009 2652 sch.
1037 2618 1076 2652 ll.
1104 2618 1160 2653 ΧΙ.
1188 2620 1264 2655 677.
1306 2621 1394 2655 lIIud
1428 2634 1504 2659 cum
1529 2626 1603 2667 ληίς

134 2674 249 2715 potius
285 2680 386 2714 quam
424 2680 500 2704 cum
533 2672 647 2706 ionico
681 2672 763 2714 ληός
800 2674 847 2717 (v.
882 2674 1003 2709 Parati.
1036 2675 1131 2719 429.)
1159 2676 1354 2720 copulatum
1383 2688 1463 2717 esse
1487 2682 1602 2718 docu-

136 2730 250 2763 mento
278 2730 332 2763 est
356 2726 509 2771 ἀγελείη.
