1731 3021
119 168 210 210 272
595 163 1043 207 DISSERTATIO
1085 164 1127 204 V.

120 274 346 331 .Μόλυρος,
387 278 504 328 cujus
543 275 715 316 mediam
760 274 950 326 producit
980 273 1187 314 Hesiodus
1217 275 1279 315 Fr.
1310 275 1407 316 LVI.
1439 275 1602 317 dubium

122 348 186 384 est
217 354 306 383 cum
336 343 545 384 homerico
578 337 802 395 μολοβρός,
835 339 945 391 quod
984 340 1204 380 molestum
1243 342 1473 392 significare
1504 348 1603 395 pot-

120 414 197 463 est,
229 414 268 450 et
299 408 592 460 andronymico
625 404 850 459 Μόλοβρος
882 405 1061 456 Thucyd.
1092 406 1154 446 IV.
1186 406 1224 448 8.
1255 418 1348 448 num
1369 409 1463 460 quid
1484 420 1602 450 com-

120 476 260 516 mercii
280 475 469 515 habeant.
513 474 723 525 Κλειτορίς
754 472 849 524 qnid
881 473 933 512 sit
952 476 1092 512 notum
1115 476 1191 525 est,
1211 472 1318 513 unde
1338 474 1403 527 sit,
1423 476 1597 516 minime.

122 567 174 572 —
202 541 451 594 Diphthongi
492 532 538 580 οἶ
559 541 600 580 in
632 549 843 591 paragoga
876 550 994 578 usum
1024 538 1179 578 nullum
1210 550 1305 579 esse
1335 540 1459 579 tacite
1492 544 1602 581 atte—

120 613 281 650 stantur
300 608 386 648 EM.
410 606 502 659 660,
522 606 585 647 53.
608 606 808 646 aeolicum
826 601 991 657 ὄνοιρος
1011 615 1338 645 conmemorans
1359 609 1399 645 et
1420 605 1600 658 Theogn.

119 674 210 727 101,
240 674 304 715 32.
343 669 392 712 τὰ
421 669 489 712 διὰ
526 673 602 712 τοῦ
620 662 719 723 *vo—oc
742 666 843 723 ὑπὲρ
884 667 962 710 δύο
996 666 1201 723 συλλαβὰς
1230 666 1298 710 διὰ
1333 671 1410 711 τοῦ
1438 675 1470 711 ὖ
1496 669 1601 724 γρά-

119 754 239 793 φεται
267 744 343 779 etc.
365 763 418 767 —
438 739 596 780 Nomen
615 734 775 789 ἄρουρα
795 737 1053 778 Herodianus
1073 751 1114 778 π.
1135 739 1248 778 Μον.
1268 750 1305 790 p.
1330 737 1391 779 13.
1414 737 1603 791 designat

120 810 313 857 tanquam
343 805 504 844 unicum
533 804 653 855 liujus
683 803 860 854 figurae,
906 814 999 844 nam
1032 807 1168 844 cetera
1201 807 1270 843 aut
1308 805 1477 856 propria
1506 816 1602 847 esse

119 875 188 912 aut
230 881 315 910 non
345 870 569 921 simplicia,
610 880 782 921 quorum
818 869 888 909 illa
928 869 1062 910 solum
1102 869 1152 909 ad
1182 881 1260 910 nos
1292 871 1466 912 attinent
1496 883 1602 924 quae

119 937 345 978 derivativa
373 935 562 975 videntur
591 939 634 975 ut
651 930 873 986 ’Ἀργουρα,
904 946 1009 987 quae
1041 934 1181 976 eadem
1200 932 1399 988 ’Ἀργισσα
1425 936 1534 978 dicta
1564 950 1600 978 v.

117 1002 319 1054 Aglaoph.
352 1001 469 1044 1132.
501 1001 551 1042 ab
583 997 709 1053 ἀργός
740 1000 943 1052 adjectivo
976 1001 1042 1041 vel
1073 1012 1096 1041 a
1125 1006 1285 1056 neutro,
1323 1002 1433 1054 quod
1463 1003 1601 1055 plani-

118 1071 213 1110 tiem
243 1068 466 1121 significat,
493 1064 655 1120 κύουρα
682 1067 835 1108 herbae
866 1067 1092 1120 abortivae,
1120 1072 1162 1107 ut
1193 1068 1325 1122 abiga,
1355 1080 1505 1109 nomen
1531 1073 1600 1109 aut

116 1136 321 1188 ignoravit
350 1134 418 1174 ille
449 1139 517 1174 ant
548 1145 631 1174 non
661 1133 835 1186 simplex
867 1144 961 1174 esse
993 1132 1230 1174 credidit.⁴2
1280 1134 1495 1175 Secundae
1525 1134 1602 1176 de-

119 1201 353 1242 clinationis
383 1200 548 1239 nomina
578 1201 793 1240 maximam
831 1204 989 1252 partem
1030 1199 1080 1240 ab
1121 1194 1227 1252 οὐρά
1264 1200 1329 1240 vel
1369 1192 1494 1252 οὖρος
1535 1200 1601 1241 vel

118 1266 354 1309 alicllllde⁴3
384 1266 617 1317 composita
646 1271 714 1305 aut
743 1266 873 1316 ignoti
902 1266 1065 1317 generis
1098 1270 1211 1306 suut:
1250 1266 1485 1318 παλίουρος,
1516 1263 1601 1307 πά-

117 1348 289 1388 γουρος,
320 1329 601 1385 μολόθουρος,
644 1331 855 1383 αἴλουρος,
897 1328 1138 1384 κέρκουρος,
1178 1328 1403 1384 κόλλουρος
1434 1333 1598 1384 (piscis)

123 1400 384 1451 Παλίνουρος
421 1399 496 1438 viri
534 1409 695 1451 nomen,
723 1396 926 1449 Ἕλουρος
949 1398 1106 1449 gentis,
1144 1396 1396 1451 Atycyovpog
1434 1398 1597 1439 insulae

119 1464 507 1508 Str-al›.xv11.834.
541 1463 650 1516 quod
681 1476 744 1516 ap.
774 1464 913 1515 Stepli.
937 1463 1156 1515 Αἰγίμορος
1185 1465 1390 1516 scribitur,
1423 1461 1593 1504 Λάθου-

117 1547 188 1585 ρος
218 1533 336 1572 unius
363 1531 692 1571 Ptolemaeorum
723 1531 945 1582 epitheton,
978 1529 1087 1581 quod
1111 1529 1336 1570 Salmasius
1361 1529 1597 1571 Soli11.877.

118 1599 295 1640 salacem
326 1598 620 1648 interpretatur
650 1596 768 1647 quasi
807 1596 1040 1645 syntheton.
1088 1595 1328 1645 Paragogae
1359 1596 1599 1649 exemplum,

117 1663 225 1716 quod
256 1674 330 1714 pro
354 1667 466 1701 certo
489 1662 621 1702 afferri
642 1661 789 1713 possit,
820 1661 972 1700 nullum
997 1664 1162 1712 praeter
1189 1662 1457 1714 κλαγγοῦρος,
1489 1660 1599 1712 quod

116 1727 319 1769 Arcadius
336 1728 736 1779 properispomenon
768 1737 863 1767 esse
895 1726 991 1766 dicit
1021 1726 1205 1777 proxime
1236 1730 1359 1778 atque
1389 1726 1466 1769 alia
1494 1737 1599 1778 quae

116 1798 209 1834 ante
243 1793 536 1844 diphthongum
567 1783 619 1833 0—1)
648 1803 858 1832 consonas
887 1793 1038 1833 hahent
1069 1791 1276 1832 secundae
1304 1792 1599 1844 harytonorum

115 1860 264 1900 classis
296 1859 486 1910 proprias
519 1864 557 1899 et
590 1859 950 1899 characteristicas
970 1854 1211 1910 ἀρκτοῦρος,
1239 1853 1455 1911 ἀγχοῦρος,
1478 1860 1597 1910 κλαγ-

114 1921 267 1979 γοῡρος
298 1921 320 1964 ὁ
348 1921 586 1975 κρακτικός,
635 1935 754 1976 quam
795 1927 940 1963 contra
977 1924 1157 1975 regulam
1198 1925 1364 1976 saepius
1395 1921 1599 1977 ἄγχουρος

116 1992 307 2033 scribitur
322 1996 359 2031 et
378 1987 617 2043 τράχουρος,
637 1987 870 2043 κέρκουρος,
892 1987 1095 2042 τ’ἑγγουρος
1113 1990 1328 2042 placentae
1343 2001 1471 2041 genus
1494 1989 1596 2029 alias

115 2059 267 2111 γοῦρος
290 2056 452 2098 dictum.
480 2080 528 2086 -
562 2057 685 2097 Plura
711 2055 870 2097 dicendi
889 2056 1181 2097 necessitatem
1207 2056 1378 2096 afferunt
1394 2053 1596 2095 vocabula

115 2121 156 2165 in
183 2138 302 2176 υρ-,
325 2133 496 2175 quorum
517 2123 653 2176 aliqua
678 2135 701 2163 a
720 2122 894 2162 diversis
917 2122 1116 2162 orationis
1134 2122 1320 2173 partibus
1341 2124 1485 2174 tracta,
1516 2119 1596 2160 ali-

116 2202 196 2242 qua
227 2189 277 2230 ab
307 2189 452 2229 iisdem
483 2193 590 2230 sunt.
637 2188 748 2228 Illius
779 2188 942 2239 generis
977 2187 1163 2239 exempla
1192 2186 1475 2227 subministrat
1504 2185 1591 2226 EM.

113 2255 207 2297 233.
236 2251 400 2307 γλάπτω
433 2250 617 2307 (γλάφω)
649 2251 865 2306 γλαφυρός
893 2248 949 2300 ὡς
975 2249 1084 2293 λὲπω
1112 2249 1298 2306 λεπυρός,
1327 2252 1595 2303 Similiterque

202 2442 262 2484 42]
286 2440 521 2484 Perinlpedita
544 2442 622 2473 sunt
646 2437 821 2482 Λειξοῦρα
846 2437 884 2471 τὸ
913 2438 1032 2483 δῶρον
1056 2437 1096 2471 ἐκ
1124 2438 1187 2471 τοῦ
1209 2438 1317 2483 λείχω
1342 2438 1423 2474 Hes.
1459 2437 1590 2475 λείξου-

112 2509 174 2540 ρος
199 2495 217 2529 ὃ
240 2495 463 2537 πλεονέκτης,
498 2495 677 2538 λειξουρία
705 2492 721 2536 ἢ
758 2494 960 2538 λαιμαργία
986 2495 1021 2527 in
1047 2493 1131 2529 Lex.
1156 2494 1289 2530 Albert.
1325 2495 1431 2529 latine
1466 2494 1590 2529 termi-

111 2556 191 2586 nata
222 2550 413 2595 κλεισοῧρα
450 2555 484 2587 et
516 2550 696 2594 σκοῖοῦρα
728 2551 803 2585 Sive
831 2549 1067 2594 σκοτεινοῦρα
1101 2560 1155 2594 ap.
1182 2551 1235 2585 Du
1261 2549 1368 2594 Cang.
1406 2549 1591 2593 peregrina

110 2608 283 2653 missor-Qu
310 2612 343 2643 et
366 2607 568 2651 πανδοῧρα.

199 2674 259 2717 43)
299 2674 352 2709 Ι)6
384 2674 638 2717 compositione
671 2674 706 2709 et
740 2671 783 2708 de
810 2675 955 2709 accentu
995 2672 1149 2708 dicturus
1183 2682 1258 2708 sum
1287 2671 1426 2717 proprio
1449 2671 1528 2706 loco
1554 2679 1588 2703 m

112 2731 247 2765 dissert.
275 2729 317 2764 de
345 2728 578 2764 anabibasmo.
1281 2719 1284 2721 ’
