1731 3021
127 148 215 191 182
585 147 1020 189 DISSERTATIO
1060 147 1123 187 IV.

131 262 212 298 tum
251 261 396 309 putant
435 269 469 298 v.
509 258 665 298 Coraes
705 257 755 298 ad
794 257 896 298 l'lut.
938 258 980 297 T.
1018 256 1081 297 lV.
1124 255 1216 297 460.
1258 255 1396 297 Ebert.
1434 256 1610 298 Dissert.

132 323 256 366 Sicul.
287 336 325 376 p.
356 323 422 365 46.

243 393 282 437 δ.
315 388 352 430 3.
409 389 737 441 Disputationem
778 388 827 429 de
867 387 1081 439 adjectivis
1120 397 1204 427 non
1237 387 1373 439 aptius
1405 388 1612 439 auspicari

133 466 305 508 possum
336 466 458 507 quum
492 456 527 495 si
565 455 615 495 ab
646 455 866 496 Herodiani
898 458 1122 507 praecepto
1163 453 1299 493 ordiar
1329 454 1397 505 qui
1428 454 1613 505 trisylla-

133 522 279 562 borum
320 532 424 572 quae
466 526 688 562 extremam
729 525 908 573 acutam,
950 524 1157 560 extremae
1191 519 1418 570 proximam
1446 519 1613 560 brevem

134 587 367 638 nullamque
398 592 492 627 ante
523 587 644 639 alpha
662 587 846 627 vocalem
870 585 1060 638 habeant,
1091 585 1252 625 unicum
1284 596 1379 625 esse
1410 584 1506 626 dicit
1536 582 1615 626 οὐ-

137 649 284 706 ρανός,
326 664 418 693 nam
460 657 597 693 cetera
636 654 804 704 primam
844 653 995 692 habere
1034 656 1178 690 natura
1218 651 1405 691 brevem:
1448 647 1614 703 ἀγαυός,

135 715 352 771 τραγανός,
375 715 590 770 σφεδανός,
622 715 778 768 ἑδανός,
810 714 1008 770 ὀρφανός,
1038 714 1227 767 πεδανός,
1258 713 1436 768 ῥοδανός
1455 721 1495 757 et
1517 728 1616 758 cor-

137 785 216 837 ripi
256 784 359 824 adeo
400 795 505 836 quae
537 795 560 823 a
590 784 791 835 principio
834 784 958 834 longo
1000 785 1187 834 profecta
1218 784 1319 836 sint,
1357 782 1432 823 ἵκω
1463 780 1615 833 ἱκανός,

138 851 270 890 πείθω
300 847 492 897 πιθανός,
523 848 618 888 εἴδω
648 845 799 896 ἰδαυός.
839 849 950 889 Haec
979 859 1078 888 vero
1112 849 1246 888 omnia
1276 848 1479 900 adjectiva
1509 852 1617 902 sunt,

140 916 337 968 pleraque
377 927 399 955 a
436 914 573 955 verbis
613 914 756 968 ducta,
805 925 909 967 quae
949 913 1041 954 sola
1080 914 1364 966 complectitur
1400 914 1537 956 Schol.
1573 914 1617 956 Il.

140 982 240 1023 XIV.
265 981 353 1023 172.
383 981 567 1034 γίνονταί
593 995 687 1020 τινα
715 976 795 1021 ἀπὸ
825 977 1019 1034 ῥημάτων
1048 975 1227 1029 ὀξύτονοί
1256 977 1357 1032 ἅπερ
1380 976 1455 1033 τὴν
1478 980 1619 1033 τρίτην

141 1043 224 1088 ἀπὸ
253 1043 393 1094 τέλους
422 1045 497 1100 ἔχει
525 1047 717 1100 βραχεῖαν
745 1044 773 1100 ἢ
793 1043 976 1087 αὐτόθεν
1006 1041 1088 1085 ἀπὸ
1109 1047 1193 1085 τῶν
1222 1043 1419 1098 ῥημάτων
1438 1047 1619 1099 μετειλη-

142 1110 252 1167 φότα
282 1109 337 1160 ὡς
366 1109 531 1165 ἀγαυός,
563 1110 775 1166 στεγανός,
808 1111 832 1166 ἢ
862 1110 906 1153 ἐκ
934 1113 1092 1165 μακρᾶς
1119 1111 1173 1158 εἰς
1202 1112 1394 1163 βραχεῖαν
1421 1108 1619 1164 μεθιστά-

142 1193 244 1232 μενοι
273 1175 328 1227 ὡς
348 1177 491 1231 τρώγω
510 1177 727 1232 τραγανός,
758 1179 852 1219 εἴὸω
883 1175 1035 1228 ἰδανός,
1066 1175 1154 1230 ἥδω
1185 1174 1341 1227 ἑδανός,
1373 1189 1447 1230 pro
1471 1177 1636 1230 quibus'

142 1246 228 1287 EM.
268 1245 360 1298 568,
399 1244 463 1286 29.
501 1242 681 1293 πιθανός
719 1249 758 1285 et
795 1241 960 1297 λιχανός
998 1244 1039 1291 (a
1077 1244 1211 1296 λείχω)
1252 1244 1378 1285 affert.
1447 1244 1620 1285 Brevius

145 1310 346 1352 Arcadius
373 1322 476 1363 quae
498 1312 727 1352 femininam
752 1312 1001 1363 positionem
1022 1310 1212 1362 habeant,
1243 1313 1364 1349 acuto
1388 1320 1493 1350 sono
1516 1320 1622 1350 con-

146 1376 253 1417 cludi
293 1375 399 1417 dicit.
465 1374 679 1429 Τραγανός
716 1381 756 1417 et
792 1378 1035 1429 primitivum
1073 1372 1223 1427 τράγος
1261 1375 1297 1415 si
1335 1386 1424 1416 cum
1460 1377 1624 1428 τραγεῖν

147 1447 365 1493 cognatum
384 1447 460 1496 est,
481 1443 681 1494 principio
705 1442 879 1483 edulium
901 1442 1156 1494 significavit,
1178 1440 1323 1481 deinde
1344 1452 1417 1493 per
1436 1442 1623 1483 exochen

147 1508 292 1548 alicam
323 1510 409 1549 sive
440 1510 665 1562 ptisanam,
715 1510 821 1549 sicut
851 1505 1025 1561 ὁαισάνη
1055 1503 1080 1560 ἡ
1111 1504 1286 1559 πτισάνη
1313 1503 1425 1558 παρὰ
1454 1504 1500 1548 τὸ
1529 1507 1623 1549 δαί-

147 1576 303 1613 σασθαι
335 1574 416 1615 EM.
442 1579 652 1626 postremo
675 1574 972 1626 cartilaginem,
1004 1576 1120 1624 cujus
1146 1583 1294 1613 nomen
1313 1583 1504 1623 graecum
1523 1571 1624 1626 χόν-

147 1639 243 1691 δρος
266 1644 478 1691 utramque
505 1640 789 1691 complectitur
809 1640 1146 1691 significationem
1168 1650 1217 1678 ex
1231 1635 1626 1693 κοναρόςεύτραφής

149 1710 404 1746 contractum
424 1718 459 1746 v.
482 1706 654 1745 Dissert.
676 1706 738 1745 VI.
762 1710 800 1753 ἓ.
816 1707 851 1746 5.
867 1704 1078 1755 simileque
1099 1704 1224 1743 latino
1247 1703 1352 1743 alica
1370 1703 1409 1744 id
1430 1709 1494 1745 est
1512 1706 1627 1747 alibi-

148 1771 199 1812 lis
220 1772 306 1812 sive
326 1771 476 1811 alebris
497 1772 603 1812 Fest.
655 1771 905 1822 Significatio
943 1770 1132 1821 adjectivi
1157 1775 1196 1810 et
1218 1770 1465 1811 substantivi
1493 1773 1625 1814 media

151 1841 277 1878 estet
311 1837 402 1877 ideo
440 1842 635 1877 accentus
666 1837 893 1888 instabilis,
923 1834 1096 1890 χόνδρος
1121 1833 1324 1889 τραγαυός
1344 1838 1519 1889 Hesych.
1544 1851 1624 1892 quo

151 1902 332 1954 epitheto
366 1903 528 1954 species
561 1903 689 1942 alicae
718 1902 917 1942 declarari
942 1903 1100 1943 videtur
1124 1915 1158 1944 v.
1184 1903 1396 1955 Sprengel.
1416 1904 1466 1944 ad
1486 1905 1625 1947 Diosc.

151 1968 242 2009 457.
286 1967 359 2008 sed
398 1968 657 2008 substantive
695 1969 824 2019 magis
865 1964 887 2007 ὁ
918 1965 1120 2020 τραγανὸς
1149 1969 1224 2008 τοῦ
1252 1965 1355 2016 ὠτός
1396 1970 1554 2021 (tragus
1587 1976 1627 2012 et

153 2034 400 2085 antitragus)
439 2035 478 2073 in
517 2033 619 2074 Med.
659 2034 791 2086 Mosq.
823 2034 963 2076 127.Ῑδ
1000 2032 1173 2087 χόνδρος
1209 2030 1256 2073 τὸ
1294 2031 1338 2073 ἐν
1374 2037 1460 2081 τοῖς
1495 2032 1628 2087 μέλεσι

151 2096 360 2151 warardi)
401 2099 620 2140 Herodian.
659 2100 787 2151 Epim.
831 2099 919 2141 152.
959 2100 1031 2141 sed
1080 2096 1124 2140 τὸ
1161 2097 1369 2152 τράγανον
1406 2101 1476 2152 τῆς
1513 2099 1628 2152 ῥινός

152 2166 287 2206 Melet.
321 2165 370 2205 de
399 2166 490 2207 Nat.
512 2166 627 2207 Hom.
647 2166 710 2207 ΙΙΙ.
737 2166 800 2207 73.
832 2165 1052 2217 Σφεδανός
1076 2167 1137 2207 sic
1154 2170 1196 2205 ut
1218 2163 1400 2219 σφοδρός
1421 2178 1444 2206 a
1466 2165 1628 2208 σπεύδω

154 2232 365 2283 delapsum
397 2243 491 2272 esse
520 2232 736 2272 Eustathio
767 2242 805 2282 p.
835 2230 952 2284 1065,
984 2231 1017 2272 1.
1050 2231 1216 2272 credere
1255 2243 1338 2272 non
1375 2244 1628 2288 recusamuS,

153 2309 287 2350 neque
335 2298 575 2338 hallucinari
617 2297 805 2338 videntur
843 2299 910 2348 qui
950 2308 1000 2337 ex
1038 2294 1125 2337 ἅδω
1165 2299 1337 2351 primum
1375 2295 1486 2351 ἥδω,
1535 2299 1630 2340 hinc

155 2360 300 2411 ἑδανός
330 2364 519 2404 extitisse
549 2366 692 2417 putant
720 2362 906 2403 Eustath.
938 2374 975 2414 p.
1010 2362 1099 2417 128,
1129 2364 1165 2405 4.
1198 2376 1235 2416 p.
1264 2354 1356 2417 974,
1381 2364 1496 2406 531⁹
1528 2360 1630 2418 Ὀρ-

156 2426 291 2482 φανός
317 2429 423 2470 unde
454 2429 678 2470 derivatum
718 2428 772 2469 sit
802 2431 974 2481 apparet
1003 2439 1051 2469 ex
1084 2430 1224 2482 orbus,
1255 2426 1454 2484 ὤρφωσεν
1483 2425 1630 2485 ὠρφά-

251 2593 307 2635 18)
340 2593 574 2629 schneiderus
599 2604 719 2630 omnes
744 2598 908 2630 accentus
932 2595 1111 2639 pervertit.

254 2648 309 2689 19]
342 2648 476 2684 Eodem
500 2650 721 2685 Buttmannus
748 2651 935 2686 revolvitur
957 2650 1066 2685 Lexil.
1093 2651 1119 2685 1.
1150 2651 1201 2687 14.
1239 2652 1419 2693 postquam
1450 2648 1631 2684 Gramma-

165 2709 250 2741 ticos
276 2704 449 2746 sugillavit.
474 2709 635 2749 tanquam
659 2716 764 2742 verae
789 2707 930 2741 rationis
956 2707 1103 2749 ignaros.
