1731 3021
117 133 203 177 312
564 133 997 178 DISSERTATIO
1047 134 1129 177 Vll.

114 243 274 295 quisset
304 245 450 299 minus,
480 256 572 286 nam
602 246 701 287 illud
730 256 813 286 non
843 245 1014 296 legitur3
1042 255 1120 285 nee
1151 243 1306 285 admitti
1325 246 1465 296 potest
1483 244 1593 297 quod

118 310 359 360 Spitznerus
391 313 586 365 proponit
617 311 666 352 ad
696 312 739 352 Il.
768 311 851 351 XV.
881 310 972 351 709.
1001 305 1110 363 ἀϊκή.
1167 311 1204 351 Α
1233 310 1431 351 similibus
1455 310 1594 351 verbis

118 386 222 426 quae
251 375 455 417 declinata
487 382 581 418 sunt
612 378 788 430 nomina,
815 387 974 428 gamma
997 375 1149 416 habent
1174 377 1216 415 in
1237 376 1394 416 ultima:
1424 373 1594 430 λαλαγή,

119 436 314 494 ἄλαλαγή,
347 440 519 496 κραυγή,
550 441 682 496 κριγή,
714 439 822 495 impij,
853 439 1010 494 οἰμωγή
1041 445 1118 481 etc.
1150 445 1314 493 praeter
1346 454 1469 483 unum
1498 440 1595 493 ἰάζω

120 530 173 534 -—
220 505 334 560 ἰακή,
386 511 503 560 eujus
551 509 651 549 fides
700 519 827 560 penes
872 507 1181 548 Grammaticos.
1236 509 1456 559 Barytonis
1504 508 1597 549 addi

121 576 285 624 poterat
324 572 478 627 ἱππάκη
518 575 650 626 equile
691 578 730 614 et
770 584 917 613 caseus
962 584 1009 613 ex
1039 573 1145 614 lacte
1185 575 1332 626 equino
1365 575 1415 614 cf.
1451 573 1597 614 Corais

123 638 174 678 ad
211 639 404 691 Hippocr.
447 653 484 692 p.
513 640 604 681 283.
636 651 697 692 sq.
739 636 912 691 ἐριθάκη
951 639 1092 691 planta
1130 639 1375 691 (cerinthus)
1415 651 1521 692 quae
1559 642 1600 681 et

126 704 354 745 sandaraca
385 705 551 758 dicitur,
581 705 688 746 unde
720 705 948 757 colligimus
978 706 1158 757 plantam
1188 706 1295 746 sicut
1325 717 1440 746 avem
1472 718 1496 747 a
1524 717 1601 748 co-

123 769 211 810 lore
239 770 538 811 denominatam
560 783 668 823 esse,
697 768 863 824 θνλάκη
894 776 1088 824 scrotum,
1128 769 1287 825 φενάκη
1323 771 1432 824 quod
1461 773 1602 824 specie

127 846 217 881 cum
247 833 389 888 φέναξ,
420 837 718 888 significatione
750 848 839 877 cum
862 837 1013 889 πηνίκη
1038 839 1250 889 congruit3
1282 842 1363 878 tum
1385 838 1603 890 peregrina

126 896 348 955 ἀβυρτάκη,
374 899 562 955 βατιάκη,
582 899 770 955 πιστάκη,
791 900 1004 955 ραδινοὲκη,
1028 900 1226 956 ῥυνδάκη,
1243 900 1602 957 σακυνδάκη,ψιτ-

125 965 229 1020 τάκη
261 969 348 1008 sive
379 965 544 1022 σιττάκη
575 969 685 1021 quod
715 970 755 1008 in
774 969 890 1010 codd.
910 970 1035 1010 Arist.
1057 969 1103 1009 H.
1126 968 1230 1009 Anu.
1250 969 1350 1010 VIII.
1373 969 1434 1010 12.
1455 969 1601 1022 p.597.

126 1031 166 1072 b.
198 1032 262 1073 27.
294 1037 507 1084 oxytonon
538 1040 602 1075 est
631 1039 674 1075 ut
704 1036 817 1076 urhis
847 1046 996 1076 nomen
1033 1031 1218 1086 Ψιττακή
1255 1032 1371 1081 πόλις
1406 1030 1519 1087 παρὰ
1546 1040 1604 1090 τῷ

135 1098 292 1151 Τίγριδι
320 1097 365 1139 ἐν
393 1093 420 1153 ᾗ
450 1097 496 1141 τὸ
525 1099 661 1154 φυτὸν
689 1102 773 1141 τῶν
802 1100 1029 1149 ψιττακίων
1057 1100 1150 1141 Ath.
1180 1100 1279 1141 XIV.
1311 1099 1402 1141 649.
1434 1100 1475 1141 C.
1506 1111 1606 1152 gra-

129 1165 304 1206 vandum
344 1167 433 1207 sine
477 1167 599 1208 dubio
643 1167 830 1220 exemplo
872 1167 1043 1207 aliorum
1088 1166 1270 1217 ejusdem
1314 1166 1478 1217 generis
1512 1162 1608 1218 Ἀρ-

130 1227 258 1283 βάκη,
295 1227 489 1286 Ἀρτάκνη,
532 1231 714 1287 Βαιάκη,
756 1229 947 1285 Boeotiam,
980 1229 1222 1285 Βαβυτάκη,
1251 1229 1475 1285 Μαινάκη,
1503 1227 1607 1284 Ὀμ-

132 1293 283 1349 (polum,
316 1295 515 1351 Σαλβάκη
544 1312 581 1339 v.
612 1300 792 1340 Boeekh.
827 1298 876 1338 ad
907 1298 1030 1338 lnscr.
1063 1297 1239 1338 1127131.
1270 1310 1308 1349 p.
1341 1297 1433 1338 510.
1466 1300 1609 1350 Σαμν-

133 1360 260 1415 ὄάκη,
304 1361 464 1417 Σιτάκη
503 1377 535 1405 V.
574 1365 717 1405 Miller.
759 1364 809 1404 ad
847 1364 1038 1404 Marcian.
1078 1363 1169 1404 258.
1216 1360 1458 1416 Ταμυράκη,
1500 1367 1610 1405 Χαν-

134 1426 285 1482 δοὲκη,7
334 1442 438 1482 quae
485 1431 621 1470 omnia
660 1436 754 1471 sunt
792 1430 957 1470 nomina
994 1429 1151 1469 urbium
1191 1433 1230 1469 et
1268 1429 1454 1470 locorum
1494 1435 1610 1473 extra

137 1494 347 1535 Graeciam
378 1501 557 1536 veterem
589 1501 628 1536 et
658 1497 865 1548 propriam
896 1497 1067 1536 sitorum
1098 1495 1389 1546 mulierumque
1422 1494 1610 1550 Κανάκη,

141 1558 341 1613 Φαρνάκη
371 1561 562 1614 Apollod.
592 1562 656 1602 III.
688 1562 750 1613 14,
781 1561 818 1601 3.
852 1565 928 1601 etc.
967 1560 1160 1601 Neutrius
1198 1561 1362 1611 generis
1393 1561 1470 1602 duo
1503 1569 1611 1618 sunt,

136 1624 358 1679 φάρμακον
389 1632 427 1667 et
458 1624 662 1678 κώμακον,
694 1625 791 1666 illud
823 1637 845 1665 a
875 1625 1100 1665 domestico
1131 1626 1272 1678 verbo,
1316 1626 1396 1667 hoc
1426 1631 1613 1681 peregri-

136 1703 229 1732 num
260 1696 301 1731 ut
333 1692 527 1743 pleraque
559 1696 785 1731 aromatum
816 1692 991 1731 nomina.
1048 1691 1137 1731 Hoc
1175 1691 1280 1731 idem
1319 1695 1523 1735 transfero
1561 1696 1612 1737 ad

135 1758 363 1799 masculina
392 1759 545 1809 primae
585 1762 624 1797 et
656 1759 799 1798 tertiae
828 1757 1115 1798 declinationis
1153 1768 1237 1796 non
1274 1758 1406 1798 solum
1445 1762 1614 1812 propria

137 1829 181 1864 ut
209 1820 367 1875 Αἰάκης
397 1824 557 1863 Samius
577 1822 726 1863 Herod.
747 1823 812 1864 III.
832 1822 895 1864 39.
931 1823 1090 1873 (omiss.
1115 1823 1156 1862 in
1177 1822 1265 1874 Th.)
1291 1823 1478 1865 Bubaces
1501 1826 1611 1868 Curt.

137 1890 182 1928 V.
216 1889 279 1930 30.
312 1885 524 1940 Βαττάκης
554 1893 592 1928 et
623 1886 853 1935 Μιίττάκιις
880 1889 967 1928 sive
995 1889 1223 1935 Ματτακᾶς
1253 1889 1362 1930 Ctes.
1392 1901 1424 1932 Ο.
1446 1891 1489 1933 V.
1512 1904 1614 1945 Spa-

140 1954 289 1994 donum
334 1955 521 2007 nomina,
567 1950 780 2006 Ῥοιτάκης
817 1954 924 1994 fluvii
967 1954 1100 1995 Strab.
1139 1953 1202 1994 XI.
1241 1954 1332 1995 500.
1381 1960 1420 1995 et
1460 1957 1540 1998 alia
1577 1970 1612 1997 v.

138 2019 317 2060 Boeckh.
360 2020 485 2060 Inscr.
516 2020 604 2060 Vol.
635 2020 680 2060 II.
714 2020 803 2060 113.
843 2015 1058 2071 Ἀκινάκης
1088 2019 1152 2059 vel
1182 2016 1380 2071 κινάκηςὸ
1416 2022 1502 2062 EM.
1532 2034 1614 2063 no-

140 2096 231 2125 men
256 2084 385 2135 jaculi
414 2085 569 2124 Persici
600 2096 694 2125 esse
727 2085 868 2138 tradit,
900 2096 975 2125 nec
1005 2089 1137 2124 tamen
1169 2085 1246 2125 sihi
1278 2089 1476 2137 temperat
1507 2099 1616 2138 quo-

140 2151 273 2190 minus
313 2161 335 2189 a
375 2160 525 2200 graeco
567 2146 646 2203 ἀκή
692 2155 822 2190 ortum
862 2150 988 2201 dicat.;
1032 2146 1213 2202 δανάκης
1252 2146 1407 2203 (110ηὴ
1438 2149 1614 2212 δανάκη)

141 2215 273 2255 inedia
302 2215 426 2266 longa
455 2216 663 2256 Persicum
694 2220 865 2256 vocatur
896 2216 968 2256 sed
999 2227 1022 2255 a
1054 2215 1220 2255 Graecis
1250 2227 1327 2255 usu
1358 2222 1520 2269 captum
1552 2223 1616 2260 est

142 2292 178 2321 v.
208 2280 334 2320 Naek.
376 2282 415 2320 in
453 2282 556 2322 Mus.
598 2282 722 2322 Rhen.
758 2282 799 2322 T.
820 2282 863 2322 V.
880 2282 975 2323 70⁰
1013 2279 1192 2321 Indidem
1223 2292 1244 2320 a
1274 2281 1414 2322 Persis
1441 2283 1507 2324 vel
1530 2283 1615 2324 Ba-

232 2418 270 2459 7)
292 2414 473 2455 (Αλωνιὲκη
500 2411 689 2456 ἀνάλωμα,
708 2409 848 2451 Ἰστιέκη
875 2410 1057 2455 δρέπανον
1077 2412 1159 2448 HeS.
1181 2416 1215 2448 et
1239 2413 1307 2448 alia
1332 2423 1446 2458 aeque
1471 2413 1619 2450 ObScura

143 2472 372 2516 praetermisi.

232 2528 270 2569 8)
296 2525 463 2560 Mendose
497 2525 660 2567 scriptum
700 2525 753 2558 est
785 2520 912 2562 κινάκη
946 2522 979 2555 h.
1008 2523 1029 2556 l.
1059 2522 1184 2558 dubiae
1219 2523 1300 2559 fidei
1327 2523 1488 2561 Κάνακις
1514 2525 1619 2567 ξίφος

144 2582 227 2616 Hes.
263 2582 326 2615 Pro
347 2581 517 2624 Ἀρτακέα
542 2579 702 2622 Apollon.
724 2579 750 2612 1.
775 2579 870 2613 1047.
906 2577 1123 2612 Herodianus
1143 2583 1443 2622 proparexytonon
1468 2580 1617 2623 optavit;

145 2637 303 2670 similiter
331 2636 478 2669 variatur
506 2632 724 2678 Φιιριιιικεύς
748 2637 782 2668 et
808 2632 1007 2677 Φαρνάκης
1031 2643 1062 2667 v.
1089 2634 1233 2676 Interpr.
1260 2634 1302 2668 ad
1327 2634 1434 2668 Tliuc.
1461 2634 1499 2668 V.
1525 2634 1558 2669 4.

231 2693 269 2736 9)
297 2690 440 2724 Naulum
467 2689 674 2724 Charonium
707 2689 753 2723 ita
784 2691 942 2722 vocatum
975 2697 1055 2724 esse
1082 2698 1123 2725 ex
1150 2688 1352 2725 Callimachi
1377 2688 1431 2723 Fr.
1458 2687 1525 2723 CX.
1551 2697 1618 2723 non
