1731 3021
102 156 188 203 138
580 153 1011 198 DISSERTATIO
1058 156 1105 199 ΙΙ.

104 264 391 320 particulatim.
460 263 636 307 Primum
678 264 967 318 τηθαλλαδοῦς
1011 267 1132 307 etiam
1167 267 1423 320 τηθελαδοῦς
1459 268 1586 309 soribi

106 331 269 374 ostendi
298 330 348 373 ad
376 331 524 383 Phryn.
556 330 648 372 299.
691 331 845 382 Cybale
875 332 1056 373 mulieris
1089 336 1150 373 est
1181 344 1331 374 nomen
1361 338 1401 374 et.
1431 334 1584 384 Cybele

104 412 141 440 v.
175 398 431 440 Wernsdors.
465 397 516 439 ad
548 397 716 449 Septim.
750 397 851 438 Mor.
883 409 919 437 v.
952 396 1017 440 31.
1051 399 1093 438 Τ.
1126 398 1171 439 ΙΙ.
1217 399 1405 451 interque
1434 413 1586 453 νωφα-

102 462 176 519 λής
215 466 239 506 i.
273 477 306 508 θ.
343 460 530 516 νωθρός,
582 467 622 503 et
659 462 867 515 νωχαλίζει
901 460 1097 515 βραδύνει
1130 463 1226 505 Hes.
1257 468 1380 516 atque
1409 462 1587 518 νωχελής

103 532 255 574 nullum
295 534 359 572 est
397 530 614 571 discrimen
655 529 734 569 nisi
769 529 1011 581 scripturae.
1077 529 1185 570 Idem
1226 531 1347 571 etiam
1383 532 1587 583 signifieat

103 595 275 652 βακέλας
314 601 353 639 et
382 593 571 649 βάκηλος,
603 590 828 647 στραβαλός
859 598 898 634 et
931 591 1189 648 otpossetdgst
1220 595 1294 636 Sed
1324 597 1586 638 substantiva

105 662 331 718 στράβαλος
369 667 409 704 et
447 659 659 714 στρόβιλος
689 672 769 701 una
800 670 890 700 oum
921 672 1027 702 sono
1059 662 1181 703 etiam
1210 662 1462 705 intellectum
1492 676 1585 705 mu-

105 737 212 786 tant,
252 735 295 771 ut
324 725 465 783 ὀβελός
495 731 534 768 et
564 723 733 780 ὀβολός,
763 724 991 779 τροχαλός5
1019 732 1059 768 et
1088 728 1280 780 τροχίλος.
1338 730 1442 771 Hinc
1473 730 1585 771 deri-

103 805 240 841 vatum
269 795 451 848 τροχιλία
480 795 541 834 sio
569 793 865 845 pronunciatur
894 798 938 832 ut
974 793 1190 845 Τρομίλιος
1226 790 1351 846 τυρός
1389 795 1585 836 Sinionid.

101 864 230 907 Jamh.
252 861 389 903 XXVI.
408 860 489 901 hoo
509 862 573 900 est
602 858 688 898 iota
715 856 840 909 longo
867 858 1044 910 ideoque
1068 859 1236 911 saepius
1264 861 1456 914 τροχηλία
1476 862 1586 903 sori-

102 931 228 983 bitur‚
269 933 309 969 et
348 937 447 968 vero
489 925 610 966 etiam
648 924 860 976 τροχαλία,
908 936 1012 976 quae
1042 925 1276 967 Boeokhius
1316 926 1367 968 ad
1396 926 1583 979 Inscript.

101 996 245 1039 Nar-(il.
285 1005 322 1046 p.
357 991 446 1035 144.
476 991 630 1044 pariter
660 989 822 1043 probat,
860 990 1087 1031 Meinekius
1119 996 1253 1033 autem
1283 992 1438 1044 Fragm.
1471 993 1583 1034 Com.

100 1063 147 1105 Il.
178 1062 269 1103 724.
297 1060 385 1101 iota
414 1057 595 1110 praefert
625 1056 904 1096 confirmatum
934 1056 1139 1108 lapidibus
1173 1062 1212 1099 et
1240 1058 1355 1100 libris
1386 1070 1422 1099 v.
1456 1058 1584 1099 Hern-

103 1128 227 1171 sterh.
253 1125 303 1167 ad
324 1124 425 1166 Poll.
445 1124 490 1164 X.
511 1122 575 1164 31.
604 1133 775 1174 quorum
805 1133 986 1162 summus
1011 1133 1244 1164 consensus
1264 1124 1437 1165 Aristot.
1453 1123 1583 1166 Meoh.

101 1194 202 1237 VIII.
230 1192 322 1235 851.
352 1191 389 1231 b.
423 1189 485 1232 19.
515 1188 589 1231 sed
619 1187 757 1241 paullo
789 1192 886 1239 post
916 1187 980 1229 IX.
1010 1188 1102 1230 852.
1134 1200 1158 1229 a
1189 1188 1251 1231 15.
1280 1186 1503 1242 τροχιλέαι,
1542 1190 1586 1231 in

101 1261 241 1302 Urbin.
272 1257 451 1311 τροχιλαί
479 1258 566 1297 iota
591 1255 745 1295 omisso
776 1258 819 1294 ut
841 1250 1089 1307 τροχιλώδης
1110 1254 1270 1296 Oribas.
1287 1255 1408 1296 Anat.
1431 1266 1468 1306 p.
1493 1254 1583 1297 158.

104 1326 275 1367 Vandali
312 1335 395 1365 non
433 1322 567 1363 solum
612 1318 822 1372 Βανδῆλοι
857 1325 1058 1361 vocantur
1095 1320 1267 1372 Dexipp.
1300 1320 1439 1372 Scyth.
1470 1331 1505 1360 o.
1536 1321 1583 1362 II.

103 1405 140 1446 p.
174 1392 235 1435 12.
265 1390 313 1432 A.
351 1390 428 1430 Dio
459 1388 577 1430 Cass.
606 1386 758 1428 LXXII.
789 1386 825 1427 2.
857 1385 931 1427 sed
963 1388 1083 1427 etiam
1114 1386 1309 1427 Βανδίλοι
1339 1386 1489 1428 Zosim.
1521 1387 1583 1429 VI.

101 1460 139 1503 2.
170 1469 250 1511 quo
281 1456 512 1508 Procopius
542 1453 708 1495 assidue
734 1463 836 1493 usus
868 1456 932 1493 est
962 1453 1003 1494 in
1022 1453 1131 1494 bello
1154 1452 1281 1495 Vand.
1324 1453 1468 1505 Neque
1488 1464 1583 1495 raro

103 1526 243 1578 quinta
274 1535 319 1564 se
348 1523 574 1574 interponit
602 1518 773 1561 vocalis.
825 1517 1001 1558 Primum
1032 1518 1177 1560 tubera
1198 1519 1409 1571 κανθῆλαι
1437 1518 1586 1560 dicun-

103 1597 168 1633 tur
199 1595 238 1631 et
267 1585 518 1641 κανθύλαι,ῡ
557 1597 662 1639 quae
700 1584 867 1626 nomina
895 1585 1091 1636 Hesyohii
1120 1586 1369 1637 interpretes
1401 1584 1452 1625 ad
1481 1581 1584 1626 κόν-

102 1658 174 1704 δος
216 1656 322 1696 tulus
361 1658 401 1695 et
439 1653 664 1694 derivatum
700 1647 905 1697 κόνδυλος
943 1652 1145 1702 referunt,
1181 1647 1375 1697 κωθύλος
1405 1648 1503 1698 ὄνος
1532 1651 1584 1693 ad

101 1719 338 1775 κανθήλιος.
388 1715 565 1772 Βεικηλά
594 1717 748 1770 νωχελῆ
788 1711 928 1768 ἀχρεῖα
963 1716 1059 1756 Hes.
1098 1719 1166 1755 aut
1206 1727 1280 1767 pro
1311 1715 1445 1756 εἰκαῖα
1473 1717 1584 1758 valet

102 1794 171 1831 aut
201 1801 225 1829 a
257 1783 375 1841 βεκός
414 1781 592 1837 ἀνόητος
621 1783 845 1824 derivatum
877 1786 961 1837 est,
1009 1779 1115 1822 unde
1146 1777 1316 1834 βέκηλος
1345 1785 1385 1822 et
1414 1779 1585 1835 βέκυλος

101 1857 189 1898 sive
229 1849 424 1907 βαικύλος
463 1863 499 1893 v.
528 1849 749 1891 Bernhard.
790 1849 841 1890 ad
884 1848 994 1890 Suid.
1065 1847 1109 1889 In
1149 1848 1339 1899 catalogo
1370 1848 1584 1900 Pythago-

101 1933 265 1963 reorum
292 1918 503 1960 Jamblioh.
525 1917 569 1958 V.
600 1916 642 1959 P.
662 1915 729 1970 36,
749 1915 844 1958 216.
874 1914 1004 1967 (528.)
1035 1915 1301 1967 proferuntur
1320 1911 1492 1962 Ὄκελος
1514 1912 1583 1955 καὶ

190 2110 228 2151 4)
258 2106 453 2151 Hesychius
482 2102 695 2148 Ἀστροβλον
718 2101 780 2135 τὸν
804 2100 1026 2146 ταχυλόγον·
1061 2100 1148 2133 ἔνιοι
1174 2097 1238 2132 τὸν
1261 2102 1584 2145 συνεστραμμένον

103 2165 120 2208 ἢ
149 2164 407 2207 δεδοιήλιιένον.
457 2160 577 2195 Series
611 2159 726 2203 poscit
755 2156 993 2202 ἀστρόβελον,
1029 2157 1128 2197 cujus
1163 2154 1290 2199 duplex
1324 2157 1581 2200 interpretati05

101 2220 302 2264 expeditum
330 2215 504 2260 significat
527 2217 555 2249 si
586 2214 687 2258 alpha
711 2214 914 2257 privativum
941 2216 1003 2256 est,
1029 2212 1231 2256 perplexum
1261 2212 1289 2244 si
1315 2212 1580 2254 pleonastieum.

101 2279 188 2313 Illuc
209 2277 360 2320 pertinet
385 2271 585 2306 adverbium
612 2268 839 2315 ἀστροβόλως
864 2266 1051 2314 ἐιντρεχιῦς,
1079 2268 1147 2301 huc
1172 2265 1366 2311 στροβελόν
1391 2266 1547 2299 σκολιόν.

192 2331 228 2374 5)
264 2328 482 2371 Moschopul.
511 2327 552 2360 'dd
579 2327 661 2361 Hes.
688 2324 776 2368 Opp.
802 2324 878 2359 514.
909 2322 1086 2368 Τροχαλός
1120 2321 1136 2355 ὁ
1162 2318 1266 2363 δίκήν
1287 2323 1422 2369 τροχοῦ
1443 2328 1580 2366 ‘away-

101 2390 229 2431 μένος·
264 2385 436 2430 τροχαλοὶ
471 2381 678 2426 [τρόχαλοι]
711 2380 811 2415 ἰδίως
843 2379 876 2411 οἱ
909 2377 1088 2422 κόχλακες
1120 2379 1231 2423 ἤγουν
1264 2380 1297 2411 οἱ
1322 2378 1495 2423 ποτάμιοι
1520 2380 1583 2412 καὶ

103 2442 292 2475 θαλάττιοι
317 2441 425 2473 λίθοι.
457 2438 528 2473 Sed
554 2436 628 2471 EM.
656 2434 857 2479 τρόχμιιλοι
883 2434 916 2465 οἱ
941 2432 1130 2477 κάχληκες.
1169 2433 1310 2468 Photills
1329 2434 1583 2479 Τροχίμαλλον

102 2497 218 2542 σιιιρός
241 2497 374 2533 λίθων,
409 2504 510 2539 quain
543 2494 748 2536 scripturam
783 2490 931 2524 retinent
956 2489 1154 2523 Dindorfius
1180 2490 1214 2522 in
1239 2488 1373 2532 Fragin.
1402 2489 1579 2533 Aristoph.

100 2565 133 2588 ιι.
168 2554 243 2588 694.
279 2555 313 2587 et
346 2551 518 2594 Bergkius
550 2559 582 2584 n.
619 2548 697 2585 270.
731 2555 847 2582 veram
881 2543 1089 2591 τρόχμαλος
1128 2544 1306 2579 substituit
1334 2544 1511 2580 Albertius
1537 2544 1580 2579 ad

99 2610 182 2645 llos.
212 2617 240 2641 s.
269 2607 303 2641 h.
332 2617 364 2640 v.

189 2663 226 2706 6)
259 2661 427 2703 Kone-17³2
459 2660 551 2697 demi
587 2658 683 2695 attici
716 2666 843 2694 nornen
870 2656 945 2691 sine
971 2654 1075 2690 dubio
1105 2658 1251 2693 accentu
1280 2655 1502 2692 scribendum
1527 2657 1581 2690 est

100 2728 167 2764 quo
189 2716 339 2761 Ἀγκυλή
353 2742 361 2755 ,
383 2714 552 2760 amum,
572 2712 717 2759 ’.4)ἐλὴ,
744 2709 924 2754 Πεντελή,
950 2709 1160 2756 Σφενὸαλή.
