1699 3021
227 161 294 202 DF.
326 159 614 203 NOMINIBUS
645 158 699 200 IN
727 161 753 199 τ’)
779 156 1122 201 EXEUNTIBUS.
1166 160 1207 201 C.
1231 160 1293 202 lv.
1315 164 1353 209 ς.
1375 159 1412 202 3.
1464 158 1558 202 207

87 267 441 324 προπαροξύνεται
472 264 664 323 Syderos,
696 269 866 318 λίθινος,
897 264 925 321 ἢ
953 263 1137 317 ὀξύνεται
1166 266 1338 323 ἐαρινὸς,
1367 266 1551 316 πύκινος.

86 333 167 377 Διὸ
196 333 431 377 ἐπιστατέον
457 339 515 392 τῷ
543 336 746 389 καρκίνος,
779 337 895 386 cujus
923 335 1097 386 vestigia
1121 335 1553 386 legitChoeroboscus

85 402 130 443 ll.
153 414 190 454 p.
224 402 312 444 188.
348 402 434 443 197.
463 403 554 444 228.
586 402 677 443 236.
707 398 758 441 τὰ
788 399 842 447 εἰς
862 414 947 446 ινος
964 397 1044 451 πρὸ
1061 401 1154 451 μιᾶς
1178 396 1250 439 τὸν
1268 396 1394 439 τόνον
1409 396 1553 451 ἔχοντα

83 469 440 519 προπερισπῶνται
466 491 521 496 -
549 465 670 520 χωρὶς
698 466 774 507 τοῦ
804 466 1006 517 καρκίνος.
1064 466 1123 506 Ex
1156 476 1204 506 eo
1238 466 1449 505 conficitur
1469 466 1551 505 Ar-

84 533 241 573 cadium
270 534 374 573 huuc
407 535 489 574 sere
519 534 560 573 in
590 533 751 574 modum
781 533 1023 584 scripsisse:
1063 531 1324 583 σεσημείωται
1364 526 1410 570 τὸ
1446 544 1551 582 καρ-

81 598 206 646 κίνος·
236 595 359 651 ἐχρῆν
395 596 474 652 γὰρ
513 600 880 651 προπερισπᾶσθαι.
942 594 1025 637 Καὶ
1066 592 1112 636 τὸ
1149 600 1316 648 γυρῐνος
1354 609 1551 648 προπερι-

82 663 296 705 σπᾶται.13
359 665 402 705 In
441 666 612 716 piscium
651 664 882 705 nominibus
921 662 1074 703 librarii
1115 661 1295 713 regulam
1334 665 1551 702 servarunt

83 742 165 771 non
196 741 369 784 semper,
399 730 472 770 scd
503 730 758 782 plerumque:
789 725 986 781 ἆθερῖνοι,
1017 725 1198 779 ἐλεγῖνοι,
1229 729 1416 779 σαργῖνοί
1444 738 1549 767 con-

77 799 222 848 juncta
263 800 357 836 suut
396 797 436 835 iu
466 797 636 837 Aristot.
666 797 711 837 H.
739 797 843 836 Anu.
874 795 937 835 IX.
965 794 1002 835 2.
1030 794 1120 835 sine
1158 793 1240 833 ulla
1271 797 1331 833 tot
1362 791 1549 833 codicum

82 860 308 913 discordia,
348 865 386 900 et
426 862 464 900 in
501 861 645 902 iisdem
690 861 993 902 commentariis
1022 861 1241 911 κορακῖνος
1269 862 1309 899 et
1337 860 1546 911 κυπρῖνος.

81 925 164 966 Sed
194 926 233 964 in
262 925 303 965 L.
334 925 432 965 VIII.
465 925 525 967 10.
557 938 593 977 p.
621 926 713 979 602,
747 926 780 967 1.
813 926 1025 966 Bekkerus
1053 921 1226 977 μύρινος
1266 925 1432 965 retinuit
1468 925 1547 965 etsi

80 995 144 1031 sat
174 989 270 1030 boni
299 989 390 1029 libri
418 992 590 1041 μυρῑνος
610 990 829 1041 praebent3
859 987 1078 1042 ἔρύθρινος
1098 989 1212 1029 codd.
1233 990 1325 1031 Ath.
1352 990 1432 1031 VII.
1453 990 1545 1033 300.

78 1055 117 1096 F.
148 1054 251 1096 Med.
284 1055 415 1106 Mosq.
446 1066 482 1107 p.
517 1054 577 1096 10.
610 1060 649 1095 et
678 1059 848 1095 accentu
867 1055 907 1094 iu
939 1055 1117 1095 ultimam
1139 1059 1297 1094 remoto
1326 1052 1545 1107 ἒρυθρινός

78 1121 202 1161 Arist.
240 1119 264 1161 l.
303 1130 336 1160 c.
367 1119 428 1161 IV.
462 1119 521 1160 11.
553 1131 590 1172 p.
623 1120 725 1173 538,
755 1120 818 1161 20.
850 1120 947 1160 VIII.
981 1119 1042 1160 13.
1072 1131 1110 1171 p.
1140 1118 1242 1172 598,
1275 1119 1336 1160 13.
1378 1119 1548 1172 μύξιυος

81 1190 121 1226 et
149 1180 317 1238 μυξινός
345 1185 437 1226 Atll.
469 1186 549 1226 Vll.
579 1184 671 1227 306.
701 1186 746 1226 Ε.
779 1186 877 1225 VIII.
910 1184 1002 1226 350.
1030 1184 1073 1225 B.
1111 1181 1311 1237 κύπρινος
1340 1186 1420 1227 VII.
1453 1187 1544 1229 309.

78 1253 124 1292 A.
155 1248 374 1302 κοράκινος
403 1250 505 1291 Med.
534 1251 665 1303 Mosq.
697 1262 733 1303 p.
765 1249 800 1291 9.
831 1247 1000 1303 φόξινος
1036 1250 1152 1291 Phot.
1182 1250 1267 1291 EM.
1298 1254 1338 1291 ct
1380 1252 1421 1292 in
1449 1253 1547 1293 Ari-

79 1316 242 1357 stotelis
273 1315 388 1369 loco,
419 1327 537 1368 quern
580 1316 619 1356 hi
658 1320 860 1369 spectant,
891 1317 933 1357 L.
964 1316 1027 1355 VI.
1064 1315 1125 1356 13.
1159 1319 1198 1356 et
1230 1315 1291 1357 14.
1321 1317 1363 1357 in
1391 1318 1548 1371 aliquot

79 1381 195 1423 codd.
225 1380 389 1434 φοξινοί
427 1383 636 1433 scriptum.
693 1381 737 1422 Iu
765 1381 912 1423 Athen.
945 1381 1022 1421 VII.
1055 1380 1146 1422 322.
1177 1381 1222 1422 Ε.
1251 1377 1325 1422 τὸν
1353 1380 1548 1425 σκεπινόν

78 1447 257 1500 Δωρίων
285 1445 388 1500 φησὶ
415 1449 630 1487 καλεῖσθαι
661 1442 878 1500 ἀτταγινόν
907 1447 996 1488 cod.
1029 1447 1121 1489 Cas.
1155 1448 1325 1499 primum
1355 1449 1547 1491 σκεπίνον

79 1517 160 1554 tum
199 1509 435 1564 ἀτταγῖνον,
478 1512 550 1553 sed
587 1513 670 1554 Pal.
711 1517 750 1554 et
776 1513 866 1556 Ald.
905 1508 1140 1566 ἀτταγεινόν
1176 1516 1219 1553 ut
1254 1511 1438 1566 μάζεινος
1466 1515 1546 1557 VII.

78 1578 170 1619 315.
200 1578 239 1619 F.
271 1590 344 1630 pro
376 1590 456 1631 quo
490 1578 605 1619 codd.
637 1578 729 1620 Cas,
763 1577 930 1630 μυξῖνος
961 1583 1000 1618 et
1042 1577 1210 1631 μύξινος
1249 1583 1288 1620 et
1318 1580 1416 1621 VIII.
1453 1580 1545 1622 332.

78 1643 120 1683 B.
158 1642 379 1695 μαξείνοῖς,
426 1644 467 1683 in
504 1644 775 1695 Theophrasti
825 1648 957 1684 autem
993 1645 1148 1696 Fragm.
1189 1644 1238 1685 de
1275 1644 1381 1685 Piso.
1422 1645 1467 1685 II.
1507 1645 1544 1687 2.

78 1707 184 1748 unde
227 1708 328 1747 haec
367 1713 499 1748 sumta
530 1713 645 1761 sunt,
689 1708 882 1759 μαζίναις.
941 1705 1122 1760 Λάρινος
1148 1708 1351 1760 adjectivo
1381 1707 1546 1763 λαρινός

79 1773 327 1813 contrarium
367 1778 578 1813 accentum
617 1773 739 1813 habet
779 1777 848 1814 aut
885 1784 984 1813 casu
1026 1777 1094 1813 aut
1140 1773 1192 1813 ob
1241 1774 1543 1817 antidiastolen.

78 1838 293 1879 Postremo
336 1838 375 1878 in
407 1838 591 1879 Numenii
621 1849 743 1879 versu
775 1849 811 1890 p.
842 1838 932 1879 304.
963 1838 1007 1878 E.
1040 1842 1079 1878 ct
1108 1838 1200 1879 321.
1229 1838 1269 1879 F.
1300 1839 1363 1880 his
1405 1841 1542 1882 verbis

78 1903 189 1944 finito
220 1900 290 1942 καὶ
317 1899 506 1956 ἐννυχίην
535 1904 718 1953 πίτυνον,
750 1904 876 1956 piscis
907 1904 1035 1955 ignoti
1064 1915 1213 1945 nomen
1240 1904 1429 1956 πίτυνος,
1472 1907 1543 1947 πί-

75 1981 186 2015 nvos·
222 1972 262 2008 et
302 1965 472 2016 πύτιυος
515 1970 726 2022 scribitur,
767 1969 1180 2020 Schweighaueserus
1217 1981 1315 2011 vero
1355 1967 1545 2025 ἐννυχίην

76 2030 266 2073 πιτύινον
296 2035 475 2088 corrigit,
505 2034 603 2075 illud
631 2035 930 2075 substantivum
962 2046 1058 2075 csse
1089 2039 1262 2088 putans,
1292 2036 1371 2077 hoc
1401 2036 1543 2089 adjec-

76 2099 198 2139 tivum
231 2100 359 2150 pinus
398 2101 541 2141 colore
579 2101 749 2150 similis,
793 2099 866 2140 scd
906 2100 1095 2152 adjectivi
1133 2100 1354 2153 penultima
1391 2101 1543 2156 brevis,

76 2165 197 2217 pinus
236 2165 352 2205 color
391 2166 583 2218 proprius
614 2165 749 2206 nullus
781 2170 855 2207 est.
872 2166 905 2191 ¹4
960 2166 1174 2206 Hominum
1214 2166 1409 2206 attributa
1447 2173 1543 2208 sunt

76 2226 325 2283 ἀγρωστῖνος
353 2231 514 2272 fabulae
535 2231 817 2283 Epicharmiac
836 2232 1088 2285 inscriptum,
1118 2229 1351 2285 ἐργαστῖνος
1370 2236 1410 2273 et
1428 2229 1542 2285 ἐργα-

167 2416 224 2459 13)
249 2416 348 2451 I‘lura
373 2417 493 2460 elapsa
521 2426 599 2452 esse
624 2418 721 2460 putat
746 2416 977 2460 Goettlingius
1004 2417 1048 2453 de
1067 2417 1150 2452 Acc.
1178 2428 1211 2461 p.
1230 2417 1307 2453 202.
1330 2417 1447 2454 Facile
1468 2424 1542 2455 erat

76 2479 138 2513 pro
162 2470 333 2516 κῆρκῖνος
357 2471 566 2507 substituere
595 2471 687 2506 aliud
712 2473 1044 2516 properisponienon
1070 2476 1220 2517 βιερΐνος
1242 2473 1297 2508 vel
1316 2477 1465 2518 γαρῖνος
1484 2475 1540 2510 vel

76 2527 257 2568 σαργῖνος-
306 2526 376 2562 Sed
401 2527 541 2563 verbum
565 2525 677 2572 ἐχρῆν
704 2527 855 2563 ostendit
880 2527 1053 2564 excidisse
1078 2529 1255 2572 semiosin‚
1281 2530 1356 2565 sine
1385 2539 1453 2573 qua
1476 2540 1538 2566 rc-

76 2581 156 2624 gula
181 2580 361 2615 claudicat.

151 2636 222 2678 14)
249 2635 443 2673 Meinekius
469 2637 511 2672 ad
531 2637 626 2672 Com.
653 2637 706 2672 Fr.
734 2638 778 2673 11.
804 2639 840 2673 P.
864 2639 889 2674 Ι.
905 2639 977 2675 125.
1004 2639 1139 2682 piscem
1163 2638 1258 2673 illum
1283 2638 1432 2674 πύτινον
1457 2639 1536 2676 dic-

74 2695 143 2725 tum
167 2693 262 2734 putat
286 2700 306 2725 a
329 2692 553 2729 similitudine
576 2696 729 2734 πυτίνης.
