1699 3021
237 161 303 202 DF.
335 159 623 203 NOMINIBUS
655 159 708 201 IN
736 158 762 200 ὖ
793 157 1138 200 EXEUNTIBUS.
1172 158 1212 199 C.
1232 158 1292 201 VI.
1324 163 1362 207 §.
1382 158 1418 200 2.
1487 157 1577 199 2:37

100 283 219 312 unum
250 275 362 311 extat
392 265 628 323 ἄνδροσύυη
664 271 704 311 111
733 268 900 309 oraculo
922 267 1072 308 Euseb.
1095 268 1158 309 Pr.
1177 268 1248 310 Ev.
1266 269 1311 310 V.
1331 267 1396 319 28,
1416 267 1508 309 225.
1532 268 1574 309 C.

99 342 139 378 et
169 336 285 378 Diod.
316 337 438 378 Exco.
460 337 540 377 Vll.
563 337 599 377 2.
623 338 663 377 in
686 337 782 388 MaJi
803 335 973 376 Colleot.
1011 334 1159 386 Soript.
1185 334 1226 375 T.
1249 335 1295 375 II.
1326 346 1363 386 p.
1383 334 1420 374 2.
1455 334 1504 374 ab
1522 357 1574 361 —

97 394 162 450 ἆῖς
190 399 422 455 παιδοσύνη
454 402 629 443 Maneth.
651 403 700 443 ab
723 392 836 449 -ξ
857 396 1091 454 μαντοσύνη
1120 399 1233 441 Pind.
1272 404 1311 440 et
1334 398 1502 450 Elnped.
1534 403 1573 438 et

97 465 377 521 θεμιστοσύνη
410 468 532 519 Orph.
568 468 612 509 H.
644 467 693 508 ab
726 467 939 518 adjectivis
970 461 1213 519 ἀληθοσύνη
1244 466 1424 516 Theogn.
1464 478 1572 504 που-

98 531 431 587 λυμαθημοσύνη
474 534 585 573 Timo
626 533 774 573 Phlius.
814 536 853 571 et
892 526 1117 583 ἀϊδροσύνη
1147 530 1234 571 ΕΜ.
1263 530 1337 582 42,
1362 528 1428 569 43.
1484 529 1573 570 Hoo

98 606 232 642 autem
262 611 391 651 genus
424 600 655 638 universum
686 609 765 649 quo
798 597 1034 637 familiarius
1066 601 1129 637 est
1158 597 1317 649 poetis,
1363 606 1412 635 eo
1441 596 1573 637 minus

99 667 289 707 convenit
321 668 540 705 accuratae
573 667 612 703 et
643 664 796 714 politae
828 662 1016 703 orationi.
1081 661 1200 714 Apud
1230 662 1382 702 atticos
1413 661 1573 713 quidem

99 733 326 784 scriptores
359 740 479 770 unum
511 730 713 780 reperitur
745 729 917 780 simplex
947 724 1201 780 δικαιοσύνη.
1266 727 1409 788 Neffile
1440 738 1573 778 oopu-

98 797 182 837 latu
211 797 267 836 illi
298 799 569 847 susceperunt
600 795 679 834 nisi
709 806 757 834 ea
787 806 891 846 quae
921 794 971 834 ab
1003 793 1217 845 adjectivis
1247 793 1288 833 in
1318 808 1378 833 ων
1416 804 1573 834 exeun-

101 863 208 903 tibus
241 862 423 902 derivatu
455 864 570 911 sunu
621 860 736 900 Pluto
768 860 891 900 haec:
931 856 1175 912 ἀφροσύνη,
1205 854 1459 912 εὐφροσύνη,
1488 869 1574 899 σω-

98 925 290 980 φροσύνη
313 940 348 966 v.
382 926 589 967 Benseler.
621 926 671 966 ad
701 926 827 966 Isoor.
850 927 918 965 Ar.
950 925 1042 966 363.
1064 921 1525 979 ἀλλοτριοπραγμοσύνη
1548 939 1571 967 a

100 993 381 1034 Grammaticis
414 996 622 1031 enotatum
654 1003 688 1032 v,
721 991 955 1031 Schneider.
987 990 1036 1030 ad
1068 990 1150 1031 Civ,
1181 990 1243 1030 IV.
1263 991 1354 1033 444.
1375 992 1419 1032 Β.
1452 988 1572 1045 ἀσχη-

96 1057 279 1112 μοσύνη,
310 1053 623 1110 εὐσχημοσύνη,
655 1054 992 1109 φιλοχρημοσύνη
1021 1061 1059 1095 et
1089 1051 1463 1110 ἁνεπιστημοσύνη,
1493 1060 1572 1099 Ae-

99 1126 263 1166 schines
311 1120 588 1176 ἀγνωμοσύνη
632 1127 671 1163 et
709 1118 1093 1175 ἑτερογνωμοσύνη,
1139 1121 1369 1173 Xenophon
1406 1127 1573 1176 μεγαλο-

97 1187 346 1244 γνωμοσύνη
379 1195 418 1230 et
448 1185 765 1242 εύθημοσύνη,ὃ
792 1190 939 1241 Lysias
971 1199 1008 1238 p.
1034 1186 1150 1239 17,1.
1180 1188 1571 1248 πολυπραγμοσύνη,

96 1257 396 1298 Demosthenes
426 1251 819 1307 κακοπραγμοσύνη,
859 1250 1249 1307 φιλοπραγμοσύνη,
1277 1254 1573 1311 αἰσχροῤῥημο-

98 1319 204 1376 σύνη
236 1323 293 1373 (111
324 1322 496 1373 Epist),
528 1321 632 1361 idem
664 1325 703 1360 et
730 1321 937 1361 Isocrates
969 1319 1381 1376 φιλαπεχθημοσύνη,
1416 1325 1572 1375 Thucy-

97 1389 211 1430 dides
242 1389 268 1429 1.
299 1388 363 1429 32.
394 1383 694 1439 ἀπραγμοσύνη
725 1391 764 1427 et
794 1387 839 1427 V.
863 1389 898 1429 7.
929 1384 1309 1441 ἀνεπιστημοσύνης
1341 1390 1487 1441 quibus
1519 1392 1572 1431 si-

97 1456 207 1496 milia
241 1454 367 1494 multa
406 1453 669 1505 suppeditant
710 1455 917 1494 extranei:
972 1449 1238 1508 ἀκτημοσύνη
1280 1455 1468 1497 Clemens
1508 1458 1571 1499 Al.

97 1515 503 1572 δικαιοπραγμοσύνη
544 1519 735 1559 Heraclii.
777 1519 908 1571 Epist.
946 1517 1249 1574 ἐπιστημοσύνη
1290 1522 1407 1573 Diog.
1445 1518 1573 1574 ἑτερο-

97 1584 345 1639 γνωμοσύνη
383 1584 549 1635 Joseph.
583 1581 890 1638 ἐχεῤῥημοσύνη
928 1585 1138 1628 Jamblioh.
1178 1585 1570 1642 ἰσχυρογνωμοσύνη

98 1651 234 1700 Ρ11110,
274 1647 631 1702 κοινονοημοσύνη
670 1651 720 1691 M.
750 1653 900 1692 Aulon.
944 1648 1328 1706 ὀλιγοπραγμοσύνη
1366 1653 1569 1695 Plutarch.

99 1712 458 1768 ὅμοιοσχημοσύνη
496 1716 668 1755 Aristot.
709 1713 984 1769 συμφροσύνη
1023 1719 1197 1769 Appian.
1240 1729 1290 1758 θΧ
1328 1719 1571 1770 Simplicium

99 1792 266 1822 numero
299 1777 555 1833 αἰὸημοσύνη
585 1780 709 1834 Ζ6110,
740 1777 947 1834 ἀστοσύνη
977 1783 1116 1823 Liban.
1149 1783 1191 1823 T.
1224 1783 1252 1824 Ι.
1285 1784 1376 1825 322.
1407 1785 1452 1826 11.
1474 1786 1568 1827 362.

100 1858 180 1899 quo
213 1846 305 1887 loeo
330 1846 506 1887 Thomas
528 1843 768 1900 ἀστειοσύνη
800 1847 909 1901 legit,
933 1845 1146 1901 γειτόσυνη
1172 1849 1306 1891 Strab.
1351 1851 1453 1891 Sunt
1469 1851 1572 1893 haec

100 1923 232 1966 pauca
270 1923 320 1953 ex
348 1923 494 1963 magno
528 1913 688 1953 cumulo
720 1914 934 1967 decerpta,
975 1914 1024 1954 de
1055 1915 1201 1966 quibus
1236 1915 1334 1956 nihil
1370 1916 1570 1958 affirmare

99 1990 319 2031 possumus
350 1979 428 2019 nisi
463 1978 572 2030 quod
602 1979 653 2019 ad
683 1978 951 2021 damnandum
991 1992 1131 2032 parum
1163 1985 1247 2034 est,
1288 1992 1372 2022 11011
1401 1983 1571 2034 16ρ61111

98 2055 147 2084 ea
177 2043 283 2096 apud
313 2044 540 2097 locupletes
572 2050 790 2097 auctores3
838 2051 970 2086 utrum
1009 2058 1106 2087 vero
1147 2057 1248 2087 casu
1276 2050 1570 2099 praetermissa

98 2110 179 2151 sint
209 2121 260 2150 an
289 2110 383 2162 quia
411 2111 542 2151 minus
574 2111 796 2165 placerent,
827 2112 1061 2152 existimatu
1091 2112 1265 2153 difficile.
1305 2113 1450 2155 Pollux
1475 2116 1570 2166 qui-

98 2175 186 2216 dem
215 2175 361 2229 multa,
411 2187 515 2228 quae
544 2176 665 2217 hodie
700 2181 830 2218 testes
859 2178 995 2218 nullos
1027 2183 1095 2218 aut
1125 2179 1257 2219 niinus
1287 2178 1461 2220 idoneos
1491 2181 1569 2221 hn-

97 2241 212 2294 bent,
242 2242 283 2281 111
312 2252 520 2282 numerum
550 2243 729 2295 recepit,
766 2242 845 2282 duo
877 2243 1113 2294 reprobavit
1143 2240 1412 2298 ἀθεαμοσύνη
1444 2246 1504 2287 IV.
1531 2247 1567 2289 O.

99 2311 138 2347 et
166 2305 538 2361 πικρογνωμοσύνη
577 2309 630 2350 ib.
665 2308 727 2351 13.
766 2308 876 2360 quod
912 2310 1082 2350 insuave
1113 2310 1253 2351 auditu
1282 2311 1398 2365 dicit,
1437 2313 1568 2353 simile

99 2368 373 2426 ἀγνωμοσύνη
406 2375 504 2415 nihil
543 2375 737 2427 culpans3
779 2375 858 2415 alia
890 2376 1069 2416 sortasse
1101 2377 1423 2431 praetereundo,
1461 2379 1568 2419 siout

100 2448 309 2491 661150165,
331 2441 463 2490 ejecit.
501 2440 718 2482 Nonnullis
747 2441 967 2483 Atticistae
996 2445 1135 2482 notam
1166 2453 1410 2495 apposuere.
1453 2444 1568 2485 Tho-

98 2514 185 2544 mas
216 2502 387 2545 ἷππασία
413 2507 636 2558 λογοποιοί,
668 2504 875 2561 ἱπποσύνη
905 2504 948 2548 ὁὲ
976 2507 1140 2560 ποιηταί
1168 2506 1459 2563 -χρηστότης
1489 2505 1569 2551 οὐκ

172 2657 223 2700 ,8)
251 2656 529 2701 Ὑποθημοσύνη
557 2660 597 2695 ab
624 2660 793 2700 Homero.
829 2663 928 2705 cujiis
955 2660 1104 2696 fabulam
1130 2665 1282 2705 enarrat,
1310 2664 1477 2699 sumsisse
1509 2665 1566 2698 vi-

99 2711 208 2748 detur.
