1731 3021
145 185 231 227 170
613 177 1048 223 DISSERTATIO
1100 177 1147 220 11.

143 289 344 347 αἰζηνεκὲς
373 286 553 344 διηνεκές
583 290 645 343 (ut
674 287 856 343 ζαβαλλω
886 286 1113 340 madenam)
1145 288 1258 335 λίνος
1287 286 1455 337 αἴλινος,
1472 286 1508 312 ¹⁰
1536 287 1622 327 fieri

144 372 272 414 posse
303 358 502 400 concedet
521 360 564 397 ut
585 353 722 409 Σύμη,
751 352 917 408 Αἰσύμη
938 358 977 395 et
1005 351 1166 407 Οἰσύμη
1184 354 1291 395 111010
1312 363 1460 394 001000
1482 353 1622 404 suerit;

142 423 267 479 Σύμη
299 429 433 466 autem
470 423 638 475 ypsilon
676 427 822 463 natura
850 421 973 461 breve
1004 420 1128 460 habet
1168 423 1210 459 ut
1243 422 1382 459 cetera
1420 418 1624 470 bisyllaba

143 491 280 546 Δύμη,
314 488 454 543 Κύμη,
487 486 672 541 Στρύμη.
731 488 950 527 Multorum
991 497 1072 526 una
1110 486 1232 539 nobis
1271 485 1449 525 innotuit
1480 485 1622 537 forma,

144 572 168 601 a
196 556 322 612 πέρας
350 553 536 609 πρυμνός
564 555 650 596 ΕΜ.
680 553 771 606 003,
803 553 867 594 34.
902 548 1550 605 0101155111100101ιιῑδιαπρύσιος
1570 573 1625 579 -

144 626 194 667 ab
233 621 342 677 ἐρύω
381 619 555 675 ἐρυμνός
595 621 836 671 discrepans
876 619 1045 670 proprio
1087 617 1268 669 Erymzts
1306 618 1439 658 Valer.
1488 616 1621 657 Flacc.

143 692 207 733 111.
240 690 330 732 194.
364 688 473 741 quod
504 700 527 728 a
558 686 839 727 Grammaticis
871 684 1092 736 significari
1119 683 1279 723 videtur
1302 696 1338 724 v.
1358 682 1505 723 Parall.
1529 680 1622 722 422.

144 758 195 799 ab
226 755 315 804 ἕλος
342 754 487 807 ἔλυμος
515 754 602 793 EM.
647 751 720 792 sed
752 755 791 790 ct
831 748 1017 802 ἐλύμνιαι,
1054 747 1171 789 δοκοὶ
1208 745 1404 801 ὀρόφιναι
1440 748 1537 789 Hcs,
1583 750 1624 787 et

139 819 361 875 Ἐλύμνιον
390 820 504 860 urbis
534 828 695 858 nomen.
755 816 806 855 Et
838 827 1010 867 quorum
1042 816 1157 867 origo
1189 816 1229 855 in
1257 815 1463 856 oblivione
1488 815 1622 865 jacet:

143 886 367 940 θέλυμνον,
398 882 701 937 προθὲλυμνον,
740 878 979 934 ἀταλύμνου
1009 878 1197 934 δάκρυον
1235 881 1322 922 Nic.
1361 877 1624 932 Λεπέτυμνος

145 968 181 996 v.
211 954 364 996 Niclas.
398 951 448 992 ad
476 950 611 999 Antig.
643 960 676 990 Ο.
716 948 832 989 XVII.
898 945 1143 1001 Εὔρυμνος,
1175 950 1254 989 nisi
1292 948 1396 988 idem
1438 951 1501 987 est
1540 941 1624 985 Εὔ-

146 1035 285 1074 ρυμος.
345 1019 443 1058 Tum
475 1016 688 1056 feminina:
728 1011 933 1066 Λάρυμνα
972 1026 1060 1055 cum
1103 1015 1250 1067 plurali
1294 1011 1480 1067 Λώρυμα
1519 1022 1625 1052 000-

147 1090 281 1129 susum
310 1098 346 1127 v,
380 1081 606 1125 Tzschuck.
636 1080 686 1121 ad
715 1081 807 1121 Mel.
837 1081 882 1121 ΙΙ.
913 1080 950 1134 3,
982 1080 1018 1121 (5.
1052 1081 1265 1133 simileque
1296 1080 1501 1131 adjectivo
1524 1088 1625 1118 eva-

145 1153 242 1195 nido
274 1146 511 1203 Λωρυμνόν
540 1144 757 1200 βαθύτατα
792 1145 1013 1187 κατωτάτω
1044 1147 1140 1187 Hes.
1165 1144 1393 1199 Νώνυμνα,
1430 1143 1624 1196 Πρόσυμ-

146 1235 211 1270 να,
242 1214 434 1269 Λικύμνα
465 1211 686 1267 ἀκρόπολις
715 1210 930 1265 ἐπώνυμος
957 1213 1033 1252 τοῦ
1074 1213 1307 1265 Λικυμνίου
1348 1212 1482 1254 Strab.
1523 1209 1623 1251 VIII.

147 1286 239 1327 373.
271 1279 476 1335 Καλύμνα
508 1292 589 1320 una
626 1280 849 1320 insularum
891 1278 1161 1330 Calydnarum
1203 1279 1248 1320 X.
1288 1279 1380 1320 489.
1419 1278 1534 1319 Eust.
1574 1275 1625 1317 ad

147 1352 265 1392 Dion.
297 1350 388 1391 530.
420 1359 592 1400 quorum
624 1350 836 1386 accentum
869 1348 1026 1386 Coraes
1060 1346 1267 1397 corrigere
1297 1342 1541 1397 neglexit‚11
1585 1345 1625 1384 et

147 1421 293 1457 neutra
323 1412 558 1466 Λάτυμνον,
584 1409 806 1465 ’Λρύμνιον
836 1416 911 1453 etc.
942 1436 996 1440 —
1024 1412 1128 1451 Num
1158 1423 1256 1452 vero
1289 1423 1363 1463 pro
1384 1415 1414 1451 ῦ
1431 1420 1626 1450 0000110-

148 1494 268 1535 quam
307 1484 479 1522 ascitum
522 1481 575 1520 sit
604 1479 720 1532 beta,
760 1478 867 1519 haud
896 1478 1063 1530 perinde
1110 1482 1275 1518 certum.
1345 1478 1388 1518 Si
1425 1473 1622 1530 χηράμβη,

150 1548 259 1601 quod
286 1547 491 1587 indubiam
521 1546 644 1586 habet
675 1556 764 1585 cum
786 1542 892 1597 χήμη
913 1546 1213 1596 cognationem,
1244 1543 1295 1584 ad
1315 1544 1485 1596 χηραμίς
1505 1554 1625 1583 0010-

149 1626 355 1668 paramus,
386 1612 547 1653 labialis
576 1612 696 1651 litera
725 1611 901 1663 liquidae
934 1609 1246 1650 adminiculandi
1277 1620 1403 1650 causa
1441 1610 1627 1650 subnexa

149 1680 332 1731 videtur3
363 1683 508 1719 contra
537 1682 600 1718 est
633 1678 667 1718 si
698 1677 748 1717 ad
777 1674 915 1730 χήραψ
946 1680 985 1716 et
1014 1675 1202 1728 χηραφίς,
1228 1687 1314 1727 ,qua
1343 1677 1409 1715 via
1435 1676 1626 1727 suspicor

151 1758 176 1787 a
204 1742 325 1798 κέρας
355 1744 405 1784 ad
434 1741 628 1796 κάραβος,
661 1742 855 1794 deinceps
887 1741 937 1782 ad
966 1738 1213 1794 κεράμβηλος
1244 1752 1487 1793 processum
1518 1752 1626 1794 0550,

153 1815 193 1853 et
223 1823 246 1852 a
275 1808 452 1863 σάλαβος
481 1811 568 1851 sive
599 1807 756 1862 σαλάβη
785 1808 835 1849 ad
866 1804 1063 1861 σαλάμβη,
1096 1807 1205 1859 quod
1237 1807 1535 1858 Glossographi
1562 1807 1627 1847 vel

153 1891 177 1919 a
207 1876 342 1917 σάλλω
374 1877 597 1917 derivatum
628 1879 772 1927 putant
803 1875 898 1926 quia
928 1875 1135 1914 fenestrae
1158 1873 1303 1914 crebro
1324 1874 1365 1912 in
1385 1877 1499 1913 motu
1519 1876 1626 1927 sunt,

151 1945 217 1986 vel
248 1956 271 1984 a
301 1941 429 1993 σέλας,
461 1942 549 1994 pari
579 1946 793 1992 utrumque
825 1940 1127 1991 probabilitate.
1187 1936 1412 1992 Κόρυμβος
1441 1943 1626 1980 neutram

154 2021 431 2052 consonarum
461 2009 639 2047 nativam
669 2007 820 2047 habere
852 2006 1003 2046 clarum
1036 2006 1188 2045 faciunt
1219 2009 1395 2056 cognata
1427 2002 1555 2058 κόρση
1587 2008 1627 2046 et

152 2074 292 2130 κόρυς,
324 2078 430 2117 sicut
460 2086 480 2114 0
510 2070 674 2128 κορυφή
706 2073 910 2125 colligitur
941 2072 1229 2112 immutabilem
1260 2070 1464 2111 secundas
1504 2081 1628 2123 agere

246 2264 303 2307 10)
329 2262 523 2306 Hesychius
550 2260 726 2294 Θύσσεται
752 2259 969 2297 τινάσσεται,
998 2258 1228 2303 Θυσσόμεναι
1253 2258 1451 2303 σειόμεναι,
1480 2269 1547 2303 quo
1569 2261 1627 2294 in-

157 2320 298 2357 tellectu
329 2322 382 2353 est
410 2317 527 2362 (Ῑύλλα
556 2315 809 2360 αἰθυσσόμενα
836 2318 869 2349 in
894 2316 1022 2359 Sappli.
1049 2315 1102 2350 Fr.
1130 2316 1184 2350 IV.
1220 2316 1283 2351 sed
1316 2315 1383 2349 hoc
1408 2317 1520 2359 ipsum
1544 2326 1628 2351 ver-

156 2376 236 2410 bum
269 2374 494 2408 Ruhnkenius
537 2373 577 2407 ab
616 2372 789 2416 Hesycliio
829 2373 991 2415 scriptum
1024 2375 1130 2415 putat.
1185 2361 1421 2406 Nec-certius
1456 2371 1629 2416 αἰωλίγγη

161 2430 251 2474 apud
278 2430 426 2465 eundem
452 2439 512 2473 pro
539 2429 683 2473 ὠλίγγη.
734 2429 890 2471 Ineptum
919 2427 1003 2461 illud
1032 2427 1113 2460 Sch.
1140 2427 1243 2461 Arist.
1279 2426 1390 2461 Nubb.
1425 2428 1521 2463 1215.
1559 2435 1629 2470 ψα-

159 2486 220 2530 ρὸς
246 2487 352 2522 ἵππος
386 2484 456 2518 ἀπὸ
489 2485 553 2519 τοῦ
587 2487 736 2528 ψαίρειν
764 2482 780 2516 ὁ
816 2483 926 2528 ταχύς
961 2483 1051 2516 ὅθεν
1084 2485 1144 2516 καὶ
1170 2481 1338 2527 αἷψηρός.
1386 2483 1460 2518 Nec
1485 2483 1631 2519 HUdefflss

158 2543 305 2576 nominis
323 2539 443 2581 αἰζηός
461 2541 630 2583 originem
643 2542 839 2583 conjectare
860 2550 901 2575 ex
921 2540 1086 2583 llesycliii
1107 2540 1223 2583 glossa
1241 2537 1414 2582 ,ιανύζηον
1435 2537 1629 2583 ὀλιγόβιον.

213 2618 308 2669 ’,11)
334 2617 558 2662 Πολύδαμνα
581 2616 626 2655 ὡς
645 2617 835 2661 Μήθυμνα
860 2618 977 2652 Scliol.
1006 2616 1070 2651 Od.
1099 2617 1153 2651 IV.
1178 2617 1255 2652 228.
1286 2615 1515 2659 Similiterque
1541 2626 1631 2660 quae

159 2675 194 2707 in
221 2686 258 2709 ος
282 2676 408 2708 exeunt
437 2674 487 2717 μὴ
514 2675 645 2718 ἔχοντα
672 2672 826 2714 θηλυκά,
844 2673 1038 2718 ’Ἀτυμνος,
1063 2671 1267 2716 Λύκαμνος,
1292 2674 1478 2715 Ara-amos
1502 2672 1628 2707 Arcad-

158 2730 212 2766 62.
239 2729 418 2772 Σέλεμνος
444 2730 545 2764 Paus.
573 2730 647 2765 Vll.
674 2729 729 2773 23,
756 2731 786 2767 1.
