1747 3005
127 123 195 164 DE
224 123 347 166 ΝΟΜ.
376 123 594 173 QUORUM
613 123 763 165 CHAR.
794 123 895 165 EST
917 123 1205 165 GUTTURAL.
1238 125 1279 166 C.
1301 127 1344 167 Π.
1378 133 1414 175 §.
1435 128 1471 170 6.
1505 130 1597 171 327

125 233 248 284 stigia
277 233 397 273 etiam
426 234 466 273 in
496 233 714 284 gentiliciis
744 233 1024 284 reperiuntur3
1055 243 1147 273 nam
1165 232 1594 288 Καλλαϊκοί,’οπικοί,

118 293 342 350 Ὀμβρικοί,
358 298 393 322 ²⁷
417 294 684 346 Οὐινδελικοί,
705 303 930 350 sequuntur
949 302 1161 337 accentum
1182 298 1454 342 derivatorum
1472 314 1598 354 grae-

123 373 282 415 corum,
329 365 406 404 etsi
443 366 639 416 postremi
679 365 876 405 derivatio
914 374 996 403 nou
1036 368 1228 416 apparet,
1256 362 1443 416 ’Έρνικοι
1482 378 1594 419 vero,

121 428 229 480 quod
260 429 309 468 ab
341 429 491 482 hernis,
523 435 565 470 ut
595 431 752 483 dicitur,
783 429 945 469 ductum
977 432 1053 481 est,
1085 429 1367 470 eodemmodo
1389 432 1592 484 scribitur,

120 504 200 545 quo
220 489 417 545 Ἕρνικες,
451 497 630 535 sortasse
660 500 702 535 ut
732 494 1029 546 metaplastum.
1086 494 1312 534 Masculina
1333 496 1486 547 primae
1517 496 1592 536 de—

119 559 352 599 clinationis
382 572 589 611 perpauca
618 565 711 601 sunt
734 556 894 606 Ἑλίκας
921 559 1086 599 Helicae
1118 559 1318 613 condit0r‚
1347 561 1456 611 quod
1486 563 1592 602 Mei-

118 624 264 665 nekius
296 626 451 676 recepit
483 626 652 665 Theocr.
684 625 710 665 I.
744 624 831 665 125.
862 624 1026 670 κοτίκας
1055 619 1233 677 ἀλέκτωρ
1262 625 1356 665 Hcs.
1389 637 1412 665 a
1446 623 1591 674 κόπος

117 701 150 731 S.
188 687 395 737 uondgssffi
453 692 561 731 Sunt
600 692 642 730 in
678 690 908 742 [ιιηῃονηηι
945 700 1098 739 {seuere
1137 689 1237 729 dicti
1271 693 1448 741 pezz'ccce
1477 693 1591 744 quod

115 756 208 795 sine
254 756 397 796 radice
431 759 668 795 nascuntur
704 755 804 795 Plin.
837 755 938 795 XIX.
971 755 1031 795 14.
1064 751 1138 801 οὓς
1177 756 1351 796 καλοῦσί
1380 771 1484 804 τινες
1512 755 1588 797 πέ-

114 820 198 869 ζιας
216 821 308 861 Ath.
328 821 373 860 II.
388 821 451 862 61.
472 822 516 861 Ε.
540 822 606 861 ubi
630 820 745 861 codd.
767 818 928 870 πέζι,·κας
948 825 986 860 et
1005 816 1176 869 πεζικάς,
1210 832 1381 872 quorum
1407 822 1587 864 fortasse

112 885 210 925 nihil
239 896 377 925 verum
410 887 482 927 sed
512 887 646 936 πεζίας
676 899 699 926 a
730 888 817 938 pari
848 886 1110 926 nominativo.
1171 887 1231 926 Ex
1264 888 1382 927 tertia
1412 887 1489 927 huc
1515 899 1586 928 re-

112 949 279 990 serenda
309 956 404 990 sunt
429 947 682 1000 Ἀπελλικῶν,
715 951 823 1003 quod
854 952 904 991 ab
931 947 1120 1003 Ἀπελλῆς
1150 951 1374 992 derivatum
1411 952 1583 1007 videtur⁷

112 1019 152 1055 et
180 1016 387 1055 Κιλλικῶν
418 1017 584 1069 Achaei,
616 1018 682 1069 qui
713 1017 890 1056 Miletum
922 1016 1109 1068 prodidit,
1134 1028 1362 1067 cognomen
1393 1019 1586 1070 utApol-

111 1081 246 1121 Ionius
288 1083 454 1133 scripsit
485 1084 524 1122 in
557 1083 648 1123 Sch.
678 1083 803 1122 Arist.
834 1081 926 1121 Pac.
960 1080 1051 1120 364.
1091 1080 1200 1131 quod
1232 1082 1298 1131 qui
1330 1094 1418 1121 eum
1450 1095 1473 1123 a
1504 1095 1585 1124 nu-

110 1147 209 1186 trice
241 1146 390 1187 Cilissa
421 1148 635 1198 accepisse
667 1146 841 1198 tradunt,
872 1145 1039 1185 Cilicum
1059 1146 1279 1196 nequitiam
1305 1147 1459 1197 vulgari
1480 1159 1583 1199 pro-

106 1211 248 1251 verbio
287 1212 533 1252 celebratam
573 1217 789 1263 spectasse
828 1210 1024 1250 videntur.
1091 1211 1152 1249 Ac
1191 1211 1376 1251 similiter
1414 1213 1464 1253 ab
1502 1211 1582 1263 ἕλιξ

108 1275 351 1316 declinatum
384 1282 447 1317 est
469 1274 624 1316 ἑλικών.
667 1275 748 1317 Sed
780 1276 979 1316 Stimicon
1009 1276 1049 1314 in
1079 1275 1234 1325 eclogis
1253 1277 1406 1327 Virgilii
1426 1278 1581 1319 etCal—

105 1341 237 1393 purnii
277 1342 336 1381 VI.
366 1342 431 1383 84.
475 1353 596 1394 quum
638 1342 805 1393 primam
845 1340 1044 1391 syllabam
1085 1341 1299 1394 corripiat,
1341 1346 1454 1392 patet
1494 1354 1577 1384 non

104 1410 216 1447 recte
247 1417 271 1446 a
300 1407 455 1447 Koenio
487 1408 537 1447 ad
569 1407 685 1458 Greg.
716 1406 807 1447 290.
840 1406 1017 1445 conferri
1050 1416 1138 1444 cum
1169 1417 1320 1456 graeco
1352 1408 1487 1458 Σῖμος
1504 1409 1576 1448 Σί-

102 1486 228 1524 μιχος,
259 1472 331 1512 sed
362 1473 500 1523 potius
541 1473 799 1524 peregrinum
837 1472 910 1511 suit
947 1475 990 1510 ut
1024 1466 1254 1522 Ῥουβίκων
1293 1476 1331 1512 et
1369 1474 1576 1525 Στελίχων

104 1538 274 1578 Stilicho
303 1550 376 1578 seu
406 1538 562 1578 Stilico.
593 1562 646 1566 ——
675 1537 980 1588 Adjectivorum
1011 1537 1050 1575 in
1088 1528 1184 1583 ι-κῖξ
1205 1538 1437 1577 exeuntium
1476 1551 1574 1590 pars

101 1613 246 1653 magna
282 1603 332 1642 ab
360 1603 573 1654 adjectivis
605 1603 800 1653 originem
830 1602 953 1641 habet
983 1597 1196 1653 ἀγαθικός,
1229 1599 1425 1650 ἁπλοϊκός
1443 1609 1479 1643 et
1501 1615 1574 1644 ce-

104 1672 190 1708 tera
221 1667 270 1708 ad
301 1668 447 1718 Phryn.
478 1668 568 1708 228.
603 1672 813 1717 congesta.
871 1667 982 1706 Haec
1011 1678 1140 1717 genus
1186 1672 1225 1707 et
1265 1670 1571 1710 universitatem

100 1733 329 1784 significant
359 1744 495 1772 earum
525 1744 670 1785 rerum,
702 1743 805 1783 quae
836 1732 1049 1782 primitivis
1080 1732 1329 1785 indicantur⁷
1364 1729 1411 1772 τὸ
1439 1731 1572 1774 εὐδαι-

99 1796 282 1851 μονικόν,
311 1793 357 1837 τὸ
386 1794 639 1850 μνημονικόν
671 1802 748 1837 etc.
790 1796 870 1837 Sed
894 1799 978 1847 jam
1007 1797 1208 1837 Homerus
1242 1798 1405 1839 turbare
1436 1802 1570 1852 coepit

99 1875 174 1915 pro
214 1860 398 1915 ὀρφανός
434 1874 637 1914 usurpans
677 1858 925 1914 ὀρφανικός,
965 1873 1038 1913 pro
1076 1859 1285 1913 παρθένος
1322 1863 1566 1918 παρθενική,

98 1940 202 1980 quae
231 1928 471 1968 Eustathius
504 1929 621 1980 1506,
654 1929 714 1968 17.
747 1932 883 1978 typum
916 1927 1037 1967 modo
1060 1928 1395 1979 possessivorum
1417 1929 1567 1970 habere

98 1993 279 2045 adnotat,
308 2004 391 2033 non
423 1994 542 2033 etiam
573 1993 923 2043 significationem.
982 1992 1032 2032 Et
1064 1992 1257 2043 deinceps
1289 1994 1375 2033 alii:
1407 1990 1458 2034 οὐ
1485 1993 1566 2047 μό-

95 2073 172 2099 νον
199 2055 446 2111 βαρβαρικὸς
475 2055 647 2109 πόλεμος
676 2054 778 2097 ἀλλὰ
806 2055 875 2097 καὶ
903 2053 1109 2109 βάρβαρος
1140 2058 1277 2098 Thom.
1324 2060 1384 2099 Ac
1404 2061 1565 2101 Schue-

97 2126 207 2164 serus
236 2125 277 2163 in
306 2124 440 2163 Melet.
474 2135 511 2175 p.
541 2124 605 2164 40.
635 2124 675 2162 in
706 2122 985 2163 describendis
1015 2123 1226 2173 utriusque
1258 2123 1447 2175 adjectivi
1477 2126 1565 2165 lini-

94 2190 171 2230 bus
201 2200 283 2229 non
313 2189 483 2229 ulterius
515 2199 764 2241 progressus
796 2192 858 2228 est
889 2199 1007 2239 quam
1038 2192 1079 2228 ut
1109 2186 1356 2239 βαρβαρικός
1392 2201 1485 2229 raro
1516 2191 1564 2230 de

94 2255 276 2295 moribus
307 2253 384 2294 dici
412 2255 700 2306 pronunciaret
731 2253 803 2294 sed
835 2254 1078 2305 saepissime
1110 2252 1157 2292 de
1188 2253 1237 2292 iis
1269 2266 1378 2305 quac
1406 2267 1562 2304 praeca

95 2331 180 2359 non
208 2322 320 2372 sunt,
352 2319 409 2359 ad
439 2319 662 2360 Graeciam
693 2319 797 2359 m'lid
830 2320 1056 2369 pertinent.
1127 2318 1243 2366 Quod
1281 2329 1362 2358 nou
1397 2321 1561 2360 multum

183 2482 243 2524 27)
279 2482 337 2515 Sic
361 2482 501 2525 Dionys.
527 2483 617 2517 Anti.
645 2484 672 2517 Ι.
697 2484 751 2519 22.
781 2487 814 2518 et
840 2482 966 2517 Herod.
994 2481 1020 2515 1.
1047 2482 1100 2516 94.
1128 2481 1189 2516 SCd
1212 2482 1397 2526 ’Όιιιβρικοι
1426 2484 1478 2518 IV.
1505 2486 1559 2521 49.

178 2541 239 2583 28)
273 2541 369 2576 Idem
393 2541 558 2574 Κόττικοι
583 2543 620 2574 αἱ
647 2543 931 2588 περικεᾳαλαῖαι
959 2546 1140 2585 cognatum
1170 2551 1245 2575 curn
1272 2541 1376 2583 κόιιη
1398 2553 1425 2577 s.
1447 2548 1562 2583 κοττίς

93 2600 206 2638 caput,
232 2596 295 2630 sed
319 2598 488 2639 scriptura
516 2597 620 2631 (lubia
643 2602 679 2631 ut
702 2598 807 2632 multa
833 2598 991 2640 eJusdem
1016 2597 1141 2629 Ὀλίκοι
1168 2596 1372 2639 ἐκκομιδαί,
1395 2599 1562 2643 Ὄρδικον

93 2649 153 2682 τὸν
175 2653 410 2693 χιτωνίσκον,
434 2651 649 2695 Σιιάρδικον
672 2655 885 2697 στρουθίον,
910 2654 1042 2693 Σηνίκη
1069 2653 1223 2695 ιῖιροχος
1246 2651 1369 2695 ι’ἰλιιιιξει
1395 2657 1461 2689 etc.
