1699 3021
508 167 1032 211 PRAEFATIO.
1445 174 1509 212 ΠΙ

39 288 172 332 verim
227 285 374 343 potius
429 296 559 342 quam
607 282 884 328 exhauserim
943 286 1016 326 aut
1071 294 1160 327 non
1192 285 1316 337 justo
1355 284 1507 331 ordine

41 365 345 422 explicuerim;
402 362 448 407 id
495 360 615 419 quod
661 362 823 405 evitare
871 358 1130 416 perdifficile
1177 362 1256 405 fuit
1298 364 1341 406 in
1388 367 1508 408 tanta

39 454 183 488 rerum
220 443 350 498 copia
386 445 430 485 et
463 441 686 485 varietate.
757 436 887 490 Quod
925 438 961 481 si
999 439 1098 494 quis
1133 439 1193 483 ita
1217 439 1387 493 judicet
1408 440 1508 486 huic

39 518 323 566 incommodo
362 518 530 562 occurri
565 517 767 573 potuisse
805 516 841 559 si
879 527 933 558 ex
953 515 1097 559 multis
1121 518 1305 572 quaein
1336 523 1507 574 promtu

40 600 194 643 essent
238 595 474 653 exempliS‚
523 593 796 648 delegissem
841 594 1114 651 certissima,
1170 594 1375 650 equidem
1421 595 1508 642 hoc

38 677 182 733 ipsum
225 674 435 731 profiteor
481 675 524 716 et
569 682 674 727 prae
721 682 789 714 me
836 669 929 715 fero
978 666 1091 728 (nec
1135 669 1398 717 dubitabunt
1434 676 1507 730 qui

38 755 84 800 in
107 753 236 797 simili
258 752 440 808 negotio
463 749 626 794 versati
649 742 834 805 suerint)
857 760 926 792 me
951 745 1077 804 plura
1097 751 1354 805 reposuisse
1377 763 1507 808 quam

41 831 348 888 proposuisse.
375 826 463 872 Sed
488 827 664 871 omnino
690 826 794 869 certi
814 826 1057 881 incertique
1072 831 1191 870 arcta
1204 827 1394 873 confinia
1408 835 1508 875 sunt

41 908 182 953 etalia
205 906 322 964 apud
345 905 459 949 alios
481 904 742 948 aestimatio.
769 902 924 960 Neque
948 904 1099 948 inutile
1115 903 1228 949 duco
1243 918 1357 962 quae
1374 910 1507 952 tene-

40 984 219 1031 bricosa
257 982 434 1041 quidem
474 980 555 1025 sed
585 984 729 1024 tamen
766 992 854 1024 non
890 992 1071 1036 prorsus
1110 981 1391 1038 desperanda
1437 987 1509 1030 vi-

42 1062 250 1119 deantur,
302 1059 554 1116 legentibus
601 1056 657 1101 ad
705 1056 1075 1102 considerandum
1112 1071 1359 1115 proponere
1399 1064 1511 1108 sicut

41 1139 252 1198 Aegyptii
287 1140 498 1193 aegrotos
537 1147 644 1180 suos
681 1138 859 1191 propter
892 1137 1006 1180 viam
1043 1137 1266 1183 collocare
1305 1140 1511 1186 solebant

41 1220 90 1261 ut
123 1217 432 1274 unusquisque
468 1215 851 1272 praetereuntium,
890 1214 927 1257 si
965 1213 1069 1271 quid
1107 1214 1295 1260 salubris
1336 1219 1509 1265 consilii

41 1293 238 1353 haberet,
274 1295 318 1337 in
353 1291 542 1337 medium
581 1291 781 1336 conferre
816 1295 986 1348 posset.
1056 1291 1214 1336 Verum
1243 1294 1351 1339 illud
1373 1298 1507 1342 multo

41 1373 184 1428 magis
229 1373 361 1416 timeo
409 1382 488 1429 ne,
536 1381 651 1427 quae
696 1371 739 1413 in
776 1371 1003 1426 prooemio
1040 1368 1320 1426 Antiphrasis
1359 1379 1511 1421 contra

43 1453 285 1508 etymorum
320 1451 555 1493 venatores
594 1448 764 1506 scripsi,
803 1451 955 1492 contra
991 1459 1059 1490 me
1097 1449 1333 1504 scripsisse
1372 1465 1507 1510 repe-

20 1529 139 1572 ¹riar.
207 1526 315 1571 Nam
352 1527 427 1571 illa
464 1537 675 1582 germana
712 1528 754 1569 et
789 1526 953 1570 nomini
991 1537 1073 1569 suo
1111 1537 1361 1582 congruens
1395 1530 1509 1590 Ety-

43 1605 239 1661 mologia
274 1605 429 1661 procul
466 1605 520 1648 ab
559 1603 700 1648 oeulis
738 1604 900 1647 nostris
931 1604 975 1647 in
1010 1603 1226 1661 Empyrco
1249 1605 1416 1652 habitat
1437 1610 1509 1655 uhi

41 1682 324 1740 Autosophia
370 1686 413 1726 et
456 1681 861 1736 Autogrammatica
908 1685 968 1726 et·
994 1685 1168 1727 ceterae
1220 1684 1368 1729 mundi
1404 1687 1507 1743 pla-

44 1761 181 1805 tonici
216 1760 390 1804 incolae
405 1773 415 1816 3
459 1771 543 1803 nos
590 1762 734 1802 autem
781 1760 1029 1815 terrigenae
1078 1760 1255 1805 umbras
1293 1764 1509 1820 quasdam

45 1838 143 1892 ejus
189 1841 499 1882 consectamur
543 1840 587 1880 et
630 1836 864 1881 simulacra
910 1837 1170 1897 sublustria‚
1218 1850 1333 1896 quae
1378 1842 1509 1888 nobis

44 1916 89 1960 in
135 1927 275 1959 rerum
321 1915 696 1970 grammaticarum
745 1916 1004 1960 tractatione
1051 1920 1284 1960 occurrunt
1328 1930 1510 1977 quoquo

46 1991 251 2037 euntibus
289 1996 333 2036 et
368 1993 567 2048 quamvis
615 1991 775 2036 obnixe
825 1993 1003 2049 repulsa
1046 1996 1197 2036 timitem,
1239 2007 1388 2052 usque
1430 2010 1512 2040 re-

44 2068 229 2126 dibunt,-
265 2068 320 2114 de
358 2069 424 2113 his
465 2071 579 2113 enim
618 2071 968 2126 quaestiunculis
1004 2071 1122 2116 valet
1158 2071 1278 2129 quod
1316 2073 1371 2119 de
1407 2087 1511 2133 mu·-

45 2147 226 2193 lieribus
264 2146 370 2191 dixit
404 2151 539 2204 poeta
575 2149 792 2207 comicus,
830 2161 976 2207 nequo
1015 2162 1110 2194 cum
1148 2151 1200 2194 iis
1238 2152 1345 2196 satis
1383 2164 1511 2198 corn-

46 2225 178 2270 mode
213 2237 360 2282 neque
399 2227 493 2270 sine
529 2227 583 2270 iis
620 2227 710 2271 ullo
748 2227 881 2272 modo
918 2230 999 2271 vivi
1022 2240 1171 2284 posse.
1241 2228 1394 2286 Itaque
1424 2243 1510 2287 ego

47 2315 227 2362 quoque
265 2315 401 2360 saepe
445 2304 516 2359 vel
560 2305 720 2348 invitus
769 2309 811 2349 et
853 2307 1034 2362 ingratis
1083 2317 1137 2350 eo
1183 2305 1367 2351 adactus
1415 2320 1511 2353 sum

45 2385 94 2426 ut
127 2381 444 2426 vocabulorum
491 2383 686 2437 origines
733 2382 906 2427 abditas
954 2385 1206 2439 conjectura
1253 2397 1511 2442 quaererem

46 2461 217 2505 cautior
259 2457 450 2503 sortasse
489 2458 676 2517 Cratylis
722 2463 898 2519 nostris,
938 2475 1121 2520 quorum
1160 2464 1400 2508 curiositati
1436 2466 1511 2509 ni-

47 2533 108 2581 hil
145 2535 367 2594 clausum,
404 2536 510 2580 nihil
545 2538 799 2594 impervium
838 2544 917 2599 est,
957 2539 1036 2585 sed
1075 2543 1234 2586 erroris
1271 2540 1388 2586 haud
1424 2543 1511 2586 im-

47 2615 212 2671 munis;
257 2625 359 2659 nam
403 2615 447 2659 in
486 2615 737 2672 hujusmodi
782 2620 964 2673 negotio
1011 2619 1148 2660 eliam
1202 2620 1280 2678 ᾳιιι·
1332 2621 1515 2664 cavisse

47 2692 217 2734 rala'sl
260 2705 400 2748 saepe
441 2697 605 2737 cautor
653 2697 818 2750 captus
866 2698 946 2737 est.
1017 2696 1061 2741 Si
1099 2709 1186 2754 qua
1222 2703 1368 2743 tamon
1407 2711 1513 2757 spes
1585 2728 1590 2732 -
