1731 3021
121 176 215 222 494
613 167 1044 213 DISSERTATIO
1083 168 1149 211 Xl.

123 284 335 338 εὐνουχίαι
365 282 415 324 ad
446 292 642 324 summam
675 280 782 322 idem
822 283 886 321 est
916 278 1026 331 quod
1064 273 1358 330 εὐνουχοειδεῖς
1394 276 1469 319 sed
1507 288 1611 331 pro-

125 354 218 406 pius
240 350 497 392 substantivo
522 353 565 389 ut
585 347 879 399 adjectivorum
900 345 1225 396 compositorum
1251 354 1381 395 genus
1401 343 1612 396 daphnoi-

129 418 224 471 des,
270 412 468 467 ἰσόβρυον
507 419 545 455 61
584 414 685 466 alia,
735 411 882 464 quibus
925 409 1264 461 significationem
1303 409 1611 450 assimilativam

129 483 364 525 attributam
397 492 492 521 esse
525 479 686 521 ostendi
713 479 754 518 in
784 478 958 517 Dissert.
978 476 1005 517 I.
1029 487 1062 517 c.
1082 475 1146 516 III.
1169 479 1207 523 ς.
1228 475 1265 516 5.
1324 475 1417 515 Alia
1436 474 1612 527 amplifi-

128 549 274 591 cativis
305 547 562 588 adnumerari
592 548 788 598 possunt:
835 542 1002 593 στομίας
1040 537 1064 581 ὃ
1091 538 1194 594 μέγα
1223 537 1353 594 στόμα
1382 538 1485 593 ἔχων
1512 540 1611 582 Η65.

128 615 370 669 πωγωνίας,
417 613 589 665 τριχίας,
630 606 781 662 ὠμίας,
821 619 994 686 quorum
1031 608 1155 648 multa
1191 619 1282 648 cum
1315 606 1612 660 amplificativis

127 683 243 725 latini
278 680 481 722 sermonis
522 673 1038 727 6611ν611111111,μετωπίας
1068 675 1228 727 fronto,
1265 672 1519 726 πλασματίας
1547 673 1614 713 fa-

128 740 901 801 111110,σκοτίας161161)1“10,τερατίας
929 740 1060 791 mitio,
1092 739 1326 792 στιγματίας
1354 739 1543 792 verbero,
1573 742 1614 780 et

130 825 221 855 cum
250 813 387 853 verbis
419 810 668 852 Graecorum
699 806 986 848 desiderativis
1016 806 1185 857 κουρίας
1212 805 1400 860 κουριᾷν,
1446 800 1616 857 ὀφθαλ-

129 880 223 933 μίας
252 874 508 932 ὀφθαλμιᾷν,
538 871 687 927 ὠχρίας
716 869 891 928 ὠχριᾷν,
937 883 1110 923 quorum
1141 872 1191 912 ad
1221 870 1524 912 similitudinem
1547 871 1616 911 in-

131 948 193 988 fra
222 945 378 986 redibo.
419 941 699 984 Deminutivae
730 939 954 991 potestatis
986 938 1159 989 vestigia
1186 938 1297 978 nulla
1327 938 1613 989 agnoscimu53

129 1023 223 1054 nam
264 1010 374 1063 quod
410 1007 649 1050 Eustathius
690 1017 711 1045 e
748 1005 902 1045 Lexico
942 1004 1150 1044 rhetorico
1190 1004 1305 1044 affert
1343 1015 1382 1055 p.
1417 1003 1511 1056 565,
1549 1002 1614 1044 20.

129 1079 345 1128 παππίζειν
373 1072 420 1115 τὸ
448 1071 622 1114 πάππαν
650 1073 789 1112 καλεῖν
817 1067 886 1110 καὶ
914 1069 1124 1109 παππίαν·
1155 1067 1266 1109 οὕτω
1297 1065 1340 1109 δὲ
1363 1065 1439 1109 τὸν
1460 1065 1617 1120 πατέρα

132 1145 171 1186 οἱ
195 1140 366 1185 Ἀττικοὶ
394 1137 723 1192 ὑποκορίζουσιν,
755 1141 928 1189 apparet
944 1136 1280 1187 hypocorismum
1305 1145 1391 1175 non
1411 1134 1453 1175 in
1473 1134 1617 1175 termi-

130 1212 298 1253 natione
327 1210 467 1249 inesse
499 1205 573 1247 sed
598 1206 640 1245 in
667 1205 760 1256 ipsa
789 1214 905 1244 voce.
972 1203 1115 1254 Itaque
1145 1200 1340 1253 quidquid
1370 1204 1540 1252 superat
1573 1200 1618 1240 in

131 1288 253 1318 unum
282 1286 411 1326 genus
434 1270 761 1313 confundendum
789 1273 865 1321 est,
897 1268 1006 1320 quod
1037 1267 1342 1308 denominativa
1372 1266 1618 1319 complecti-

133 1347 211 1384 tur.
269 1341 423 1389 Horum
464 1338 544 1378 alia
585 1348 609 1377 a
645 1335 817 1376 materia
847 1333 957 1373 dicta
997 1337 1113 1386 sunt,
1154 1328 1257 1380 ὀπὸς
1287 1331 1413 1383 ῥιζίας
1443 1337 1481 1373 et
1508 1346 1617 1372 καυ-

133 1408 234 1459 λίας,
272 1401 396 1459 τυρὸς
423 1403 593 1457 κραδίας
623 1407 663 1444 61
693 1397 823 1449 ὀπίας,
855 1396 977 1449 ἄρτος
1005 1397 1238 1451 καχρυὸίας,
1269 1394 1429 1438 κυκεών
1456 1398 1617 1451 βληχω-

133 1475 226 1522 νίας
263 1496 316 1502 ——
352 1471 432 1512 alia
471 1482 495 1511 a
525 1470 619 1510 loco
651 1468 719 1509 ubi
749 1470 965 1506 versantur
1001 1465 1067 1505 vel
1098 1464 1277 1504 confiunt
1313 1464 1393 1516 μῦς
1427 1460 1616 1517 ὀροφίας,

134 1538 250 1594 λοβοὶ
279 1537 522 1589 πνευμονίαι
550 1533 619 1575 καὶ
650 1530 817 1587 ηπατιάι
844 1532 945 1572 Poll.
966 1529 1001 1555 13
1039 1529 1159 1576 λίθος
1186 1529 1365 1583 θρακίας
1394 1541 1514 1582 quem
1540 1529 1619 1571 Ni—

135 1605 288 1648 cander
324 1603 430 1643 λᾶαν
467 1598 696 1654 θρηισσαν,
740 1597 970 1648 Hesychius
1008 1593 1194 1651 θρᾴττην
1228 1599 1362 1636 vocat.
1438 1594 1618 1637 Ulterius

133 1669 329 1726 progredi
365 1679 449 1708 non
478 1670 617 1719 vacat,
656 1676 788 1717 neque
826 1667 990 1704 veteres
1029 1663 1120 1703 ausi
1157 1661 1278 1713 hujus
1318 1660 1620 1702 terminationis

135 1737 350 1789 regiones,
379 1733 542 1785 limites,
574 1731 749 1772 confinia
778 1734 818 1771 et
848 1729 1025 1770 divortia
1051 1726 1299 1780 describere,
1329 1725 1404 1768 sed
1434 1725 1620 1768 dubitant

134 1808 270 1846 utrum
300 1813 447 1853 ανεμος
482 1798 547 1839 vel
584 1793 733 1850 χειμών
774 1793 964 1848 ὀρνιθίας
993 1794 1053 1835 516
1083 1792 1241 1833 dicatur
1269 1796 1313 1833 ut
1344 1788 1492 1844 ἄνεμος
1519 1793 1618 1845 χελι-

136 1869 278 1915 δονίας
314 1867 395 1907 hoc
435 1868 499 1906 est
535 1864 572 1905 is
612 1863 680 1915 qui
720 1873 809 1903 611111
849 1860 1132 1902 hirundinibus
1161 1858 1411 1900 increbescit
1442 1869 1495 1899 an
1524 1858 1620 1911 quia

137 1946 237 1978 aves
267 1932 419 1984 affligit.
475 1931 537 1971 Ac
566 1929 647 1970 nisi
672 1928 844 1969 relatum
874 1926 1103 1978 legeremus
1121 1924 1319 1978 κραυγίας
1339 1935 1435 1966 6556
1455 1924 1620 1977 epithe-

135 2007 209 2044 ton
246 1999 339 2052 equi
377 1996 581 2039 sternacis
621 1994 676 2045 (v.
714 1992 969 2035 Wernsdorf.
1007 1991 1058 2033 ad
1093 1991 1236 2032 Avien.
1264 1991 1421 2042 Perieg.
1460 2002 1496 2031 v.
1525 1988 1618 2032 203.

136 2079 175 2121 p.
204 2065 298 2108 934.
333 2065 375 2106 T.
401 2063 485 2115 VI.)
517 2066 556 2103 et
583 2058 720 2113 τάφον
753 2058 990 2111 σεισματίαν
1027 2057 1177 2098 (116111111
1216 2057 1345 2098 fuisse
1384 2054 1618 2108 sepulcrum

137 2143 279 2175 eorum
311 2130 379 2183 qui
409 2134 542 2171 terrae
558 2131 672 2168 motu
691 2126 867 2168 absumti
890 2128 1045 2177 essent,
1075 2123 1114 2164 id
1133 2133 1252 2164 nemo
1274 2124 1514 2174 conjectura
1543 2132 1617 2163 as·-

139 2201 393 2251 sequeretur.

250 2290 289 2335 §.
319 2285 356 2326 4.
414 2284 473 2324 De
506 2280 759 2323 derivatione
791 2282 830 2319 et
860 2276 1158 2329 significatione
1187 2276 1396 2317 hactenus.
1454 2275 1514 2316 De
1544 2285 1617 2316 ac—

140 2356 262 2395 centu
290 2350 469 2392 breviter
499 2347 686 2401 perorari
723 2348 886 2398 potest:
931 2339 981 2383 τὰ
1018 2342 1074 2390 εἰς
1111 2357 1159 2390 ας
1195 2338 1390 2391 καθαρὸν
1424 2336 1618 2394 ἀρσενικα

138 2415 358 2472 βαρύνεται
386 2416 481 2456 Am
513 2413 579 2466 21,
609 2413 645 2453 ¹7.
673 2411 759 2452 EM.
791 2409 882 2461 101,
913 2408 978 2450 48.
1009 2408 1078 2449 ubi
1108 2409 1257 2449 vitiose
1287 2408 1485 2460 scriptum
1515 2406 1617 2458 δρα-

139 2479 302 2530 κοντιάς
333 2486 373 2523 61
402 2479 511 2533 quod
539 2480 580 2519 in
612 2478 863 2518 Thesaurum
892 2474 1135 2527 immigravit
1160 2471 1304 2527 βελιάς.
1333 2472 1489 2515 Eodem
1515 2471 1617 2512 vitio

235 2626 293 2670 13)
319 2625 515 2669 Hesychius
540 2625 673 2659 Κυνίας
695 2620 798 2656 πῖλος
822 2618 884 2651 καὶ
906 2619 999 2663 χείρ
1047 2616 1136 2651 Illud
1161 2618 1215 2652 est
1237 2616 1323 2660 pilei
1347 2622 1458 2659 genus
1483 2622 1504 2649 e
1523 2612 1618 2657 pelle

144 2682 267 2717 canina
291 2685 327 2716 ut
350 2683 486 2717 Κανίας
509 2678 672 2715 κάλαθος
696 2677 739 2713 de
767 2684 876 2711 canna
905 2672 1095 2709 confectus.
1143 2673 1207 2707 Pro
1231 2674 1311 2717 χείρ
1345 2671 1492 2705 fortasse
1523 2668 1615 2703 scri-

142 2738 326 2775 bendum
317 2750 357 2780 (Ju
351 2739 410 2770 (ite
397 2749 429 2781 ιρ
455 2736 489 2769 id
516 2738 570 2770 651
595 2733 734 2778 κρότων
758 2735 833 2769 sive
860 2743 900 2775 (s
899 2731 974 2776 mg»
999 2729 1136 2765 κύνειος
1161 2729 1258 2763 Suid.
