1731 3021
154 147 209 190 18
633 143 1074 188 DISSERTATIO
1119 144 1146 186 Ι.

159 256 320 297 confert
359 268 394 297 v.
435 256 570 296 Sturz.
610 253 660 296 ad
698 253 866 306 Emped.
905 265 942 306 p.
978 253 1071 296 544.
1111 253 1313 306 iidemque
1345 253 1536 296 feminina
1566 265 1641 308 pro
1699 251 1702 254 ’

157 321 395 363 masculinis
443 321 672 361 neutrisve:
738 317 844 373 ὄχθη
887 333 922 362 v.
963 319 1190 361 Mehlhorn.
1230 318 1281 360 ad
1319 320 1469 361 Anacr.
1508 331 1545 372 p.
1577 320 1642 363 97.

159 384 348 440 (p0'171}‚2⁴
385 383 534 438 πετάλη
566 385 687 426 Anth.
719 385 782 426 IX.
821 385 913 426 226.
951 385 1066 438 οἴνη,
1115 382 1306 438 φθογγή,
1354 383 1523 438 ῥαφάνη
1565 390 1642 428 eto.

161 453 289 502 Quum
326 453 448 504 igitur
486 462 657 503 perrara
694 451 777 491 sint
814 450 1037 504 vocabula,
1089 462 1262 503 quorum
1300 454 1473 503 utraque
1513 452 1644 491 forma

162 517 270 570 apud
310 528 453 558 omnes
493 521 532 557 et
571 517 611 556 in
652 516 760 556 omni
799 526 949 567 genere
990 515 1196 557 scribendi
1236 520 1305 556 aut
1344 515 1449 556 idem
1480 527 1644 568 semper

162 588 231 623 aut
257 594 551 635 usquequaque
577 582 783 622 diversum
811 581 959 634 valeat,
991 582 1248 632 quaestionis
1280 593 1436 622 summa
1463 582 1543 622 huc
1572 593 1643 623 re—

163 648 233 702 dit,
264 654 355 689 utra
384 650 489 689 ratio
520 649 658 700 potior
689 648 763 700 sit,
811 646 1085 687 similitudinis
1117 658 1169 687 an
1200 647 1564 700 dissimilitudinis,
1603 652 1645 688 et

164 725 365 765 quosnam
397 717 588 765 oporteat
619 714 735 764 sequi
766 717 959 752 auctores
992 723 1119 751 eosne
1150 712 1217 763 qui
1248 717 1420 764 utraque
1447 714 1644 754 termina-

163 781 274 820 tione
304 780 494 820 distincte
533 779 597 819 usi
636 782 730 818 sunt
761 789 812 817 an
843 777 911 827 qui
939 777 1185 827 promiscue.
1245 777 1327 817 Sed
1357 778 1436 818 hoc
1465 779 1534 818 vix
1561 778 1643 820 illis

164 846 271 887 scire
311 846 481 895 contigit
512 845 579 896 qui
612 854 754 883 omnes
784 842 922 893 graeci
952 842 1156 882 sermonis
1196 843 1284 883 vias
1329 853 1519 894 prorsum
1548 854 1644 884 rur-

163 922 253 952 sum
274 913 565 961 oommearunt‚
594 907 740 948 nedum
768 906 888 947 nobis
908 910 988 946 tam
1007 911 1123 947 curta
1142 907 1399 958 supellectile
1417 909 1647 952 instructis..

164 972 312 1029 Λρομή
340 987 421 1015 uno
449 973 614 1015 Arcadii
635 972 869 1013 testimonio
889 971 1000 1023 (nam
1021 976 1251 1013 ceterorum
1269 974 1497 1015 auctoritas
1515 974 1644 1028 nulla)

162 1043 285 1084 nobis
303 1042 492 1094 innotuit,
511 1036 676 1092 μόμφος
694 1039 789 1078 item
810 1049 890 1078 uno
913 1038 1017 1079 alius
1037 1038 1317 1090 Grammatici3
1341 1039 1452 1091 quod
1470 1040 1550 1081 nisi
1569 1051 1646 1081 ex—

166 1112 283 1160 taret,
314 1118 391 1147 nos
422 1107 511 1147 sine
542 1105 796 1146 dubitatione
825 1100 978 1157 δρόμος
1008 1108 1047 1144 et
1070 1100 1215 1156 μομφή
1235 1105 1644 1156 aparaschematistis

165 1174 523 1214 adnumeraremus
554 1175 597 1211 ut
625 1167 772 1223 γάμος,
803 1167 942 1221 δόλος,
973 1167 1124 1223 θρόος,
1155 1167 1306 1221 ψόγος,
1346 1170 1494 1222 quibus
1526 1171 1646 1211 femi-

164 1241 260 1280 nina
290 1238 450 1290 desunt,
481 1242 521 1278 et
551 1242 594 1277 ut
622 1232 767 1288 κλοπή,
797 1233 919 1289 ῥοπή,
950 1232 1081 1289 λοιβή,
1112 1231 1267 1287 στοιβή,
1299 1236 1446 1287 quibus
1477 1247 1646 1277 mascu-

163 1306 257 1345 lina.
314 1303 429 1344 Adeo
468 1304 509 1343 in
548 1303 610 1343 his
642 1302 872 1343 dominatur
902 1313 1037 1342 casus.
1096 1301 1280 1342 Aliorum
1310 1306 1524 1353 utramque
1554 1302 1645 1342 for-

164 1381 270 1411 mam
301 1369 589 1421 cognovimus,
629 1367 703 1409 sed
743 1379 846 1419 quae
878 1368 931 1408 sit
962 1367 1147 1408 alterutri
1180 1368 1368 1420 subjecta
1400 1367 1643 1419 significatio

165 1436 266 1476 latet
305 1439 598 1486 aeternumque
636 1433 800 1486 latebit,
845 1444 985 1473 eorum
1015 1438 1114 1485 puta
1143 1445 1248 1486 quae
1280 1433 1540 1474 Grammatici
1569 1444 1647 1474 ex-

165 1504 356 1554 promunt
386 1500 530 1540 avulsa
559 1511 582 1540 a
612 1499 917 1540 continentibus
944 1500 1170 1553 celatisque
1194 1499 1447 1553 auctoribus,
1479 1495 1646 1552 γλάμος,

163 1565 343 1621 θύμελος
362 1566 478 1607 Phot.
501 1565 659 1617 (omiss,
680 1566 721 1605 in
734 1564 872 1617 Thes.)
892 1562 1082 1618 κάλυβος,
1105 1563 1268 1619 κόρσος,
1294 1563 1436 1616 πνόος,
1469 1562 1645 1619 φύσκος,

163 1632 279 1686 ucoca
305 1630 424 1685 ὕβρις
451 1632 546 1673 Hes.
577 1631 617 1671 id
647 1634 711 1671 est
739 1626 885 1683 κόρος,
915 1631 1047 1685 λοίμη,
1077 1631 1207 1686 μύθη,
1237 1629 1350 1685 ὅγκη,
1381 1628 1485 1684 χιλή,
1514 1627 1646 1684 τροχή
1710 1658 1718 1694 f

166 1705 205 1741 et
243 1700 416 1752 plurima
454 1698 551 1737 talia
594 1700 789 1748 corrupta
827 1698 1008 1738 sortasse
1055 1703 1124 1738 aut
1173 1698 1335 1751 plebeja
1377 1701 1446 1737 aut
1490 1696 1647 1738 ludicre

165 1765 320 1806 fieta.2⁵
376 1763 427 1804 Et
459 1774 563 1814 quae
593 1762 720 1802 semel
755 1762 820 1803 vel
848 1762 913 1804 bis
943 1767 986 1804 ut
1017 1774 1215 1804 summum
1253 1764 1294 1804 in
1331 1763 1446 1804 libris
1484 1762 1643 1803 nostris

252 1912 311 1954 24)
337 1912 388 1946 De
415 1910 510 1954 (γονή
537 1912 575 1944 ll.
602 1911 669 1944 XV.
697 1911 774 1946 633.
804 1911 980 1954 ambigunt
1012 1913 1204 1947 caedemne
1239 1911 1414 1956 significet
1437 1921 1478 1946 an
1502 1910 1566 1944 τὸν
1589 1910 1644 1944 τό-

164 1980 233 1999 nou
258 1968 348 1999 ἔνθα
376 1966 610 2009 πεᾳόνευται,
638 1975 727 2009 quae
757 1968 832 2002 sive
861 1970 913 2002 est
941 1969 1079 2010 propria
1105 1968 1207 2009 hujus
1234 1968 1363 2003 formae
1389 1970 1543 2011 potestas
1569 1967 1645 2002 sive

164 2023 413 2065 metonymica,
446 2024 540 2055 certe
572 2030 640 2054 non
664 2031 740 2055 rara
767 2026 819 2056 est
844 2023 878 2055 in
903 2022 1025 2065 plurali
1052 2025 1256 2066 praesertim
1280 2033 1312 2057 v.
1339 2023 1456 2057 Schol.
1482 2021 1581 2057 Pind.
1605 2021 1643 2056 P.

164 2078 220 2112 XI.
249 2080 302 2113 55.
357 2076 464 2119 Soph.
499 2076 620 2110 Trach.
656 2076 733 2112 556.
784 2075 895 2110 Cram.
930 2077 1065 2112 Anecd.
1102 2078 1128 2112 Ι.
1158 2078 1209 2114 10.
1261 2078 1374 2112 Gloss.
1405 2077 1447 2111 ad
1473 2076 1643 2121 Lycophr.

165 2134 262 2169 1113.
298 2133 340 2166 cf.
369 2132 509 2166 Jacobs,
537 2132 580 2166 ad
605 2131 741 2166 Aelian.
770 2142 803 2175 p.
835 2132 908 2167 112.
938 2136 975 2166 ut
1009 2136 1043 2168 et
1073 2132 1155 2169 Διὸς
1184 2135 1293 2177 γοναί
1324 2134 1422 2167 locus
1453 2133 1577 2167 natalis
1610 2141 1642 2166 v.

161 2188 332 2232 Aglaopli.
362 2188 457 2223 1047.
484 2186 543 2219 ἐπὶ
566 2187 686 2230 σπορᾷ
712 2186 910 2231 δράκοντος
941 2187 1047 2231 Soph.
1074 2188 1151 2222 Ant.
1182 2189 1277 2224 1125.
1308 2188 1426 2222 Schol.
1457 2187 1556 2232 παρὰ
1583 2186 1646 2220 τὸν

160 2243 273 2276 τόπον
298 2242 336 2275 ἐν
361 2235 387 2286 ᾦ
415 2241 624 2286 ἐσπάρησαν
653 2242 687 2274 οἱ
713 2241 877 2280 ὀδόντες,
914 2243 1056 2286 melius,
1091 2247 1193 2287 puto,
1234 2252 1336 2287 quam
1373 2244 1430 2287 qui
1463 2242 1645 2278 Thebanos

162 2302 257 2343 ipsos
294 2298 360 2332 hoc
392 2298 496 2331 modo
532 2297 701 2332 declarari
735 2301 890 2332 censent.
938 2298 988 2332 Ex
1021 2300 1191 2332 contrario
1224 2297 1317 2340 νομή
1356 2298 1481 2332 dicitur
1505 2296 1523 2339 ἦ
1550 2297 1644 2344 ἐνέρ-

160 2366 255 2398 γεια,
287 2352 398 2396 νομός
425 2352 442 2385 ὃ
474 2352 579 2389 Τόπος
607 2353 664 2392 [ἧς
688 2353 801 2396 νομῆς
829 2353 909 2388 Sch.
942 2354 1087 2389 Theocr.
1113 2353 1204 2387 VIII.
1231 2354 1285 2388 41.
1334 2353 1415 2387 Sch.
1446 2353 1529 2389 Hes.
1554 2352 1642 2396 Opp.

160 2409 236 2445 523.
286 2409 336 2443 De
364 2409 441 2442 aliis
469 2407 664 2441 nominibus
693 2409 864 2441 actionum
891 2408 931 2442 ad
958 2409 1090 2451 locum,
1128 2408 1185 2442 ubi
1213 2409 1343 2451 agitur,
1372 2409 1544 2443 translatis
1572 2407 1643 2443 dixi

160 2466 194 2497 in
218 2464 340 2497 Parull.
366 2464 442 2498 442.
486 2465 579 2497 Inter
603 2463 735 2496 caedem
759 2468 788 2496 et
812 2465 976 2507 praedam
1000 2465 1137 2498 Tacitus
1165 2465 1304 2507 scripsit
1330 2463 1417 2497 Ann.
1445 2465 1471 2499 I.
1499 2464 1554 2500 60.
1581 2473 1642 2508 pro

160 2528 297 2555 caesos.

246 2589 306 2632 25)
335 2588 554 2632 Aristophan.
582 2591 616 2624 in
640 2589 800 2635 Append.
827 2591 956 2626 Herod.
982 2591 1093 2635 Epim.
1116 2591 1192 2627 285.
1216 2589 1316 2635 παρά
1341 2601 1435 2623 τισιν
1460 2588 1477 2623 ὁ
1500 2588 1640 2637 πρόσω-

157 2656 223 2682 πος
248 2644 326 2678 dmi
355 2644 415 2676 ιοῦ
442 2645 476 2677 [ὸ
502 2644 709 2688 πρόσωπον,
742 2647 833 2690 quod
866 2646 1066 2681 Eustathius
1101 2646 1233 2680 Platoni
1268 2646 1404 2689 tribuit,
1442 2644 1640 2681 Meineliius

158 2704 271 2734 autem
297 2700 330 2732 iu
352 2698 435 2733 llist.
465 2699 560 2734 (joui.
587 2710 619 2743 p.
651 2701 722 2735 173.
752 2702 845 2736 lusus
868 2704 1013 2745 jocique
1043 2711 1148 2736 causa
1174 2701 1289 2735 fictum
1316 2711 1396 2738 esse
1430 2702 1636 2745 suspicatur.

1713 1366 1723 1484 -—e*-
