1747 3005
130 135 197 177 DE
218 135 344 178 NOM.
366 134 584 184 QUORUM
604 135 753 176 CHAR.
773 134 873 176 EST
896 133 1184 177 GUTTURAL.
1226 136 1268 177 C.
1290 138 1334 179 II.
1361 140 1445 187 §.7.
1485 140 1576 184 329

102 246 200 287 bilia
230 245 348 295 talia3
380 255 454 294 ego
486 255 549 285 me
589 244 770 286 continui
807 244 848 284 in
889 243 1134 295 trisyllabis,
1176 244 1271 296 quia
1308 247 1576 292 Buttmannus

103 312 272 352 affirmat
311 310 416 349 hanc
455 310 779 350 terminationem
820 309 1077 360 potissimum
1115 312 1422 362 procerioribus
1457 314 1576 355 adhi-

102 376 225 416 bitam
257 386 351 415 esse
382 375 608 415 vocabulis.
669 373 750 415 Sed
780 373 890 426 quod
919 374 1022 414 idem
1054 375 1346 426 adjectivorum
1377 379 1417 418 in
1447 393 1508 426 tog
1539 386 1576 421 et

103 431 449 487 m—ogexeuntium
490 439 810 490 significationes
849 444 1040 480 accurate
1081 440 1235 482 definiri
1274 454 1402 494 posse
1444 451 1576 499 negat,

102 517 249 546 v·e1e0r
294 516 344 544 ne
384 516 479 544 iere
511 509 729 564 at—irruratus
761 505 824 545 sit.
882 505 1072 545 Attamen
1112 508 1281 547 tentavit
1320 508 1575 559 aliquatenus

103 572 304 611 'lI:10mlS
344 567 404 609 ch
434 569 487 616 εἰς
517 584 587 616 >tog
627 566 718 609 τινὰ
752 565 826 621 μέν
866 566 947 609 ἐστι
986 568 1173 623 κτητικοὲ,
1212 570 1419 624 βασιλικὸς
1456 572 1577 627 λόγος

102 634 153 676 ὃν
187 634 335 688 ἔγραψε
367 632 553 687 βασιλεὺς
582 632 608 687 ἢ
639 632 688 674 ὃν
717 632 864 687 ἔγραψέ
892 650 951 682 τις
979 635 1033 683 εἰς
1070 633 1255 689 βασιλέα·
1292 634 1384 677 τινὰ
1425 636 1468 679 δὲ
1507 640 1575 694 δη-

100 703 246 741 λοῦσιν
274 698 586 753 ἐπιτηδειότητα,
618 697 822 752 δρομικός,
856 699 1053 749 πυκτικός
1082 726 1135 731 —-
1162 698 1212 742 τὰ
1242 699 1284 742 δὲ
1311 699 1495 755 λέγονται
1514 703 1574 746 ἒν-

101 767 245 822 εργείᾳ,
276 763 484 818 μουσικός,
515 762 565 805 τὰ
598 763 641 805 ὁὲ
671 763 806 818 φύσει,
836 763 1010 818 λογικός.
1051 767 1133 808 Sed
1162 768 1240 808 hoo
1270 768 1433 810 decreto
1466 772 1573 813 mul-

102 837 182 872 tum
215 832 333 871 abest
374 836 412 871 ut
451 832 666 870 universus
706 831 825 883 hujus
865 833 1027 883 generis
1068 833 1243 873 ambitus
1284 834 1467 877 definitus
1508 838 1573 880 sit.

100 897 202 937 Nam
233 898 288 949 si,
329 901 369 936 ut
414 896 590 935 Galenus
631 897 685 935 ait
723 896 771 936 de
804 898 942 948 Coum.
974 897 1076 938 Med.
1114 910 1150 949 p.
1180 899 1300 940 Locc.
1331 900 1376 941 II.
1406 902 1498 944 538.
1531 903 1561 943 Τ

101 962 183 1002 XII.
214 960 428 1014 σπληνικοί
458 960 644 1000 dicuntur
673 960 712 1000 οῖ
741 957 822 1001 ἀπὸ
852 958 1031 1014 σπληνὸς
1059 960 1281 1015 πάσχοντες
1298 964 1367 1005 καὶ
1385 961 1575 1018 ἡπατικοὶ

103 1026 142 1067 οἱ
171 1022 252 1066 ἀπὸ
281 1027 448 1078 νεφρῶν
479 1031 552 1067 etc.
584 1027 618 1066 Si
648 1028 777 1078 γραῦς
805 1025 972 1079 ficuum}
1006 1039 1053 1067 ea
1084 1040 1187 1079 quae
1218 1029 1321 1080 bryti
1361 1037 1458 1082 potu
1496 1034 1575 1074 im-

102 1103 229 1143 pense
260 1091 485 1132 delectatur
517 1104 551 1132 v.
581 1092 752 1133 Meinek.
797 1094 909 1133 Com.
941 1093 1001 1133 Fr.
1034 1093 1076 1132 T.
1116 1092 1179 1133 ΙΙΙ.
1220 1105 1256 1144 p.
1295 1094 1359 1135 23.
1399 1096 1437 1135 id
1477 1099 1576 1139 nulli

100 1157 259 1197 illorum
290 1158 420 1197 simile
449 1162 511 1197 est
544 1158 789 1208 omninoque
819 1169 900 1197 non
933 1169 983 1197 ex
1011 1159 1291 1198 terminatione
1312 1160 1403 1200 sola
1431 1161 1504 1202 sed
1525 1174 1575 1204 ex

102 1228 243 1261 natura
274 1228 311 1262 et
338 1222 635 1273 significatione
668 1223 855 1273 primitivi
898 1228 934 1262 et
974 1234 1100 1274 saepe
1142 1235 1192 1263 ex
1230 1223 1451 1278 adjunctis,
1492 1238 1573 1278 quo

101 1286 276 1338 quidque
308 1288 523 1338 pertineat,
549 1286 723 1336 judicari
755 1286 885 1327 debet.
942 1287 1156 1339 Proprium
1186 1300 1283 1329 vero
1316 1289 1450 1331 locum
1495 1293 1575 1334 ob-

102 1353 229 1391 tinent
261 1353 502 1403 pronomina
531 1352 782 1404 quantitatis,
813 1347 976 1404 ἡλίκος,
1013 1354 1208 1405 πηλίκος,
1248 1354 1430 1406 τηλίκος,
1470 1369 1575 1410 quae

102 1417 193 1457 sola
223 1422 432 1457 accentum
463 1418 503 1457 in
534 1417 753 1468 penultima
785 1417 934 1458 habeut
965 1417 1113 1458 Herod.
1157 1431 1198 1459 π.
1237 1421 1350 1460 Mev.
1392 1420 1466 1475 20,
1513 1423 1574 1466 19.

103 1486 142 1522 et
171 1482 233 1521 his
266 1484 623 1523 consociatissima
666 1483 857 1523 adverbia
887 1483 1126 1534 temporalia
1155 1479 1314 1534 αὐτίκα,
1345 1481 1479 1538 ἡνίκα,
1508 1503 1575 1542 τη-

101 1546 207 1596 νίκα,
239 1547 346 1598 quod
377 1548 643 1588 Buttmannns
673 1549 713 1588 in
742 1549 866 1589 Lexil.
897 1549 942 1589 ΙΙ.
974 1548 1064 1589 227.
1096 1550 1196 1590 miro
1219 1552 1403 1592 acumine
1424 1564 1473 1593 ex
1497 1551 1573 1607 τὴν

102 1610 171 1650 ἰ’κα
201 1611 279 1651 leae
309 1614 395 1652 vice
426 1614 641 1653 conflatum
681 1625 775 1654 esse
816 1613 1006 1664 disputat.
1074 1614 1225 1655 Eadem
1265 1616 1462 1658 elementa
1500 1620 1573 1660 sed

105 1675 245 1716 ordine
276 1677 439 1716 inverso
471 1677 620 1717 habeut
650 1677 842 1718 adverbia
872 1679 1093 1718 numeralia
1120 1676 1276 1732 τριάκις
1306 1684 1345 1721 et
1377 1687 1514 1725 cetera
1532 1686 1572 1726 in

106 1746 144 1789 ξ.
176 1741 211 1782 3.
246 1746 437 1781 extrema.

214 1812 251 1854 ἓ.
286 1808 322 1847 7.
389 1803 448 1846 Τὰ
477 1806 531 1854 εἷς
556 1796 656 1854 Bn—og
683 1804 1036 1861 ποοπαροξύνεται
1065 1804 1217 1848 σπάνια
1245 1806 1365 1862 ὄντα,
1397 1814 1574 1856 Καππά-

104 1871 225 1918 δοκος
237 1869 521 1924 ,Σπόρὸοκος
549 1874 641 1913 Arc.
671 1874 735 1914 51.
769 1885 939 1926 quorum
979 1873 1149 1913 alterum
1180 1877 1346 1927 saepius
1377 1879 1416 1919 in
1447 1872 1493 1930 οξ
1532 1887 1573 1923 et

104 1953 202 1990 οκης
234 1939 480 1990 terminatur,
512 1937 682 1978 alterum
714 1944 776 1979 est
810 1940 977 1979 Tauricis
1008 1950 1156 1979 nomen
1185 1941 1225 1980 in
1252 1942 1374 1983 Thuc
1407 1945 1452 1986 ΙΙ.
1485 1946 1572 1990 101.

106 2008 145 2043 et
175 2004 236 2043 IV.
259 2002 347 2042 102.
382 2002 447 2042 ubi
478 2003 516 2041 in
540 2003 694 2054 aliquot
722 2004 835 2044 libris
859 2001 1109 2055 Σπάρδακος
1127 2006 1323 2057 seriptum
1346 2013 1420 2050 est.
1457 2011 1573 2053 Alius

106 2069 178 2108 suit
210 2067 389 2118 ejusdem
423 2067 618 2107 Thraciae
648 2070 812 2119 regulus
843 2066 1034 2116 Σάδοκος
1070 2082 1105 2110 v.
1133 2070 1302 2123 Interpr.
1341 2073 1392 2114 ad
1428 2076 1472 2116 ΙΙ.
1509 2077 1573 2118 29.

107 2134 210 2173 alius
241 2130 445 2185 Μήδοκος
483 2133 570 2173 sive
596 2129 820 2184 Ἀμάὸοκος
849 2147 884 2175 v.
915 2134 1090 2175 Wessel.
1123 2135 1173 2175 ad
1203 2137 1318 2177 Diod.
1348 2138 1448 2180 XIII.
1482 2141 1572 2183 105.

106 2194 323 2244 Σάυὸοκος
352 2199 439 2238 sive
468 2195 688 2245 Σάνδακος
725 2203 763 2239 et
794 2197 1012 2252 Σανδόκης
1042 2212 1076 2240 v.
1104 2201 1282 2242 Boeckh.
1309 2202 1427 2256 Corp.
1448 2206 1572 2248 Inscr.

108 2263 194 2302 Vol.
224 2263 269 2303 II.
303 2275 339 2314 p.
373 2263 461 2304 158.
494 2263 592 2303 Gail.
624 2264 674 2304 ad
703 2266 835 2306 Anon.
856 2265 1071 2306 Stadiasm.
1105 2266 1146 2306 T.
1168 2266 1212 2305 ΙΙ.
1251 2271 1288 2313 §.
1313 2266 1402 2310 179.
1435 2268 1576 2324 Σπάρ-

106 2342 226 2374 τοκος
257 2340 291 2368 V.
321 2328 498 2368 Boeckh.
529 2329 551 2369 l.
585 2340 617 2370 c.
649 2341 686 2381 p.
713 2330 802 2371 109.
843 2330 924 2371 Sed
955 2330 1127 2369 hominis
1158 2332 1294 2381 graeci
1324 2343 1471 2376 nomen
1505 2339 1577 2379 Πί-

105 2393 227 2439 ὁοκος
257 2392 439 2444 Xenoph.
462 2389 569 2433 Heli.
601 2394 626 2434 Ι.
651 2395 684 2447 1,
705 2395 769 2435 29.
803 2397 890 2436 siue
923 2395 1042 2435 dubio
1076 2396 1113 2433 iu
1143 2396 1258 2436 libris
1288 2400 1439 2441 rectius
1460 2399 1576 2444 Ἐπί-

106 2458 229 2504 ὸοκος
258 2458 471 2508 scribitur3
515 2470 606 2498 nam
641 2460 709 2499 illa
749 2461 977 2500 terminatio
1018 2462 1274 2511 peregrinum
1314 2471 1455 2519 sonat,
1500 2480 1576 2511 nec

108 2523 240 2563 solum
291 2522 495 2562 secundae
545 2523 829 2566 declinationis
877 2525 950 2566 sed
1000 2527 1119 2565 etiam
1160 2528 1335 2580 primae,
1376 2530 1576 2587 Μηδόκης

110 2588 243 2627 Thrax
272 2587 445 2627 Demetr.
477 2587 525 2627 de
555 2588 668 2629 Eloc.
699 2601 731 2630 c.
763 2591 891 2631 CLXI.
922 2590 1025 2631 idem
1056 2592 1144 2631 sine
1174 2591 1295 2632 dubio
1324 2596 1391 2646 qui
1411 2597 1460 2637 ab
1484 2600 1574 2641 aliis

114 2648 311 2705 M›;oouo·3
343 2652 583 2706 appellatur,
613 2652 795 2708 Δηιόκης
823 2655 988 2708 Medus,
1024 2653 1242 2708 Παρδόκας
1271 2658 1446 2704 lotarius
1477 2664 1576 2706 bar-.-
