1699 3021
311 156 378 197 DE
409 155 697 199 NOMINIBUS
728 155 781 196 IN
809 159 834 210 ξ)
857 154 1203 198 EXEUNTIBUS,
1240 161 1278 205 §.
1304 158 1339 199 1.
1472 158 1561 200 257

91 265 206 307 codd.
239 266 406 314 Arabis)
439 267 499 306 sic
529 266 849 318 pronunciantur
869 270 911 306 ut
933 265 1130 317 Phalaris,
1152 265 1335 318 Sybaris,
1356 266 1558 318 Hipparis.

89 333 148 372 De
187 333 237 372 iis
280 343 384 383 quae
425 331 644 372 secundam
676 336 900 382 sequuntur
929 330 1268 383 declinationem,
1299 331 1403 372 idem
1434 344 1558 384 prae-

89 397 231 437 scribit
269 397 527 437 Herodianus
569 397 617 437 de
659 396 847 438 Dichron.
886 396 927 436 T.
959 395 1021 436 111.
1052 407 1089 447 p.
1129 396 1219 436 299.
1258 392 1309 435 τὰ
1347 393 1449 449 ὑπὲρ
1479 396 1557 439 δύο

86 459 289 514 συλλαβὰς
317 460 576 514 βαρυνόμενοι
612 459 827 514 πάμπολλα
865 457 964 501 ὄντα
993 458 1316 512 συνεσταλμένον
1344 459 1481 514 ἔχουσι
1509 461 1556 504 τὸ

87 542 114 568 α
142 524 197 580 μὴ
223 525 322 568 ὄντα
351 527 506 580 ὸωρικά
534 525 635 581 μηὸὲ
665 524 855 567 σύνθετα.
911 522 1118 566 Ἐπίτασιν
1147 520 1224 567 οὖν
1253 524 1329 579 ἔχει
1356 525 1402 568 τὸ
1433 526 1556 581 ἄγγα-

85 608 156 645 ρος
186 591 255 633 καὶ
284 593 476 645 Αἴσαρος·
506 589 552 633 τὸ
582 590 624 632 ὁὲ
661 590 846 645 φλύαρος
883 587 1033 645 ὀφείλει
1062 589 1361 633 συστέλλεσθαι.
1417 594 1556 646 Regu-

86 659 165 699 lam
204 660 441 699 confirmant
479 658 751 711 appellativa,
782 669 885 710 quae
916 659 1144 712 attulimus,
1175 663 1214 699 01
1244 659 1412 710 propria
1443 657 1556 700 Βάτ-

85 738 226 775 ταρος,
255 722 438 776 Ἴκαρος,
480 721 694 777 Κώυαρος,
725 723 954 774 Μίνδαρος,
993 725 1204 776 Ταίναρος,
1243 721 1447 777 Τεύταρος
1477 730 1553 767 etc.

85 801 161 830 nec
201 791 413 841 trisyllaba
435 790 568 830 Solum
598 790 672 831 sed
703 791 822 830 etiam
849 785 1123 842 Ἀμισώδαρος
1153 795 1192 830 et
1222 791 1453 843 Καλλίαρος
1473 791 1554 832 110-

85 857 247 908 1001100,
270 856 301 881 ¹1
336 853 575 907 Πιξώδαρος
623 856 776 906 Fragm.
816 855 926 896 Com.
962 856 1024 896 111.
1068 855 1159 897 539.
1210 852 1432 909 Ὠκίναρος
1469 857 1554 908 Ly-

86 922 225 972 coplu·.
266 921 356 962 729.
393 916 585 971 Ώλίαρος
626 922 729 972 Virg.
767 922 867 962 Aen.
905 922 969 962 111.
1013 920 1101 962 126.
1138 921 1244 962 unde
1275 925 1554 974 conjecturam

84 987 267 1038 capimus
299 987 469 1027 similem
501 988 628 1027 fuisse
659 987 976 1039 appellationem
1006 987 1193 1027 similium
1220 984 1376 1039 Ὄαρος
1404 987 1553 1028 Herod.

86 1049 255 1102 Νόαρος
286 1052 419 1092 Strab.
465 1049 683 1104 Κάλλαρος
712 1052 921 1093 Demostli.
948 1047 1159 1103 Ἀβίσαρος
1197 1052 1307 1093 Suid.
1341 1048 1553 1103 Ἀσίναρος

85 1117 264 1168 Thucyd.
294 1118 558 1170 Μεμβλίαρος
587 1117 735 1159 Herod.
791 1118 955 1169 Eorum,
988 1128 1092 1168 quae
1122 1117 1293 1168 produci
1324 1119 1391 1170 ait,
1423 1119 1552 1169 primo

82 1183 379 1235 Lexieograplii
417 1185 549 1224 nostri
586 1184 707 1235 alpha
745 1183 868 1223 breve
899 1182 1077 1222 tribuunt
1116 1183 1257 1222 nescio
1289 1194 1369 1235 quo
1402 1183 1552 1223 indicio

82 1249 244 1288 10011.12
298 1248 555 1289 Herodianus
587 1253 697 1289 certe
727 1247 958 1288 indifferens
990 1259 1085 1288 0550
1115 1248 1314 1299 significat
1354 1254 1395 1289 01
1429 1249 1554 1289 Αἴσα-

82 1327 154 1364 ρος
183 1313 289 1366 apud
320 1314 520 1365 Lycoplir.
553 1319 592 1354 et
624 1313 736 1355 Oviil.
768 1313 1029 1364 penultimam
1059 1314 1223 1354 brevem
1264 1314 1408 1367 habet,
1450 1326 1553 1366 pro-

82 1378 240 1419 ducitur
269 1389 367 1418 vero
398 1390 422 1418 a
454 1380 622 1421 Theocr.
654 1384 693 1419 01
723 1379 891 1430 Dionys.
922 1379 1008 1420 Per.
1041 1379 1114 1419 sed
1144 1380 1184 1419 10
1218 1380 1397 1430 genitivo
1428 1379 1549 1420 modo

80 1449 124 1484 ut
154 1455 243 1484 cum
273 1444 480 1485 homerico
511 1441 668 1484 Αἰόλου
697 1445 926 1496 comparari
962 1445 1110 1496 possit.
1174 1446 1358 1497 Πίναρος
1400 1446 1441 1485 10
1470 1445 1552 1486 Pa·-

79 1509 262 1560 nyasidis
291 1521 415 1550 versu
445 1522 507 1562 ap.
540 1510 679 1562 Steph.
712 1522 744 1551 s.
785 1510 955 1563 Τρεμίλη
986 1511 1105 1551 facile
1137 1510 1186 1551 ad
1218 1511 1458 1551 brevitatem
1482 1522 1552 1551 re-

82 1574 160 1626 digi
191 1579 342 1627 potest,
374 1578 489 1627 cujus
524 1581 652 1617 testes
687 1580 781 1616 sunt
810 1576 1055 1629 Dionysius,
1086 1577 1322 1617 Priscianus
1354 1582 1393 1617 et
1423 1578 1552 1617 Avie—

80 1651 169 1680 nus.
231 1638 423 1690 Φλύαρος
453 1642 637 1681 vocalem
669 1642 886 1692 ancipitem
916 1641 1067 1681 habere
1099 1641 1195 1681 dicit
1223 1654 1263 1681 π.
1283 1644 1398 1681 Μον.
1420 1654 1456 1693 p.
1484 1642 1548 1682 21.

82 1705 284 1757 adjectiva
315 1712 447 1746 autem
481 1710 661 1755 oxytona
690 1706 853 1746 brevem
884 1711 1048 1757 praeter
1077 1701 1248 1756 ἀνιαρός
1277 1705 1326 1746 de
1355 1706 1548 1746 Dicliron.

81 1772 171 1812 290.
211 1772 269 1811 Ex
302 1772 580 1823 comparativo
612 1768 934 1823 κοπιαρώτερας,
979 1782 1058 1823 quo
1090 1770 1338 1811 Aristoteles
1370 1775 1409 1811 01
1441 1771 1551 1811 Τ110-

83 1837 302 1888 oplirastus
333 1838 395 1877 usi
427 1841 533 1888 sunt⁷
564 1841 735 1887 apparet
765 1848 869 1888 quae
893 1838 1011 1877 suerit
1041 1836 1207 1888 positivi
1239 1847 1442 1888 mensura,
1475 1847 1550 1876 cu-

76 1905 145 1954 jus
177 1913 421 1954 sponsorem
462 1902 611 1941 nullum
641 1902 859 1955 habemus,
889 1913 1020 1954 neque
1052 1906 1263 1942 accentum
1295 1903 1549 1942 constituere

80 1979 312 2019 possumus.
372 1967 535 2007 Novitia
564 1972 658 2007 50111
687 1970 890 2019 γωνίαρος
920 1968 1015 2008 Hes.
1049 1979 1080 2008 s.
1113 1967 1354 2019 Κεφαλῆται
1387 1971 1426 2007 01
1456 1962 1548 2007 ἁλί-

79 2047 178 2084 αρος
206 2030 322 2072 ἅλατι
351 2027 575 2085 ἠρτυμένος
603 2033 716 2073 Ε1151.
750 2033 884 2085 alpha,
915 2038 957 2073 ut
986 2044 1076 2073 mea
1106 2033 1311 2073 sententia
1342 2036 1417 2085 cst,
1444 2043 1548 2084 pro-

80 2099 226 2149 111101ος
256 2110 388 2150 neque
417 2098 534 2138 aliter
564 2099 911 2150 pronunciandum
943 2103 1039 2150 puto
1082 2094 1239 2148 ὠταρός
1277 2098 1548 2137 αανὶσηίοεαε

81 2164 214 2205 61055.
247 2163 431 2205 Graecol.
461 2160 656 2215 μαλιαρός
685 2164 857 2203 villosus
888 2164 951 2204 Du
973 2163 1095 2214 Cang.
1129 2163 1288 2214 aliaque
1309 2162 1548 2202 attributio-

79 2242 171 2271 num
201 2230 402 2270 vocabula
432 2240 535 2281 quae
565 2229 605 2269 in
635 2229 893 2271 monimentis
924 2228 1079 2269 mediae
1112 2228 1354 2270 Graecitatis
1388 2228 1550 2280 reperi-

171 2417 228 2457 11]
262 2415 335 2449 lIoc
365 2421 479 2450 tamen
517 2416 744 2458 compositum
775 2415 883 2451 videri
918 2417 1033 2458 potest
1057 2424 1123 2449 non
1150 2424 1192 2450 ex
1224 2414 1426 2457 καλλίερος,
1455 2413 1548 2457 quod

80 2469 282 2505 Welckerus
308 2470 350 2505 de
377 2471 469 2514 (Lycl.
496 2470 594 2514 Epic.
622 2481 654 2513 p.
681 2470 756 2506 362.
785 2470 879 2504 finxit
903 2480 1070 2513 nusquam
1098 2471 1245 2510 lectum,
1279 2469 1340 2504 sed
1369 2469 1409 2503 ab
1435 2467 1548 2511 ἀροῦν

80 2528 116 2558 ut
139 2524 333 2568 Stephanus
358 2526 518 2561 ostendit.
565 2524 747 2569 Πολύηρος
770 2525 1016 2570 πολυάροιτρος
1038 2525 1232 2568 Hesychius
1258 2524 1355 2559 all'ert
1382 2533 1424 2559 ex
1444 2526 1548 2567 poeta

80 2581 205 2620 100110,
230 2589 319 2615 reor.

169 2636 225 2677 12)
250 2635 418 2669 Lucilium
443 2636 605 2678 anyarius
621 2636 806 2679 scripsisse
829 2646 888 2679 pro
911 2637 1083 2680 ι’ίγγαρος,
1107 2638 1238 2671 temere
1259 2636 1294 2669 01
1310 2633 1401 2668 nulla
1416 2633 1550 2667 ratione

80 2690 256 2724 affirmant.

124 2756 263 2788 [Λύκε-λ.
287 2757 466 2795 Paeliolng.
1229 2745 1277 2786 17
