1699 3021
352 167 418 207 DE
450 165 571 207 MUT.
605 164 813 206 TERMIN.
848 163 1046 207 CAUSIS‚
1086 165 1191 208 C.11.
1231 171 1269 215 §.
1290 168 1325 209 7.
1502 169 1560 212 35

89 274 298 330 Ζάτραινα,
328 277 539 328 μοίχαινα,
571 270 808 328 ἡμιθέαινα,
840 284 1010 325 quorum
1041 274 1192 314 nullum
1223 287 1349 328 supra
1377 277 1561 319 Alexan·-

89 342 296 384 drinorum
327 347 502 382 aetatem
532 343 662 392 repeti
692 345 844 392 potest.
900 340 937 380 A
966 341 1198 381 nominihus
1241 342 1385 381 tertiae
1420 339 1560 394 ὕαινα,

87 406 288 462 ῥύγχαινα
317 409 477 448 nasuta
508 405 643 446 Gloss.
672 402 935 455 σκυλάταινα,
963 403 1207 457 κηρύκαινα,
1238 404 1455 458 Δύμαινα,
1487 408 1561 449 sed

88 486 163 527 pro
196 471 393 515 Σέλαιναι
427 469 631 524 λαμπάδες
669 472 763 512 Hes.
802 476 913 512 recte
951 468 1116 511 σελαναι
1156 472 1351 513 scribunl.
1408 475 1445 513 A
1482 484 1561 514 nu—

88 540 230 581 merali
260 551 381 580 unum
411 539 581 591 τρίαινα,
614 536 722 589 qnod
752 537 991 577 Eustathius
1025 537 1141 590 1599,
1161 538 1225 578 40.
1256 549 1337 578 non
1357 542 1468 578 recte
1497 538 1562 578 di-

89 607 143 646 cit
173 601 249 659 οὐχ
279 603 354 659 ὅλῃ
384 601 602 659 διφθόγγῳ
632 599 938 654 ἕτεροιούμενον
966 598 1070 654 πρὸς
1097 599 1144 643 τὸ
1168 600 1440 655 πρωτότυπον
1459 597 1562 644 ἀλλὰ

86 668 200 727 μόνῳ
218 669 405 726 διχρόνῳ,
437 681 528 710 113111
559 680 639 709 vox
670 669 758 709 sine
789 667 910 708 dubio
941 673 1103 709 constat
1133 680 1183 709 ex
1206 669 1270 722 τρί
1288 683 1450 709 -αινα.
1497 670 1560 710 Ab

86 737 293 777 inusitatis
335 737 521 777 thematis
561 731 753 788 φαγεὸών
792 738 831 774 ct
860 732 1056 786 φλυκτών
1085 735 1177 786 (pro
1210 746 1290 787 quo
1322 735 1492 787 φλυκτίς
1521 739 1562 775 et

86 797 335 854 ὀλοφυγδιόν
363 806 530 853 recepta
560 802 672 852 sunt)
704 796 933 852 φαγέδαινα
959 805 998 840 ct
1017 798 1259 853 φλύκταινα.
1317 802 1418 841 Sunt
1439 801 1561 841 etiam

85 878 190 919 quae
221 867 371 918 duplici
400 867 465 906 via
495 866 669 907 derivari
700 866 875 919 possint,
908 864 1128 906 Γνάθαινα
1159 879 1182 906 3
1201 864 1360 919 γνάθος
1386 870 1426 906 et
1454 862 1562 906 Γνά-

83 935 190 982 θων,
228 929 448 983 Τρύφαινα
479 944 502 972 a
526 928 663 983 τρυφή
696 936 735 971 et
765 928 961 984 Τρύφων,
982 929 1179 972 ’Ἀλκαινα
1203 944 1283 972 11113
1304 943 1354 972 ex
1374 933 1560 972 Actaeo-

82 999 146 1039 nis
179 997 348 1038 canibus
389 997 526 1038 Schol.
564 997 609 1037 Il.
646 997 764 1037 XXII.
797 997 860 1037 29.
905 1009 1023 1048 quam
1066 996 1233 1038 Ovidius
1270 997 1399 1037 Alcen
1438 1000 1561 1037 vocat

84 1064 178 1105 Met.
208 1063 271 1104 III.
302 1062 393 1103 217.
433 1061 483 1102 31)
512 1057 675 1101 ’Ἄλκων
716 1066 755 1102 et
790 1057 977 1115 'Amjss'r
1035 1058 1211 1102 ’'Auatvoc
1249 1061 1423 1114 denique
1462 1062 1560 1102 lati-

84 1140 258 1181 numque
298 1139 401 1168 acna
439 1128 474 1168 si
514 1138 602 1167 cum
633 1123 826 1179 φώκαινα
856 1138 1164 1180 comparamus,
1205 1127 1255 1167 ab
1286 1122 1365 1180 ἀκή
1397 1127 1559 1168 ductum

83 1195 253 1247 videtur,
283 1194 348 1235 sin
375 1197 508 1233 autem
537 1203 627 1232 cum
655 1188 808 1243 λέαινα,
843 1192 893 1232 31)
925 1189 1051 1242 ἄκων,
1082 1204 1215 1245 neque
1245 1193 1439 1233 abhorret
1471 1197 1558 1233 ter-

83 1261 139 1300 tia
167 1260 286 1310 ratio,
318 1259 367 1299 ab
399 1256 551 1306 ἄκανος
581 1259 768 1298 extitisse
799 1254 950 1298 ἄκαινα
979 1257 1166 1298 adsumto
1198 1259 1284 1298 iota
1313 1262 1356 1298 ut
1386 1269 1410 1297 a
1437 1257 1559 1310 χίμα-

81 1339 153 1377 ρος
180 1324 355 1377 χίμαιρα.
423 1324 505 1365 Sed
534 1324 644 1364 nullo
676 1323 798 1364 modo
838 1336 861 1364 a
890 1324 1017 1363 καίνω
1047 1328 1089 1363 ut
1119 1324 1160 1363 in
1188 1323 1274 1364 EM.
1304 1323 1369 1376 44,
1400 1323 1436 1364 2.
1470 1328 1558 1364 tra-

82 1391 200 1443 ditur,
231 1392 309 1431 etsi
339 1389 465 1430 verba
495 1400 657 1441 quoque
688 1400 978 1441 nonnunquam
996 1388 1193 1440 fingendis
1217 1389 1449 1429 nominibus
1469 1399 1559 1429 ma-

82 1456 225 1496 teriam
256 1455 503 1507 praebuere:
538 1451 669 1505 ὤςπερ
700 1449 781 1494 ἀπὸ
810 1455 887 1495 τοῦ
915 1450 1053 1507 ἆρὺτω
1084 1455 1236 1507 γίνεται
1265 1449 1467 1507 ἀρύταινα
1489 1452 1560 1494 καὶ

81 1521 209 1574 βαίνω
240 1516 501 1574 ἀμφίςβαινα,
533 1516 644 1560 οὕτω
673 1517 852 1570 δεσπόζω
883 1517 1124 1571 δεσπόζαινα
1151 1518 1221 1561 καὶ
1247 1516 1442 1560 δέσποινα
1470 1520 1556 1562 ΕΜ.

81 1587 175 1641 258,
199 1587 263 1628 22.
301 1586 411 1639 quod
449 1591 489 1626 et
527 1590 697 1638 propter
728 1587 970 1637 synaeresin
1005 1586 1244 1627 incredibile
1284 1590 1348 1626 est
1385 1590 1424 1626 et
1463 1586 1559 1639 quia

80 1653 207 1695 verba
243 1653 283 1692 in
313 1643 373 1702 ζῖ
397 1662 601 1704 pararoga
630 1651 727 1691 nihil
756 1650 988 1703 hujusmodi
1020 1664 1070 1693 ex
1100 1664 1146 1693 se
1181 1652 1440 1703 propignunt.
1498 1651 1559 1693 De

81 1715 282 1772 ἀρύταινα
312 1719 590 1758 consentimus
621 1717 855 1769 pariterque
893 1714 1035 1766 ὄζαινα
1068 1722 1107 1757 et
1139 1714 1366 1770 γάγγραινα
1397 1717 1446 1757 ab
1477 1713 1556 1766 ὄζω

82 1790 122 1826 et
156 1784 310 1837 γραίνω
340 1783 542 1823 declinata
573 1782 827 1834 putamus-“³⁵
879 1779 1148 1835 Ἀμφίςβαινα
1177 1794 1298 1834 vero,
1351 1781 1459 1833 quod
1490 1782 1557 1822 ille

83 1860 107 1891 a
144 1849 269 1890 verbo
310 1849 478 1901 repetit,
522 1848 693 1888 vicinius
726 1848 860 1888 thema
889 1848 1040 1889 habere
1070 1847 1229 1888 videtur
1259 1843 1463 1900 ἀμφιςβάς
1491 1847 1556 1888 vel

80 1911 312 1969 ἀμφισβών,
345 1925 463 1966 quam
494 1915 534 1953 in
566 1914 799 1965 opinionem
829 1926 891 1954 me
920 1914 1077 1954 induxit
1106 1925 1180 1965 par
1210 1912 1454 1953 simillimum
1485 1909 1557 1965 ἄμ-

80 1983 204 2036 βαινα
231 1977 483 2033 ἄναὸενδράς
510 1979 605 2020 Hes.
642 1983 681 2019 el
721 1975 927 2032 ἅμβων.3“
977 1976 1244 2031 Σκοτόμαινα
1273 1990 1297 2019 a
1323 1979 1555 2031 μαίνεσθαι,

165 2146 224 2189 34)
257 2145 385 2180 Servae
411 2153 537 2178 nomen
564 2146 618 2178 est
645 2146 817 2186 oxytonon
843 2153 896 2186 ap.
921 2144 1046 2188 Lysian
1077 2155 1107 2178 v.
1133 2144 1252 2180 Lelirs.
1284 2143 1327 2178 de
1353 2142 1455 2178 Arist.
1479 2143 1557 2179 299.

80 2202 167 2237 Alce
201 2202 295 2235 canis
330 2199 461 2234 Colum.
496 2198 539 2234 de
571 2198 636 2232 ΒΗ.
662 2198 734 2233 VII.
768 2199 819 2242 12,
845 2199 896 2234 13.
938 2201 1071 2233 Θέιιινα
1099 2209 1238 2244 quoque
1264 2198 1307 2233 ad
1334 2199 1430 2232 θέων
1452 2198 1558 2234 refert

80 2256 154 2292 EM.
179 2257 256 2299 444,
283 2256 333 2291 11.
361 2254 425 2290 sed
452 2253 549 2288 salso.

168 2322 229 2365 35]
261 2319 442 2364 Φάγουσα
466 2318 676 2364 γάγγραινα
693 2320 746 2354 Du
757 2319 861 2363 Cang.
879 2323 1046 2364 Γραίνειν
1068 2319 1205 2352 ἐσθίειν
1222 2318 1371 2361 Hesych.
1409 2318 1446 2353 In
1464 2318 1555 2353 Era-

81 2377 183 2412 tosth.
210 2375 412 2411 Bernhardii
442 2386 475 2419 p.
502 2376 575 2412 158.
609 2376 647 2407 αἱ
672 2375 710 2408 δὲ
739 2375 904 2408 πελιδναὶ
939 2375 1140 2412 ῑιυθεδόνες
1170 2374 1380 2419 γάστρηναν
1411 2371 1553 2418 ὑπέτρε-

82 2444 156 2477 φον
194 2431 321 2464 οὔλοον
358 2431 468 2469 ἕλκος,
502 2432 622 2466 nescio
662 2440 703 2465 an
737 2430 957 2466 scribendum
990 2433 1034 2466 sit
1065 2430 1297 2475 γάγγραιναν
1327 2428 1413 2472 (pro
1445 2429 1483 2461 αἱ
1516 2428 1555 2462 δὲ

81 2487 208 2524 Bernh.
234 2486 411 2521 substituit
434 2489 538 2522 tacite
564 2485 680 2529 οὐδέ).

169 2547 230 2589 36)
256 2547 445 2589 Ἀμβωνας
476 2548 510 2580 οἱ
542 2547 710 2584 Ἀττικοί,
738 2547 857 2582 Ἴωνες
887 2545 925 2578 δὲ
955 2547 1075 2588 ιῖμβας
1102 2545 1221 2579 Galen.
1249 2543 1378 2578 Comm.
1405 2545 1431 2579 I.
1458 2545 1491 2578 in
1517 2544 1554 2578 L.

83 2603 127 2638 de
152 2603 279 2643 Attice.
306 2601 389 2636 XIX.
416 2603 491 2638 340.
520 2602 554 2637 Τ.
581 2601 700 2636 XVIII.
725 2601 761 2635 Ρ.
780 2601 805 2635 1.
862 2600 901 2635 L't
926 2610 945 2634 a
972 2599 1068 2632 κλιξω
1094 2598 1260 2642 (κλάδος)
1286 2599 1390 2643 κλιόν,
1430 2601 1481 2634 Sic
1513 2599 1554 2634 ab

82 2656 232 2700 ἀναβάω
259 2657 388 2699 (ἷμβων
413 2653 491 2690 οἷον
515 2656 662 2700 ἀναβών
686 2655 784 2699 παρὰ
812 2655 848 2688 τὸ
874 2656 1085 2698 ἀναβαίνειν
1114 2653 1187 2688 ΕΜ.
1213 2655 1268 2697 81,
1295 2656 1327 2690 7.
1359 2656 1415 2689 cui
1441 2664 1555 2698 appo-

83 2714 149 2747 sita
180 2716 257 2747 sunt
290 2711 451 2747 feminina
488 2710 679 2753 ὀπισαμβώ
705 2714 738 2746 et
764 2711 861 2753 ἄμβη
891 2706 969 2742 οἷον
993 2709 1108 2752 ἀναβή
1133 2722 1183 2746 τις
1209 2705 1309 2742 οὖσα.
1359 2710 1411 2744 Ilii
1436 2711 1555 2746 nescio
