1731 3021
177 158 205 199 6
662 156 1093 200 DISSERTATIO
1139 159 1165 200 Ι.

178 266 303 317 μοῖρα
342 259 398 312 ὦς
426 260 450 305 ὁ
478 260 607 313 πύλος
645 261 726 306 ἀπὸ
754 267 826 319 τῆς
854 264 1004 320 πύλης,
1046 278 1276 320 quanquam
1305 267 1384 310 hoc
1416 268 1508 311 Soh.
1538 269 1581 312 ll.
1611 271 1656 313 V.

180 329 272 370 397.
303 331 561 382 metaplastis
590 331 847 386 adnumerat,
878 344 982 385 quae
1013 345 1036 374 a
1064 333 1447 385 parascliematistis
1479 336 1659 378 secernit

180 395 266 437 EM.
297 396 389 449 572,
418 396 483 437 23.
512 393 560 436 τὸ
588 393 803 449 οὐδέτερον
830 395 873 438 ἐν
900 399 1274 453 παρασχηματισμῷ
1306 394 1329 438 ὁ
1357 396 1480 447 καλός
1509 396 1557 440 τὸ
1587 415 1658 441 κα-

181 458 269 512 λόν,
307 459 371 502 διὸ
402 460 470 503 καὶ
497 458 573 515 τὴν
602 459 770 504 εὐθεῖαν
798 465 881 504 τῶν
908 465 1202 518 πληθυντικῶν
1228 460 1279 503 τὰ
1308 462 1413 505 καλὰ
1443 460 1495 505 οὐ
1524 463 1660 519 φαμὲν

181 525 481 581 μεταπλασμόν,
512 524 559 568 τὸ
587 525 629 568 δὲ
656 527 784 582 λύχνα
807 528 873 570 καὶ
903 528 1102 571 δάκτυλα·
1133 525 1184 570 οὐ
1214 526 1293 581 γάρ
1323 527 1406 570 ἐστι
1434 526 1481 571 τὸ
1507 528 1662 583 λύχνον

185 597 261 635 etc.
331 594 651 636 Choeroboseus
696 595 822 636 Bekk.
864 608 902 648 p.
942 597 1058 638 1308.
1089 597 1126 637 h.
1173 592 1195 636 ὁ
1234 593 1381 643 σκότος
1416 592 1463 636 τὸ
1501 595 1659 649 σκότος,

186 655 209 699 ὅ
245 657 401 714 ἔλεγχος
445 656 492 700 τὸ
539 657 717 713 ἔλεγχος,
772 657 794 701 ὁ
833 659 995 714 τάριχος
1028 658 1074 702 τὸ
1110 658 1273 714 τάριχος
1313 655 1393 702 οὐκ
1431 659 1514 702 ἔστι
1557 661 1663 704 κατὰ

184 722 576 780 παρασχηματισμόν
604 723 706 767 ἀλλὰ
744 723 848 768 κατὰ
875 723 1102 780 μεταβολὴν
1129 724 1285 780 γένους.
1305 727 1325 752 4
1381 727 1511 769 Nobis
1541 729 1664 780 igitur

186 804 307 845 quum
337 794 438 833 haec
467 797 649 833 veterum
679 794 958 832 inconstantia
982 793 1213 833 libertatem
1237 792 1527 844 optionemque
1549 793 1664 835 daret

186 858 360 910 eligendi
383 856 492 910 quod
512 858 720 910 vellemus,
751 858 1132 909 paraschematismi
1153 868 1302 897 nomen
1323 858 1579 908 aptissimum
1598 859 1663 900 vi-

186 935 276 965 sum
307 923 357 964 ad
388 923 676 974 significandas
707 925 914 963 nominum
953 926 1266 975 conjugatorum
1296 923 1543 964 mutationes
1575 925 1663 964 sor-

185 989 336 1043 males,
378 989 457 1030 hoc
497 993 560 1028 est
591 1000 662 1029 eas
694 989 839 1040 quibus
871 989 1037 1029 schema
1066 993 1264 1041 mutatur,
1310 988 1542 1029 intellectus
1580 1001 1665 1030 non

184 1055 293 1096 item.
345 1055 524 1095 Mutatur
555 1059 689 1095 autem
719 1055 900 1111 motione
932 1058 970 1093 et
1002 1053 1359 1107 denominatione,
1398 1065 1567 1106 quarum
1596 1055 1667 1096 illa

187 1119 289 1161 duas
319 1120 442 1160 habet
473 1120 649 1173 species,
678 1112 1037 1171 unainssexualem
1064 1131 1144 1171 qua
1169 1132 1243 1171 pro
1271 1117 1418 1172 θήλεια
1440 1118 1538 1167 θεός
1561 1120 1666 1161 dici-

189 1189 252 1226 tur
276 1181 354 1224 θέα
376 1185 441 1225 vel
458 1183 627 1239 θέαινα,
659 1185 827 1242 alteram
852 1185 1137 1225 deininutivam
1161 1190 1199 1225 et
1224 1186 1344 1238 quasi,
1367 1185 1666 1241 deminutivam,

189 1253 306 1303 cujus
348 1251 558 1302 specimen
599 1256 663 1291 est
691 1251 905 1299 παιὸίσκος
934 1263 1008 1303 pro
1036 1256 1131 1298 παῖς
1159 1247 1323 1304 μικρός,
1372 1251 1552 1292 oleaster
1589 1262 1664 1303 pro

189 1316 282 1357 olea
312 1317 512 1368 agrestis3
544 1316 645 1356 haec
676 1317 780 1357 enim
811 1318 1004 1357 motionis
1035 1322 1135 1357 nota
1165 1318 1334 1369 propria
1365 1321 1428 1359 est
1453 1317 1562 1369 quod
1589 1318 1668 1359 ad-
1730 1326 1731 1347 ³

182 1383 430 1434 jectivorum
455 1383 567 1422 vices
591 1383 727 1434 explet
750 1387 802 1436 et,
833 1383 1038 1434 quomodo
1071 1383 1172 1423 haec
1203 1384 1261 1423 rei
1290 1384 1533 1434 suppositae
1561 1395 1668 1436 qua—
1730 1399 1731 1412 ¹

186 1448 342 1490 litatem
382 1448 652 1489 determinant
694 1450 785 1488 sesne
825 1451 1118 1489 consmntione
1158 1448 1431 1490 substantiae
1469 1449 1666 1491 Priscian.

186 1514 234 1556 II.
264 1515 302 1568 5,
332 1514 395 1555 25.
433 1515 491 1556 ita
520 1514 715 1554 motionis
747 1514 901 1556 formae
944 1514 1044 1554 nihil
1075 1513 1183 1554 aliud
1213 1515 1292 1555 nisi
1323 1512 1521 1565 quasdam
1551 1517 1667 1566 ejus-

189 1579 279 1620 dem
311 1580 486 1632 subjecti
516 1579 822 1621 vicissitudines
853 1579 1146 1621 demonstrant.
1204 1579 1490 1637 Deuominatio
1519 1579 1669 1632 duplex

189 1650 266 1699 est,
296 1657 378 1686 una
408 1645 712 1696 transgressiva
747 1657 770 1685 a
800 1645 974 1685 diversis
1005 1646 1191 1696 partibus
1212 1635 1437 1697 orationis,
1468 1656 1587 1696 quam
1617 1647 1668 1687 ab

188 1710 265 1751 hac
288 1711 567 1763 disputatione
591 1713 818 1761 sejunctam
837 1711 1057 1761 habemus,
1089 1712 1219 1750 altera
1238 1711 1498 1750 intransitiva
1517 1712 1567 1751 ab
1592 1712 1671 1752 iis-

190 1775 301 1828 dem,
356 1775 466 1828 quod
511 1786 642 1827 genus
696 1776 746 1816 ab
785 1787 865 1815 una
903 1787 1007 1816 voce
1045 1772 1226 1834 ἄκανθα-
1251 1777 1339 1816 avis
1387 1775 1670 1818 denominatur

190 1836 367 1889 ἀκανθίς
406 1842 493 1883 sive
524 1837 772 1892 ἀκανθυλίς,
814 1845 853 1882 et
882 1828 1398 1893 quadrupe‘s'ffi'aiiffiiff
1422 1845 1503 1882 tum
1541 1844 1669 1894 piscis

190 1907 412 1959 plantaque
444 1912 483 1947 et
514 1907 656 1947 cicada
686 1903 914 1954 ἀκανθίας,
947 1918 1051 1958 quae
1084 1918 1167 1946 non
1196 1907 1360 1956 generis
1391 1911 1430 1946 et
1460 1919 1598 1962 sexus,
1626 1913 1670 1949 ut

190 1974 355 2014 nomina
386 1978 509 2027 mota,
539 1972 819 2017 diversitatem
849 1971 924 2015 sed
950 1972 1071 2024 plane
1093 1971 1201 2013 aliud
1224 1976 1346 2023 atque
1368 1972 1571 2023 primitiva
1588 1985 1670 2016 vox

189 2143 313 2177 λοῦται
336 2144 411 2178 ΕΜ.
433 2144 508 2187 429,
529 2144 583 2179 35.
613 2143 676 2178 sed
708 2142 777 2176 hoc
808 2150 948 2186 quoque
978 2139 1122 2175 verbum
1153 2140 1256 2174 latius
1284 2143 1397 2184 patet:
1443 2138 1487 2173 τὰ
1520 2141 1667 2187 τριγενῆ

191 2199 242 2235 εἷς
265 2199 309 2232 τὰ
334 2201 418 2243 γένη
445 2201 506 2232 καὶ
532 2199 613 2235 τοὺς
638 2197 820 2245 ἀριθμοὺς
843 2198 904 2230 καὶ
928 2196 991 2233 τὰς
1013 2195 1164 2232 πτώσεις
1185 2197 1538 2239 μετασχηματίζεται
1561 2197 1666 2241 Apol.

191 2253 259 2288 lon.
293 2254 336 2289 de
362 2254 461 2288 Pron.
488 2265 521 2298 p.
553 2254 625 2290 134.
663 2253 820 2287 Ammon.
849 2252 892 2287 ad
915 2252 1021 2286 Arist.
1047 2263 1084 2283 π.
1107 2248 1216 2295 ‘Epa
1242 2260 1275 2294 p.
1303 2250 1354 2285 19.
1377 2253 1443 2286 etc.

278 2325 316 2369 4)
358 2326 504 2361 Diversa
537 2325 675 2369 copulat
707 2325 824 2359 Schol.
861 2323 924 2358 Od.
957 2323 996 2358 V.
1033 2323 1110 2358 281.
1146 2320 1267 2367 ἐρινόν
1302 2322 1543 2368 Ἀρίσταρχος
1584 2323 1666 2356 ἀντὶ

190 2380 254 2413 τοῦ
278 2380 395 2425 ἕρινός
420 2380 512 2414 κατὰ
536 2380 742 2424 μεταβολὴν
765 2380 828 2413 τοῦ
853 2381 980 2424 γένους
1004 2376 1049 2415 ὡς
1071 2377 1202 2421 δίφρος
1221 2377 1348 2422 δίᾳρα,
1382 2382 1416 2413 et
1434 2378 1551 2413 Schol.
1572 2378 1612 2413 ll.
1637 2379 1664 2414 I.

190 2437 268 2473 312.
295 2437 448 2469 κέλευθα
471 2436 653 2481 μεταβολὴ
671 2437 796 2480 γένους
822 2433 867 2471 ὡς
890 2434 929 2467 τὸ
953 2433 1134 2479 τράχηλιι,
1165 2431 1300 2476 λύχνα,
1330 2432 1465 2477 δίφρα,
1501 2432 1665 2478 ἐρετμόν.

190 2492 276 2527 Nam
303 2492 386 2535 hoc,
423 2494 505 2538 quia
538 2493 572 2525 in
598 2492 763 2535 singulari
790 2494 959 2535 reperitur
988 2498 1149 2531 numero,
1183 2488 1502 2532 paraschematistis
1529 2488 1666 2523 adscri-
1730 2522 1731 2526 ,

191 2547 342 2582 bendum
368 2550 438 2590 est,
470 2551 507 2581 ut
531 2546 547 2580 ὁ
574 2547 692 2592 θύμος
714 2547 753 2580 τὸ
778 2545 913 2591 θύμον,
947 2542 964 2578 ὃ
990 2543 1182 2590 μάργαρος
1206 2542 1243 2575 τὸ
1268 2543 1475 2590 μάργαρον,
1510 2541 1528 2576 ὁ
1554 2545 1664 2588 κρῆθ-
1717 2555 1720 2590 :³

189 2616 260 2647 μος
282 2602 321 2636 τὸ
346 2603 532 2646 κρῆθιιιον,
572 2601 588 2636 ὃ
614 2605 716 2639 πίσος
740 2601 778 2635 τὸ
804 2604 910 2634 πίσον
935 2603 1002 2636 etc.
1039 2600 1103 2634 sed
1128 2598 1264 2644 δίφρα,
1293 2598 1375 2645 ῥινά
1404 2602 1471 2634 etc.
1510 2598 1665 2634 desecti·
1730 2622 1731 2626 =

190 2660 255 2692 vis.
312 2658 364 2691 Ab
394 2659 547 2701 utrisque
573 2658 685 2694 ‹lillert
710 2668 752 2695 ea
777 2658 915 2702 generis
940 2655 1113 2692 metabole
1141 2664 1208 2702 qua
1233 2657 1429 2691 terminatio
1456 2663 1524 2689 11011
1548 2659 1664 2692 mutas
1729 2677 1731 2684 ‹

191 2717 263 2751 tur:
301 2712 445 2751 σκότος,
472 2712 630 2760 τάριχος,

1710 2765 1730 3021 Ϊ,
