1747 3005
91 173 158 214 DE
188 171 421 213 VICISSIT.
457 171 735 213 TERMINAT.
767 187 826 222 ας,
853 187 899 222 ις,
931 185 1006 222 ιας,
1030 174 1126 222 αζω,
1152 175 1258 222 ιαζω.
1291 178 1329 221 §.
1359 173 1395 215 3.
1443 173 1535 216 443

60 281 217 323 eundae
260 278 417 334 βλιτάς,
464 279 654 333 δενδράς,
701 279 868 331 ἰονθάςς,
909 279 1083 331 κυκλάς,
1129 279 1276 334 μιμάς,
1316 279 1461 331 σπιλάς
1498 295 1534 324 v.

60 345 293 388 Schneider.
325 346 376 387 ad
407 347 607 399 Theophr.
640 346 682 387 T.
714 347 776 388 IV.
809 347 897 389 122.
927 343 1102 399 στοιχοὲς,
1133 343 1294 399 φοιβάς.
1353 347 1389 387 Α
1418 349 1532 400 puris

56 412 268 464 utriusque
298 408 443 459 ἓστιάς,
471 409 633 464 μανιάς,
665 410 858 462 σποδιάς,
898 408 1144 464 ἀσκληπιάς,
1187 408 1326 465 ἡλιάς,
1365 410 1532 467 κλισιάς,

57 472 210 529 ὀργιάς,
240 474 391 528 πεδιάς,
423 473 674 530 ὀροδεμνιάς.
731 480 767 518 A
798 479 915 519 tertia
946 474 1079 530 αἱμάς,
1111 474 1261 530 δρυάς,
1292 475 1432 529 κυνάς,
1462 493 1534 519 πο-

59 539 159 596 λιάς,
184 540 332 595 ῥωγάς,
364 555 387 583 a
416 544 573 584 neutris
603 540 722 591 λιπάς
751 541 864 595 ὄρνις
892 539 917 596 ἡ
947 539 1126 595 λιπώδης
1157 542 1325 594 Gregor.
1365 543 1414 584 de
1443 545 1535 585 Me-

62 608 171 648 thod.
201 609 245 648 ΙΙ.
276 620 312 660 p.
346 609 462 650 1126.
494 615 533 649 et
566 609 682 650 1137.
716 609 758 649 Τ.
792 609 871 650 VH.
902 609 942 650 P.
973 609 1018 650 ΙΙ.
1047 604 1180 659 κυμάς
1209 602 1234 660 ἡ
1264 604 1408 659 ἔγκυος
1436 609 1534 649 Hes.

61 676 101 714 et
130 671 251 721 λεπάς
281 685 444 726 quoque
474 674 655 714 nonnulli
687 685 711 714 a
742 679 887 714 neutro
921 673 1164 715 declinatum
1186 676 1342 726 putant.
1361 672 1396 698 13
1453 673 1536 714 Sed

62 739 141 779 boe
165 741 249 790 jam
280 739 330 779 ad
362 740 521 779 tertium
546 750 676 791 genus
707 741 893 792 pertinet.

171 819 209 862 §.
239 813 276 855 3.
332 815 492 855 Etenim
523 815 781 856 substantiva
812 826 974 867 quoque
1006 828 1029 855 a
1067 814 1337 856 substantivis
1377 825 1536 867 propa-

63 883 208 930 gantur
248 880 374 932 (VIII)
415 880 711 930 significatione
752 881 946 933 pleraque
988 880 1140 921 eadem.
1207 880 1332 932 Cujus
1372 882 1535 932 generis

65 942 319 983 Grammatiei
351 945 427 984 tria
457 947 669 996 proferunt
699 948 822 986 Mafa
853 943 1010 995 Ascende,
1041 943 1176 986 πέλεια
1204 943 1372 993 πελειάς,
1398 944 1537 999 ἔθειρα

61 1005 222 1061 ἐθειροὶς
253 1009 389 1050 Schol.
419 1009 462 1050 Il.
492 1010 592 1052 xxi.
623 1012 715 1052 493.
747 1011 949 1051 Choerob.
981 1011 1025 1052 ΙΙ.
1059 1011 1150 1052 253.
1174 1011 1290 1052 Eust.
1323 1011 1440 1065 1799,
1471 1012 1535 1055 26.

64 1084 233 1125 quorum
264 1075 399 1115 nullus
428 1077 607 1117 meminit
641 1077 831 1118 simillimi
861 1074 1041 1128 παρειάς,
1070 1087 1147 1116 nee
1177 1076 1376 1128 probatur
1400 1089 1423 1117 a
1444 1077 1537 1119 Cri-

65 1139 156 1178 tieis
188 1151 222 1179 v.
254 1139 454 1191 Spitzner.
488 1140 657 1182 Observ.
691 1143 741 1183 ad
760 1142 891 1191 Quint.
912 1154 949 1194 p.
972 1142 1063 1183 2³58.
1086 1152 1146 1192 sq.
1179 1141 1258 1182 Sed
1278 1142 1538 1184 inveniuntur

65 1203 201 1255 plura:
242 1199 350 1258 (Ξμνή
390 1201 542 1258 ἀμνάς,
582 1204 678 1260 δέρη
716 1206 869 1260 δειράς,
912 1204 1032 1248 namsi
1066 1203 1235 1256 καλιάς,
1275 1204 1373 1259 {ww}
1404 1205 1538 1262 ζυγάς,

64 1265 142 1321 ροή
183 1267 318 1321 ῥοιᾶς,
338 1271 371 1295 ¹⁴
410 1269 515 1324 ῥαγή
554 1270 703 1324 ῥαγάς,
722 1275 756 1298 ¹⁵
793 1273 918 1325 σηπία
947 1268 1112 1324 σηπιάς,
1142 1267 1250 1324 evm}
1283 1267 1414 1320 ὑννάς
1441 1274 1537 1315 Hes.

65 1334 177 1374 Haee
217 1340 311 1375 sunt
351 1337 504 1387 primae
535 1336 844 1388 deeliiiationis3
875 1336 1080 1377 secundae
1110 1332 1343 1388 ἀνδειράδες
1370 1339 1541 1390 πρασιαί

65 1399 216 1441 Aneed.
245 1399 369 1442 Bekk.
399 1401 490 1443 394.
522 1413 626 1454 quae
656 1403 777 1454 vulgo
810 1400 969 1456 ἄνδηρα
999 1404 1211 1451 vocantur,
1242 1399 1414 1455 βουνιάς
1445 1404 1470 1445 i.
1501 1416 1538 1457 q.

64 1462 248 1519 βούυιον,
278 1463 413 1519 ἐρινάς
442 1472 482 1508 et
512 1463 626 1515 οἰνάς
656 1479 730 1520 pro
761 1465 914 1521 ἐρινὲος
945 1470 985 1508 et
1014 1461 1126 1513 οἶνος
1155 1466 1261 1519 apud
1281 1467 1538 1524 Nicandrum,

67 1531 131 1570 eui
162 1531 346 1584 Scaliger
384 1533 525 1574 dextre
564 1530 672 1581 ἰάδες
711 1535 890 1574 restituit
924 1532 964 1573 id
994 1537 1057 1573 est
1083 1531 1148 1582 ἴα,
1178 1530 1331 1580 κυκλὰς
1360 1530 1540 1588 ἀρκάδος

66 1596 196 1648 κυνῆς
228 1597 422 1649 Sophoel.
456 1610 530 1651 pro
557 1596 709 1647 κύκλος
739 1599 837 1650 (nisi
875 1599 955 1639 hoe
993 1598 1128 1649 ipsum
1171 1597 1357 1652 scripsit)
1396 1599 1541 1649 σπιλάς

68 1661 235 1713 saepius
275 1675 350 1715 pro
394 1667 554 1715 σπίλος,
595 1663 754 1718 συρμάς
793 1676 867 1717 pro
899 1659 1065 1715 συρμός,
1096 1658 1219 1715 ὀρχάς
1247 1662 1416 1716 αἱμασιά
1444 1667 1540 1709 Hes.

70 1738 143 1778 pro
184 1724 304 1780 ὄρχος
346 1741 520 1784 saepes,
559 1734 603 1770 ut
639 1730 809 1771 videtur.
867 1727 976 1769 Idem
1005 1724 1181 1780 Αἰγάδες
1209 1725 1338 1782 αἶγες,
1378 1729 1542 1781 Συάδες

70 1791 114 1831 αἱ
152 1790 245 1841 σύες
279 1791 649 1849 ἐσχηματισμένως,
688 1791 838 1848 Χειμάς
876 1789 1044 1846 χειμών,
1085 1793 1158 1834 Sed
1195 1794 1301 1835 idem
1340 1795 1541 1848 adjective

71 1858 271 1908 signifieat
304 1859 465 1913 ἱμάτιον
492 1859 729 1915 χειμερινόν,
760 1864 804 1901 ut
834 1855 948 1906 οἰνάς
976 1869 1060 1899 non
1089 1859 1211 1901 modo
1234 1861 1369 1902 vinum
1393 1863 1541 1904 vitem-

71 1933 148 1974 que
179 1924 251 1965 sed
283 1931 322 1966 et
351 1929 548 1969 vinosam.
614 1928 700 1969 Nee
741 1926 904 1967 omnino
942 1924 1069 1965 multa
1106 1929 1199 1966 sunt
1236 1936 1340 1978 quae
1379 1938 1542 1981 semper

71 1988 317 2032 substantivi
347 1994 426 2034 vim
458 1995 668 2035 obtineant
698 1998 738 2033 ut
767 1987 953 2038 ἀντιάδες
981 1985 1063 2031 ἀπὸ
1098 1991 1175 2031 τοῦ
1215 1988 1321 2032 κατὰ
1359 1989 1436 2047 τὴν
1477 1993 1542 2034 δι-

165 2157 222 2200 13)
244 2158 355 2196 Ἑῧάς
379 2160 471 2204 quod
497 2160 596 2195 nobis
621 2160 662 2195 ab
689 2160 773 2195 ἔθος
797 2156 1024 2202 repetendum
1045 2155 1180 2191 videtur
1204 2159 1241 2190 ut
1265 2156 1359 2198 ἠθάς
1383 2157 1424 2192 ab
1442 2153 1542 2200 ἦθος,

74 2209 149 2244 ΕΜ.
175 2212 250 2255 629,
285 2215 316 2249 3.
345 2219 505 2259 tanquam
538 2215 679 2251 verbale
715 2214 846 2249 conteri
880 2222 957 2246 cum
984 2210 1105 2256 φυγάς
1130 2215 1164 2247 et
1188 2211 1311 2256 ὀργάς,
1336 2212 1404 2247 hoe
1429 2217 1544 2249 autem

76 2265 117 2300 ab
153 2267 245 2311 ἔργω
270 2273 415 2314 repetit,
451 2273 541 2305 sieut
567 2270 695 2315 Ὀργιὶς
715 2268 851 2310 Ἀθηνᾶ
875 2267 957 2302 Hes.
994 2267 1075 2307 (nisi
1105 2266 1247 2312 Γοργάς
1271 2268 1426 2312 scripsit)
1451 2269 1544 2305 idem

77 2330 156 2357 esse
182 2323 318 2359 videtur
342 2327 434 2369 quod
459 2325 594 2370 ὀργάνη
621 2328 695 2361 sive
720 2323 868 2369 ἕργάιή.

168 2377 225 2421 14)
245 2376 360 2416 Ῥοιὰς
387 2381 560 2414 τοῦ-πύου
584 2384 724 2426 γίνεται
748 2380 842 2414 Aret.
872 2377 950 2412 Cur.
976 2377 1076 2411 Acut.
1103 2378 1146 2412 II.
1173 2378 1205 2420 9,
1230 2377 1307 2414 284.
1337 2376 1354 2418 ἢ
1380 2377 1444 2411 τοῦ
1463 2389 1544 2412 σκυ·

77 2430 188 2471 βάλον
212 2433 314 2477 ῥοαῖς
340 2434 473 2471 Oribas.
502 2437 539 2471 L.
565 2436 677 2471 XLIV.
703 2436 758 2471 62.
786 2434 842 2470 ed.
868 2434 1025 2469 Bussem.
1073 2433 1257 2476 Adjective
1287 2434 1396 2476 magis
1431 2434 1544 2478 ἄμπε-

79 2485 138 2523 λος
166 2492 199 2522 ct
223 2488 352 2531 μήκων
378 2489 465 2533 &mig
489 2501 552 2527 seu
576 2491 679 2536 ῥοιάς
704 2495 772 2527 etc.

171 2544 227 2586 15)
263 2545 336 2579 1100
371 2546 515 2582 sortasse
547 2556 566 2581 a
591 2546 660 2590 ῥάξ
694 2547 885 2582 derivatum
920 2547 973 2580 est
1007 2546 1043 2578 ut
1075 2541 1183 2587 αἶγάς
1208 2542 1248 2577 ab
1276 2543 1347 2581 αἲξ,
1372 2543 1504 2587 κερκιὶς
1527 2554 1548 2579 a

82 2599 183 2641 κρέξ,
219 2600 350 2644 πλιχιὶς
383 2611 401 2635 a
428 2602 506 2639 πλίξ
529 2611 559 2635 v.
588 2602 711 2637 Parall.
742 2601 816 2637 103.
852 2599 990 2644 προκάς
1015 2608 1035 2633 a
1067 2597 1177 2642 πρόξ,
1211 2596 1356 2635 Τιτωκάς
1389 2607 1410 2632 a
1438 2598 1546 2638 πτώξ,

84 2654 201 2691 maxa,-
226 2666 244 2690 a
271 2658 351 2697 ψίξ,
386 2658 577 2693 interventu
609 2657 740 2693 vocalis
772 2656 930 2694 dilatataz,
979 2658 1014 2691 et
1051 2654 1119 2688 hoe
1155 2656 1256 2696 pacto
1295 2653 1399 2689 etiam
1439 2653 1549 2699 νιφάς

86 2719 101 2741 ss
130 2712 203 2743 Vftd').
