1731 3021
140 146 226 190 134
605 141 1040 186 DISSERTATIO
1092 140 1138 183 ΙΙ.

145 252 357 310 φειδωλός,
388 249 556 307 ἁμάρτω
586 249 842 306 ἁμαρτωλός,
889 262 995 304 quae
1026 250 1131 292 alios
1162 262 1187 291 a
1216 250 1363 292 suturis
1393 250 1516 293 ducta
1545 262 1626 304 pu-

148 328 264 364 tasse
300 324 473 375 apparet
511 331 563 360 ex
600 319 687 360 EM.
726 319 820 372 444,
850 318 915 360 22.
954 313 1185 370 ἁμαρτηλός
1222 312 1461 369 ἁμαρτωλός
1495 307 1627 370 τροπῇ

148 385 399 442 φωνήεντος.
456 386 553 426 Mihi
587 385 718 426 omnis
757 384 879 435 etymi
908 382 1140 424 inveniendi
1172 393 1270 434 spes
1302 382 1533 434 abjicienda
1561 382 1627 427 vi-

149 454 278 496 detur.
310 451 454 500 Ἴωλος
473 448 594 505 μέλας
622 452 717 492 Ηεε.
746 451 795 491 ab
826 449 893 491 ἴον
921 449 986 490 vel
1014 445 1075 495 ἰός
1109 459 1260 501 aerugo
1283 447 1520 501 derivatum,
1549 462 1628 502 κη-

150 517 282 568 δωλός
312 519 542 570 ambiguum
573 521 636 557 est
667 516 753 569 sed,
785 516 820 556 si
848 514 1014 556 Arcadii
1045 514 1150 554 ratio
1180 513 1303 567 valet,
1335 525 1358 554 a
1387 514 1514 555 verbo
1547 525 1628 567 po·-

151 588 231 628 tius
263 596 381 637 quam
413 596 436 624 a
465 583 629 624 nomine
665 586 796 634 repeti
834 581 967 622 (lebet.
1028 580 1267 622 Ceterorum
1307 580 1422 632 origo
1462 581 1626 632 ignota:

145 647 323 698 Ἐδωλὸς
350 647 468 702 λόχος
492 647 844 700 Λακεδαιμονίων,
876 645 987 698 quod
1015 645 1122 698 apud
1153 644 1259 685 alios
1287 645 1407 688 aliter
1436 646 1630 689 scribitur

151 730 189 760 v.
221 718 350 769 Popp.
383 715 433 756 ad
464 715 587 756 Thue.
606 714 670 754 IV.
695 713 732 755 8.
763 709 991 760 Κάνόωλος
1021 708 1043 752 ὁ
1061 707 1210 764 λῃστής
1233 710 1486 765 V.Agla0ph.
1511 710 1628 754 1305.

151 783 380 829 Μαίσωλος
408 781 513 831 ζῶον
541 777 586 820 ἐν
613 779 664 833 τῇ
685 774 836 832 Ἰνδικῇ
865 775 1087 830 γενόμενον
1113 776 1209 816 Hes.
1241 780 1281 817 et
1311 787 1416 828 quae
1437 776 1631 820 Welcke-

152 860 224 890 rus
263 848 313 888 cle
354 846 504 898 Trilog.
543 845 634 888 195.
676 845 792 885 affert
820 839 985 896 ἡμωλός
1021 841 1123 902 ¹}AE-
1159 836 1333 894 ἠμάτιος
1371 846 1411 883 ει
1447 842 1631 900 Emolus,

154 925 205 956 ex
233 913 349 954 libris
379 912 557 965 ineditis,
590 911 748 964 opinor.
809 909 922 959 Quae
948 908 989 947 in
1018 909 1102 960 ωλη
1130 912 1292 962 exeunt,
1323 909 1513 960 exposita
1537 912 1633 950 sunt

154 979 206 1021 ad
234 980 381 1020 Buttm.
415 976 587 1018 Gramm.
619 977 664 1018 ΙΙ.
695 975 787 1018 406.
852 974 1047 1016 Neutrius
1075 974 1238 1024 generis
1273 979 1437 1026 praeter
1464 976 1634 1027 propria

143 1042 349 1094 ”Οκωλον,
381 1039 604 1095 Κέρκωλον
634 1043 734 1093 (τῶν
763 1037 998 1095 Κερκώλων
1026 1040 1142 1081 Phot.
1160 1038 1261 1079 Bibl.
1282 1039 1324 1079 C.
1354 1040 1445 1081 244.
1477 1052 1515 1092 p.
1538 1039 1631 1082 (539.

158 1112 297 1153 omiss.
320 1111 360 1150 in
382 1109 472 1159 Th.)
503 1108 606 1148 haee
637 1109 779 1148 afferre
813 1117 984 1160 possum
1014 1102 1169 1145 ἕδωλον
1197 1105 1400 1157 Lycophr.
1431 1116 1511 1157 quo
1544 1106 1635 1148 usi-

158 1178 281 1218 tatius
314 1180 377 1216 est
407 1171 598 1224 ἑδώλιου,
641 1175 691 1215 ab
721 1172 813 1220 ἕδος
842 1172 1088 1221 derivatum,
1126 1167 1315 1223 κύβωλον
1342 1171 1366 1212 i.
1398 1183 1434 1224 q.
1466 1168 1637 1226 κύβιτον

157 1243 333 1295 cubitus,
363 1240 457 1281 εἴδω
488 1239 660 1280 εἴδωλον
689 1234 744 1286 ὡς
774 1238 901 1291 (peloso
932 1233 1132 1291 φειδωλός
1160 1236 1247 1277 EM.
1277 1234 1370 1289 296,
1393 1238 1430 1279 9.
1461 1235 1636 1290 φάσκω-

157 1310 232 1348 λου
252 1306 483 1360 phaseolon
502 1307 609 1346 Fest.
631 1306 655 1347 i.
675 1317 711 1357 q.
742 1303 963 1359 φάσκωλος
983 1304 1218 1357 pasceolus,
1242 1314 1346 1355 quae
1368 1304 1454 1344 EM.
1470 1305 1634 1346 etEust.

161 1373 288 1426 1646,
319 1372 383 1414 20.
427 1372 695 1424 probabiliter
725 1372 776 1412 ab
807 1366 933 1418 ἀσκός
964 1371 1126 1423 repetit,
1156 1370 1419 1422 ultimumque
1449 1367 1639 1413 ἕέσκωλον

158 1435 205 1479 τὸ
234 1440 344 1479 λεῖον
375 1437 485 1479 Suid.
518 1438 598 1478 nisi
627 1437 762 1478 fiotum
801 1442 865 1478 est
903 1436 953 1477 ad
992 1435 1274 1488 explicandum
1312 1446 1462 1476 nomen
1498 1438 1640 1478 Asco-

158 1505 305 1546 liorum
331 1503 412 1544 hoe
437 1508 501 1544 est
526 1504 768 1544 solemnium
796 1503 1038 1544 vinaliorum
1058 1498 1103 1541 ἐν
1125 1495 1186 1548 οἷς
1206 1497 1380 1554 ἥλλοντο
1399 1498 1465 1541 ἐπὶ
1483 1497 1640 1551 ἀσκούς

161 1571 255 1613 Soh.
287 1570 390 1610 Plut.
428 1569 544 1612 1130.
587 1572 627 1610 et
656 1570 769 1610 verbi
801 1565 1063 1618 ἀσκωλιάζειν
1091 1563 1138 1607 τὸ
1167 1563 1231 1606 ἐπὶ
1259 1561 1416 1615 ἀσκοὺς
1445 1565 1641 1611 ἅλλεσθαι

161 1632 458 1689 ἀληλιμμένους
496 1636 583 1676 Sive
612 1635 745 1682 λείους
774 1635 870 1675 Hes.
921 1633 1038 1682 Quod
1068 1644 1166 1673 vero
1198 1632 1284 1673 EM.
1317 1632 1427 1674 addit
1457 1629 1508 1674 οὐ
1538 1635 1642 1676 κατὰ

160 1697 422 1754 πλεονασμὸν
448 1701 523 1740 τοῦ
554 1701 599 1750 ἆ,
633 1700 832 1741 adversus
864 1711 938 1741 eos
969 1699 1118 1740 dietum
1150 1702 1213 1740 est
1242 1699 1310 1749 qui
1341 1709 1365 1738 a
1393 1696 1534 1748 σκέλος
1565 1700 1642 1741 de-

163 1769 356 1810 clinatum
393 1767 623 1808 voluerunt.
695 1765 813 1815 Quod
853 1776 974 1817 quum
1013 1775 1155 1817 parum
1192 1763 1385 1805 credibile
1414 1765 1644 1816 reperiatur

164 1845 367 1888 quumque
398 1844 481 1873 non
511 1832 645 1873 solum
674 1833 702 1872 ii
732 1827 996 1881 ἀσκωλιάζειν
1026 1829 1212 1870 dicantur
1237 1829 1317 1883 qui,
1348 1833 1391 1870 ut
1412 1831 1542 1873 Varro
1574 1831 1643 1884 ait,

164 1900 295 1954 pelles
327 1899 503 1941 bubulas
537 1898 628 1938 oleo
662 1899 853 1950 perfusas
885 1895 1181 1948 percurrebant
1210 1895 1348 1947 ibique
1379 1896 1644 1950 cernuabant,

165 1965 241 2008 sed
272 1965 393 2006 etiam
424 1975 568 2016 grues,
613 1974 734 2015 quum
772 1959 835 2003 ἐπὶ
873 1962 948 2002 τοῦ
990 1956 1128 2013 ἐτέρου
1167 1956 1296 2007 ποὸὸς
1333 1960 1536 2011 ἵστανται,
1577 1961 1647 2003 ubi

165 2030 326 2071 utribus
356 2030 474 2070 loeus
505 2029 640 2069 nullus
664 2029 918 2081 relinquitur,
947 2027 1115 2068 verbum
1135 2025 1244 2078 illud,
1275 2025 1384 2078 quod
1406 2026 1542 2067 Schol.
1561 2027 1647 2066 Lu-

167 2098 269 2138 eian.
298 2095 465 2147 Lexiph.
498 2099 535 2143 §.
555 2094 592 2136 2.
620 2093 822 2147 μ-ονοποὸὶ
852 2095 1056 2135 κινεῖσθαι
1084 2092 1389 2145 interpretatur,
1419 2092 1469 2132 ab
1502 2091 1646 2134 eodem

166 2163 330 2205 nomine
366 2161 640 2213 compositum
671 2161 849 2202 arbitror
873 2158 979 2200 unde
1004 2153 1265 2210 άγκωλιάζειν
1296 2158 1383 2198 sive
1412 2153 1646 2210 ἆγκωλιάσ-

168 2238 255 2269 σειν
281 2227 321 2268 id
354 2231 416 2269 est
448 2223 644 2266 ἅλλεσθαι
671 2227 729 2282 τῷ
759 2222 880 2281 ἑτέρῳ
909 2223 1005 2266 ποδί
1033 2224 1129 2266 Ηεε.
1169 2223 1244 2264 sed
1273 2224 1323 2264 ab
1355 2224 1435 2264 alia
1464 2234 1648 2276 praepo-

170 2294 333 2335 sitione.
391 2294 427 2333 A
456 2292 592 2332 κῶλον
620 2292 742 2343 igitur
772 2289 930 2338 άκωλος
960 2290 1122 2330 ductum
1153 2289 1297 2330 eodem
1325 2290 1536 2330 intellectu
1565 2299 1646 2342 quo

170 2356 409 2412 μονόκωλος
440 2358 586 2398 dicitur
617 2361 661 2398 ut
692 2355 849 2411 ἅὸρυον
879 2353 1109 2410 μονόξυλον
1138 2356 1233 2396 Hes.
1264 2355 1358 2396 hinc
1387 2351 1649 2403 ἀσκωλιάζειν

170 2424 419 2476 interposito
452 2424 602 2476 sigma,
646 2423 755 2475 quod
789 2435 915 2475 saepe
946 2426 1039 2462 ante
1070 2421 1298 2472 gutturales
1329 2421 1524 2462 inseritur
1553 2419 1649 2460 εἴκω

171 2489 286 2538 ἴσκω,
316 2486 464 2541 ἄχομαι
493 2484 700 2541 άσχάλλω,
740 2490 900 2542 aliaque
931 2488 971 2527 in
1001 2487 1173 2528 Dissert.
1204 2486 1253 2527 de
1284 2487 1482 2527 consonis
1511 2485 1651 2526 insiti-

174 2554 249 2594 eiis
280 2554 562 2606 proponenda.
622 2554 823 2596 Convenit
859 2555 937 2595 huo
973 2553 1107 2605 gentis
1150 2552 1364 2593 fabulosae
1401 2561 1552 2592 nomen
1581 2551 1652 2603 qul

175 2621 385 2661 monocoli
418 2621 690 2672 appellantur
728 2622 907 2674 sinqulls
946 2618 1139 2660 eruribus
1176 2618 1404 2660 saltuatim
1433 2618 1652 2658 currentes

176 2683 274 2726 Gell.
313 2683 377 2725 IX.
414 2684 452 2736 4,
492 2685 527 2726 9.
568 2686 647 2727 hoo
686 2691 750 2727 est
785 2682 1111 2735 ἀσκωλιάζουτες.
1178 2683 1239 2726 Ex
1278 2694 1328 2726 eo
1368 2681 1478 2737 quod
1516 2680 1651 2735 paullo
