1731 3021
134 179 227 223 50¹1
607 171 1036 215 DISSERTATIO
1085 171 1152 213 XI.

137 286 333 339 bisyllabi
372 285 415 325 in
451 283 744 324 nominativum
782 283 905 324 vertit
941 282 1030 323 EM.
1059 281 1153 334 815,
1183 280 1249 322 43.
1290 285 1486 325 accentus
1539 295 1615 327 suo

140 356 278 397 manet
307 351 415 392 loeo.
474 350 533 391 De
563 350 643 390 hoe
672 350 794 401 igitur
824 348 1048 399 Dionysius
1078 348 1118 387 in
1151 347 1288 390 Schol.
1318 349 1361 390 Il.
1387 349 1505 392 XVII.
1525 349 1618 393 218.

141 422 200 462 ita
230 418 428 470 disputat:
460 415 497 457 εἴ
521 430 580 464 τις
611 415 744 468 ζητοίη
773 410 950 466 πότερον
977 413 1315 467 παραπεποίηται,
1345 414 1525 469 εἴποιμεν
1565 413 1620 457 ἂν

143 482 218 527 τὸν
247 481 444 536 Χρόμιον·
474 478 646 534 εὔλογον
673 478 752 534 γὰρ
781 477 864 521 ἐκεῖ
891 480 952 532 (11.
984 480 1030 520 II.
1060 479 1174 531 857.)
1204 476 1251 520 τὸ
1281 477 1413 534 ὄνομα
1440 483 1620 535 πρῶτον,

144 552 226 594 hoo
256 555 330 603 est,
362 550 403 589 in
434 549 639 601 catalogo,
669 557 790 599 quum
820 550 945 598 poeta
974 545 1145 597 primum
1176 546 1295 598 hujus
1333 548 1409 587 viri
1445 549 1623 590 mentio-

146 627 239 657 nem
270 616 437 664 faceret,
465 626 604 655 verum
635 619 673 654 et
702 613 880 653 nativum
911 623 1059 652 nomen
1091 608 1282 666 (Χρόμις)
1314 614 1493 665 positum
1515 626 1623 667 esse,

148 681 383 735 posteriore
413 684 546 720 autem
577 680 670 719 loeo
701 679 951 718 immutatum
984 674 1215 730 (Χρόμιος).
1282 678 1393 728 Quae
1433 681 1624 732 probatio

150 748 243 801 plus
274 747 429 787 valeret
460 747 495 787 si
526 746 674 786 certior
714 747 828 784 esset
867 742 1045 793 catalogi
1084 747 1254 797 auctor,
1296 747 1497 786 sententia
1532 747 1627 798 ipsa

150 824 236 854 non
267 812 469 864 displicet,
499 816 542 851 ut
582 812 632 851 ab
672 809 794 855 ἵππος
821 804 956 855 Ἵππις
992 808 1079 848 EM.
1121 809 1182 849 sie
1221 820 1245 848 a
1281 807 1434 862 χρόμος
1472 808 1628 865 Χρόμις

155 878 381 919 derivatum
409 876 474 916 vel
505 877 625 917 etiam
656 875 902 927 primitivum
931 875 1134 926 etymique
1166 885 1313 926 expers
1346 886 1441 916 esse
1481 881 1525 917 ut
1555 888 1629 918 oe-

154 949 244 985 tera
283 943 554 994 Trojanorum
593 942 884 992 Mysorumque
922 940 1125 981 vocabula
1156 937 1309 993 Πάρις,
1340 938 1497 993 Μάρις,
1531 939 1630 983 Πύ-

155 1008 267 1064 ρις30
294 1013 334 1049 et
364 1008 456 1048 hinc
486 1007 750 1058 processisse
781 1003 962 1059 Χρόμιος
991 1010 1034 1046 ut
1064 1018 1086 1046 a
1115 1003 1258 1058 μάντις
1287 1004 1488 1055 Μάντιος.
1548 1007 1630 1050 Sed

155 1075 262 1116 idem
293 1078 333 1115 et
364 1073 595 1114 femininum
626 1072 787 1125 Χρομία
816 1072 936 1113 Paus.
966 1073 1010 1113 V.
1043 1072 1078 1124 1,
1110 1072 1147 1112 2.
1181 1084 1204 1112 a
1231 1070 1383 1125 χρόμος
1403 1074 1519 1114 nasci
1550 1086 1631 1126 po-

159 1142 289 1182 tuisse
318 1140 468 1180 indicio
501 1142 595 1179 sunt
626 1139 675 1179 ab
715 1139 805 1179 aliis
836 1139 1051 1190 bisyllabis
1082 1137 1263 1179 derivata
1286 1135 1436 1190 Ὀδίος,
1467 1141 1630 1192 Δολίος,

160 1206 381 1259 Στροφίος.
447 1204 600 1245 Eodem
633 1209 741 1246 Statu
780 1209 874 1245 sunt
897 1202 1073 1252 ’Ἄδωνις
1096 1200 1290 1252 Ἀδώνιος
1318 1205 1471 1247 Aneod.
1508 1206 1634 1249 Bekk.

159 1272 251 1313 346.
289 1271 435 1323 quibus
480 1270 645 1310 brevior
688 1272 818 1310 forma
845 1269 983 1311 ’Ἀδων
1022 1274 1061 1311 et
1100 1270 1220 1311 Adon
1260 1284 1297 1312 v.
1338 1271 1554 1314 Burmann.
1584 1272 1634 1313 ad

158 1337 279 1378 Antii.
322 1337 349 1377 I.
390 1347 428 1376 n.
459 1335 522 1375 72.
564 1348 598 1376 V.
629 1336 693 1376 33.
734 1348 771 1387 p.
804 1336 868 1377 43.
907 1336 1080 1377 Meinek.
1121 1337 1171 1377 ad
1212 1337 1381 1378 Theoor.
1422 1338 1503 1379 XV.
1545 1337 1633 1384 149,

159 1398 317 1449 Σθένις
348 1398 528 1448 Σθένιος
556 1401 699 1442 Lelirs.
730 1403 852 1442 Arist.
892 1401 982 1443 280.
1020 1402 1351 1454 homerieumque
1392 1403 1635 1454 adjectivum

159 1465 305 1514 θέσπις
343 1464 537 1516 θέσπιος,
579 1470 694 1519 euJus
734 1468 898 1518 generis
930 1479 1138 1519 perpauca
1170 1468 1276 1519 apud
1305 1469 1416 1509 illum
1447 1467 1636 1521 leguntur

162 1545 291 1585 eaque
323 1532 441 1572 unius
475 1533 628 1572 formae
659 1532 775 1582 ἴδρις,
807 1525 917 1579 εὖυις
945 1538 984 1573 et
1015 1534 1216 1573 femininis
1257 1533 1450 1584 adjuncta
1486 1536 1638 1589 θοῦρις

162 1603 201 1639 et
232 1591 340 1651 ἤνις,
380 1602 591 1649 postremo
637 1604 820 1638 neutrum
850 1595 984 1651 τρόφι,
1017 1598 1126 1649 quod
1157 1599 1252 1649 quia
1280 1599 1432 1639 nullum
1461 1601 1570 1643 aliud
1598 1602 1640 1643 in

162 1663 416 1716 simplicibus
449 1666 561 1702 extat
591 1668 788 1716 neutrum,
822 1663 1079 1704 Grammatiei
1111 1664 1333 1705 mutilatum
1364 1664 1513 1708 dieunt.
1538 1695 1543 1701 ·

274 1733 312 1776 ς.
342 1730 377 1769 7.
437 1729 495 1768 De
535 1728 596 1768 liis
640 1730 762 1780 igitur
802 1730 1024 1781 positionis
1065 1729 1237 1770 flexibus
1267 1731 1485 1783 unicuique
1515 1736 1640 1785 pote-

163 1798 311 1836 statem
342 1794 486 1833 saoiam
508 1793 753 1836 decernendi
785 1796 894 1847 quod
924 1796 1033 1848 velit,
1065 1796 1099 1835 si
1121 1795 1242 1836 modo
1274 1798 1499 1838 meminerit
1520 1809 1639 1851 quam

164 1859 325 1900 difficile
367 1859 416 1899 sit
458 1859 689 1901 liberrimos
723 1861 866 1902 Graeci
897 1862 1100 1902 sermonis
1132 1866 1266 1902 motus
1297 1862 1457 1914 legibus
1486 1864 1641 1905 vincire

164 1926 335 1967 severis.
394 1925 552 1965 Etenim
584 1926 696 1966 licuit
736 1927 816 1967 illis
849 1938 900 1967 ex
930 1937 1010 1966 uno
1043 1928 1159 1979 quasi
1201 1929 1356 1969 semine
1393 1929 1639 1982 multiplices

165 1992 314 2033 elicere
346 1992 494 2031 foetus.
560 1989 705 2039 Τέλλος
741 1989 877 2040 Τέλλις
913 1991 1067 2047 Τέλλην
1101 1991 1465 2045 Τελλίας,’Ἀλεξος
1479 1993 1642 2037 3Ῑ’Ἀλε-

255 2118 314 2161 30)
341 2118 404 2152 Pro
436 2114 550 2160 Πύριν
577 2115 617 2150 ll.
646 2114 729 2149 XVI.
758 2115 834 2151 416.
866 2116 947 2150 olim
972 2115 1095 2160 Πύρην
1119 2116 1300 2159 legebatur
1325 2119 1359 2151 et
1384 2119 1501 2151 contra
1523 2116 1644 2161 Μάρις

165 2174 263 2209 Suid.
291 2184 351 2216 pro
378 2173 517 2216 Μιὶρης,
546 2173 744 2214 pariterque
770 2172 959 2205 miscentur
977 2172 1089 2207 ’Ἄττις
1125 2174 1159 2206 et
1180 2172 1310 2211 Ἄττης,
1341 2171 1463 2207 Τέλλις
1496 2174 1530 2207 et
1561 2172 1641 2205 Τέλ-

166 2231 226 2271 λης
250 2230 356 2263 Thuc.
384 2230 420 2263 V.
449 2230 501 2264 19.
533 2226 653 2270 Φάρις
678 2231 711 2261 et
736 2225 865 2270 Φάρης
888 2237 919 2260 v.
956 2227 1087 2262 Siebel.
1115 2227 1157 2260 ad
1182 2226 1283 2260 Faus,
1314 2226 1369 2260 IV.
1396 2227 1457 2270 30,
1485 2227 1517 2262 2.
1543 2225 1643 2271 Λάμ-

168 2298 227 2323 πις
263 2285 443 2320 Deniosth,
482 2283 635 2325 ,statuam
668 2282 833 2316 Theinist.
867 2282 923 2316 Or.
950 2282 1067 2316 XXIII.
1093 2282 1169 2317 297.
1198 2282 1237 2315 D.
1271 2282 1494 2317 Gentilicium
1526 2284 1646 2319 Σίντις

170 2342 294 2377 Graeci
322 2342 590 2384 interpretantur
617 2339 744 2378 σίντης.
792 2336 962 2381 Hostum&
980 2337 1176 2371 Corinthius
1197 2338 1347 2381 Syncell.
1369 2337 1492 2371 Chron.
1512 2348 1545 2381 p.
1567 2339 1642 2373 179.

170 2398 207 2431 C.
236 2407 255 2431 a
286 2397 456 2431 Pausania
488 2394 672 2438 Προὶῗμνις
701 2396 843 2427 vocafur
878 2396 915 2426 ut
942 2391 1118 2436 Προύλεσι
1148 2394 1267 2431 πεζοῖς
1291 2391 1450 2429 ὁπλίταις
1474 2392 1556 2427 Hes.
1583 2402 1644 2437 pro

170 2453 328 2497 πρυλίσι,
357 2452 448 2496 quod
477 2450 694 2486 Herodianus
730 2448 772 2482 ad
806 2451 937 2482 rectum
961 2447 1116 2494 πρυλιῐς,
1153 2449 1211 2482 alii
1239 2448 1282 2483 ad
1307 2448 1433 2492 πρύλις
1456 2449 1646 2483 retulerunt

169 2509 249 2543 Seli.
278 2508 317 2542 ll.
344 2508 382 2541 V.
409 2508 485 2542 744.
513 2516 579 2541 nee
605 2507 716 2538 minus
752 2503 841 2537 iluxa
875 2505 1036 2547 πτίριίς,
1073 2503 1225 2547 qaam,
1259 2504 1415 2548 χλοῦνις.
1463 2503 1646 2546 Singulare

169 2573 250 2598 vero
269 2564 519 2606 repugnantiae
541 2560 737 2604 exemplum
754 2557 886 2603 Λάτρις
909 2557 947 2591 τὸ
972 2557 1120 2597 ἁπλοῦν,
1148 2558 1409 2604 εἰδωλολάτρης
1433 2557 1471 2592 δὲ
1499 2557 1560 2591 διὰ
1584 2557 1649 2590 τοῦ

170 2630 185 2651 ε
211 2618 307 2652 Suid.

260 2673 319 2715 31)
345 2673 432 2706 Hinc
457 2681 539 2707 esse
565 2671 702 2707 videtur
728 2671 900 2713 genitivus
922 2669 1060 2707 Ἀλέξου
1088 2668 1214 2704 Athen.
1242 2668 1330 2703 XIV.
1357 2668 1496 2712 620.,E.
1521 2668 1647 2704 Proxi-

172 2737 228 2763 ma
251 2729 285 2762 in
312 2727 414 2763 Thes,
442 2730 500 2763 aut
525 2736 709 2771 perperam
734 2729 878 2761 tractata
901 2727 959 2760 aut
983 2734 1122 2768 prorsus
1148 2726 1277 2760 omissa
1300 2728 1390 2761 sunt.
