1699 3021
296 156 363 197 ni:
396 155 576 197 NoniN.
607 155 659 196 IN
689 145 740 196 ἆῖι
769 155 1116 197 EXEUNTlssUS.
1163 158 1205 198 c.
1232 158 1257 197 i.
1290 163 1328 205 ς.
1349 158 1385 199 o.
1497 160 1584 200 103

102 261 195 307 οἷον
229 261 443 313 πτοιαλὲος
479 261 502 306 ὁ
538 266 632 306 λίαν
671 260 932 318 φοβούμενος
973 262 1043 304 καὶ
1078 261 1285 316 δειμαλὲος
1320 262 1473 318 ὁμοίως
1509 266 1579 308 καὶ

99 327 315 384 γηραλέος·
362 328 472 371 οὕτω
510 330 576 372 καὶ
614 332 824 383 μεγαλεῖον
860 326 908 370 τὸ
945 327 1154 383 πάμμεγα,
1198 330 1237 372 id
1274 331 1337 371 his
1378 334 1574 385 exemplis

99 398 210 439 nullo
242 402 363 450 pacto
396 397 699 449 comprobatur,
730 407 901 448 qnorum
931 396 1125 447 pleraque
1149 396 1268 437 aliam
1290 400 1471 449 speciem
1493 411 1575 440 non

98 464 261 505 liabent.
331 463 442 510 Quae
474 468 607 503 autem
637 461 853 513 dupliciter
883 463 1166 515 proferuntur,
1214 468 1282 502 aut
1322 464 1418 504 nihil
1458 464 1575 505 diffe-

98 534 191 570 runt
229 541 253 568 a
291 529 504 580 primitivis
544 532 612 567 aut
649 538 731 567 non
771 538 818 567 ea
857 528 1016 567 ratione
1057 533 1097 568 nt
1127 529 1331 568 intensiva
1361 529 1439 569 dici
1469 542 1575 582 pos-

98 595 192 637 sint..
249 594 389 645 Neque
421 593 695 634 confirmatior
736 592 831 632 milii
868 591 1026 633 videtur
1066 593 1306 634 Blomlieldii
1342 596 1480 646 opinio
1522 595 1572 635 ad

98 661 210 712 Sept.
241 659 330 700 229.
363 654 586 710 ἁρπαλίζω,
624 658 846 711 δαμαλίζοι),
878 655 1146 709 ἐντροπαλι’ζω
1176 659 1301 699 verba
1333 661 1572 711 frequenta-

96 725 180 764 tiva
211 724 401 775 dicentis,
442 736 682 776 quamquam
713 723 761 764 de
793 729 1002 775 postremo
1035 723 1334 776 quodammodo
1366 727 1573 766 consentit

98 790 235 831 Schol.
266 791 307 831 ll.
339 791 400 831 Vl.
432 790 523 831 496.
561 787 921 842 ἐντροπαλιζομένη
962 791 1237 842 interpretans
1277 791 1454 843 συνεχῶς
1481 788 1571 830 ἐπι-

94 852 347 908 στρεφομένη
378 858 506 908 magis
539 869 588 897 ex
621 856 827 897 sententia
857 855 936 896 loci
967 867 1087 907 quam
1118 867 1168 896 ex
1199 858 1451 908 proprietate
1484 862 1570 897 ter-

93 923 327 964 minationis
359 933 476 974 qnae,
508 927 549 961 nt
580 933 722 962 omnes
743 921 1008 962 derivationis
1033 923 1199 975 formae,
1230 923 1569 973 significationem

95 987 285 1039 primitivi
315 987 474 1027 colorat
505 986 804 1038 quodammodo
838 992 877 1026 et
908 988 1210 1038 expressiorem
1242 987 1392 1040 reddit,
1437 998 1568 1040 neque

94 1057 230 1093 tamen
259 1052 319 1092 sic
349 1057 392 1092 ut
422 1052 547 1092 verba
578 1063 682 1103 quae
713 1053 878 1104 proprie
910 1053 1208 1104 frequentativa
1228 1058 1438 1093 vocantur.
1481 1055 1569 1094 Ac-

92 1123 238 1158 centus
269 1118 447 1169 regulam
480 1118 541 1169 (nt
572 1117 610 1158 id
639 1128 803 1169 quoque-
834 1118 1047 1168 attingam)
1080 1117 1183 1158 hanc
1215 1117 1336 1158 tradit
1366 1118 1566 1159 Arcadius

94 1195 132 1236 p.
143 1183 206 1224 54.
227 1194 332 1234 quae
351 1183 711 1235 antepenultimam
731 1183 893 1233 longam
914 1183 1091 1223 habeant
1112 1188 1450 1234 proparoxylona
1472 1195 1567 1224 esse

91 1244 287 1297 κώδαλος,
307 1245 524 1299 Ἅρπαλος,
555 1247 702 1299 ἴξαλος,
735 1248 938 1298 δαίδαλος,
974 1249 1158 1301 exceptis
1190 1248 1350 1289 duobus
1381 1244 1567 1301 ὀμφαλός

92 1319 133 1355 et
167 1311 392 1364 Θεσσαλός,
434 1315 666 1366 pariterque
700 1326 804 1367 quae
832 1315 1018 1368 brevem,
1052 1315 1088 1355 si
1117 1315 1198 1355 sint
1227 1315 1427 1367 θηλυκῶν
1455 1311 1566 1354 ἐστε-

90 1376 245 1433 ρημένοι
274 1378 344 1420 καὶ
372 1377 426 1433 μὴ
457 1381 685 1434 περιεκτικῇ
716 1381 894 1436 σημασίᾳ
923 1378 1161 1433 ἐκφέρηται,
1194 1381 1349 1431 mahog,
1379 1381 1564 1432 φίγαλος,

90 1443 293 1499 δάμαλος·
331 1442 379 1486 τὸ
410 1442 452 1485 δὲ
477 1441 629 1493 Ἰταλός
657 1442 863 1497 ὀξύνεται·
902 1445 989 1496 [καὶ
1016 1443 1063 1486 τὸ
1092 1444 1275 1499 αἰγιαλός
1303 1443 1562 1498 περιεκτικόν.

98 1508 159 1553 Τὰ
187 1512 347 1565 τριγενῆ
378 1506 586 1562 ὀξύνεται,
620 1508 788 1563 ἁπαλός,
819 1510 1043 1565 χθαμαλός,
1074 1509 1282 1565 τροχαλός,
1313 1510 1464 1561 ἰταλός]
1497 1522 1565 1552 σε-

90 1579 308 1632 σημείωται
334 1574 381 1618 τὸ
410 1574 591 1630 μεγάλος.
658 1579 731 1618 llic
762 1591 866 1631 quae
898 1580 1056 1619 uncinis
1089 1580 1412 1632 circumscripsi,
1445 1579 1563 1619 addi-

89 1648 269 1684 tamenta
308 1649 402 1683 sunt
443 1643 599 1684 codicis
630 1645 755 1685 Havn.
785 1656 956 1696 quornm
988 1646 1100 1696 prius
1131 1644 1182 1684 ad
1213 1649 1399 1696 quartum
1431 1656 1563 1696 quen-

89 1708 183 1749 dam
213 1719 410 1750 canonem
445 1710 620 1760 pertinet
649 1709 698 1749 de
729 1709 1046 1761 quadrisyllabis
1077 1710 1339 1759 κονίσσαλος,
1378 1706 1562 1762 ἠπίαλος,

91 1774 569 1827 Κρωβίαλος,”Αἰβίαλος
599 1780 674 1815 etc.
704 1786 808 1826 qnae
838 1776 916 1815 nisi
944 1774 1283 1825 comprehensiva
1311 1777 1394 1815 sint
1424 1781 1466 1815 ut
1495 1775 1563 1815 αι’-

88 1837 229 1893 γιαλός
271 1840 471 1891 syllabam
519 1840 569 1880 al)
618 1846 799 1880 extrema
838 1841 997 1880 tertiam
1043 1845 1202 1880 acutam
1242 1841 1391 1881 habere
1431 1840 1563 1882 edicit.

90 1906 208 1955 Quod
238 1906 386 1946 editum
419 1911 481 1946 cst
511 1906 545 1945 εἰ
573 1903 627 1959 μὴ
653 1906 879 1958 περιεκτικῇ
898 1908 1075 1961 σημασίᾳ
1095 1903 1324 1959 ἐκφέρηται,
1356 1907 1395 1945 in
1416 1902 1563 1959 ἐθνικῇ

89 1971 321 2012 mutandum
353 1983 447 2011 esse
478 1972 625 2011 indicio
659 1977 720 2012 est
752 1972 977 2023 exemplum
1008 1973 1171 2024 regulae
1202 1972 1430 2023 subjectum
1457 1967 1562 2011 Ἰτα-

87 2033 157 2084 λός
180 2036 450 2088 gentilicinm3
492 2049 583 2077 nam
611 2038 896 2090 appellativum
929 2034 1063 2085 ι’ταλός
1093 2038 1242 2078 vitulus
1273 2041 1342 2076 aut
1373 2042 1562 2089 praeter-

88 2103 195 2142 misit
224 2102 290 2141 ille
321 2103 430 2153 qnod
461 2115 601 2154 parum
623 2109 875 2155 compertum
895 2103 1033 2143 liabuit
1054 2108 1122 2143 aut
1144 2103 1261 2143 aliter
1282 2104 1562 2154 pronuncian-

89 2167 181 2208 dum
222 2179 316 2208 esse
355 2170 514 2209 censuit
553 2170 640 2210 sive
678 2168 879 2221 producta
922 2169 1050 2220 prima
1089 2168 1175 2208 sive
1210 2172 1379 2219 gravata
1410 2167 1561 2208 ultima.

88 2234 299 2274 Diversam
328 2246 425 2274 vero
458 2236 702 2275 sententiam
734 2235 951 2286 proposuit
980 2233 1271 2286 Goettlingius‚
1303 2233 1561 2273 substantiva

90 2301 223 2339 omnia
254 2305 416 2350 praeter
442 2295 612 2351 Ἰταλὸς,
648 2296 870 2347 Θεσσαλός,
902 2294 1109 2351 ὀμφαλός,
1141 2296 1342 2350 αἰγιαλός,
1383 2309 1561 2350 propar-

90 2370 271 2416 oxy-tona
311 2377 405 2405 esse
446 2365 494 2405 de
533 2368 630 2407 Ace.
664 2367 752 2407 leti.
792 2365 993 2417 adjectiva
1024 2377 1119 2405 vero
1161 2369 1281 2404 acnto
1323 2364 1422 2403 finiri
1455 2376 1559 2405 sono

89 2442 128 2482 p.
159 2430 250 2471 301.
281 2430 456 2482 ideoque
485 2431 629 2478 πίαλος
659 2431 765 2482 apud
801 2431 1089 2483 Hippocratem
1122 2430 1421 2470 substantivum
1453 2429 1560 2471 dicit.

91 2495 171 2536 Sed
208 2496 249 2535 in
287 2496 470 2537 Muliebr.
510 2498 554 2537 ll.
586 2496 677 2537 799.
721 2498 761 2537 Τ.
798 2497 841 2537 ll.
882 2494 1110 2547 πρόςθετον
1147 2496 1218 2547 τῆς
1246 2493 1397 2536 πιάλου
1435 2493 1560 2552 δᾳδὸς

91 2556 182 2612 (ὡς)
203 2557 406 2613 πιοτάτης,
429 2567 539 2601 certa
563 2562 722 2613 quidem
748 2561 890 2602 taedae
907 2563 1070 2613 species
1089 2562 1351 2614 significatur,
1380 2561 1453 2602 sed
1484 2562 1560 2603 ad-

85 2627 237 2677 jective
270 2631 412 2667 tamen.
483 2629 542 2667 Ac
573 2632 734 2668 veteres
766 2632 976 2667 accentum
1008 2638 1089 2666 non
1119 2627 1187 2666 illa
1216 2627 1375 2666 ratione
1406 2628 1479 2669 sed
1511 2640 1560 2669 ex

90 2702 279 2731 mensura
319 2693 471 2743 primae
511 2693 694 2743 syllabae
730 2692 940 2744 Jndicasse
982 2698 1152 2744 apparet
1193 2704 1241 2732 ex
1281 2692 1364 2733 EM.
1397 2694 1462 2748 44,
1493 2696 1556 2737 32.
