1699 3021
342 138 409 179 DE
441 138 730 182 NOMINIBUS
761 140 815 182 IN
843 144 868 195 ζ)
889 140 1236 185 EXEUNTIBUS.
1278 148 1316 193 §.
1339 144 1377 188 5.
1509 146 1590 190 271

117 248 241 290 strari
272 252 412 300 potest
442 260 694 301 paragogum
725 261 832 292 esse.
885 248 1086 301 Κίκιρῤος
1120 246 1353 304 ἀλεκτρυών
1391 266 1416 295 a
1452 255 1593 305 κίκκος

116 319 156 355 et
174 314 295 354 κίκκα
313 315 475 365 qallz'na
500 315 742 366 productum
768 317 1065 357 cucurrientem
1095 317 1284 369 exprimit
1312 320 1360 360 es.
1386 321 1588 374 Aglaopli.

116 379 232 421 1316.
263 379 400 420 adnot.
432 380 689 421 Theodosius
722 380 892 423 Gramm.
923 395 962 434 p.
994 383 1057 423 71.
1087 383 1145 423 ita
1163 383 1342 435 loquitur
1363 397 1410 426 ao
1432 387 1590 439 siquae

111 445 154 485 in
188 437 281 498 co—og
313 450 462 486 exeunt
507 447 710 497 bisyllaba
749 447 831 488 sint
871 449 1016 489 omnia.
1075 448 1282 489 Feminina
1311 456 1423 491 arcet
1456 463 1588 493 canon

112 511 199 551 EM.
232 511 325 564 318,
357 513 420 553 53.
451 508 501 552 τὰ
531 512 584 559 εἰς
614 504 681 563 ᾗ(
711 508 904 554 οὐδέποτε
934 511 1009 566 ἔχει
1037 509 1084 554 τὸ
1111 515 1132 552 ί
1161 510 1292 566 μόνον
1321 510 1402 556 ἀλλ’
1434 514 1461 569 ἢ
1490 516 1588 569 μετὰ

110 577 187 617 τοῦ
216 574 250 616 ὦ
286 579 431 633 πρῷρα
470 576 494 631 ἢ
533 574 631 630 μετὰ
667 579 742 618 τοῦ
778 578 805 619 ἇ
845 582 1003 632 σφαῖρα
1045 576 1070 632 ἢ
1107 577 1206 632 μετὰ
1245 582 1320 621 τοῦ
1349 580 1373 621 ἒ
1410 579 1584 636 (δότειρα.

111 643 388 695 Σεσημείωται
427 641 474 684 τὸ
513 639 600 697 εἶρα
637 642 706 684 καὶ
736 643 893 698 Κάειρα
920 641 1274 698 ἀμφιβαλλόμενα,
1314 647 1394 687 hoc
1426 654 1488 689 est
1519 651 1587 690 in-

112 708 267 749 terdum
299 720 371 761 per
408 710 494 750 iota
524 712 690 762 scripta.
716 735 769 740 ——
791 711 903 760 Quae
934 711 1118 752 omicron
1148 712 1188 752 in
1223 712 1405 764 paralexi
1435 714 1587 756 habent

109 774 304 826 pleraque
344 781 438 815 sunt
478 776 694 816 herbarum
737 777 902 816 nomina
941 777 1266 831 inexplicabilia,
1308 776 1459 831 ἄκορος
1497 782 1586 822 sive

108 837 334 893 c’z'xo90v,2⁰
371 838 576 893 βόσμορος
603 866 656 870 ——
685 856 782 893 ρον,
815 838 1024 894 ἐλλέβορος
1051 866 1106 873 --
1135 857 1231 895 ρον,
1269 844 1437 896 κίχορον
1475 846 1585 898 quod

109 907 228 957 vulgo
269 903 460 958 κιχώριον
499 907 664 960 dieitur,
706 904 906 959 κόρκορος
945 919 1019 948 seu
1058 904 1277 963 κόρχορος,
1325 910 1446 950 edulii
1485 923 1583 952 vero

106 969 259 1024 ὅμορος
298 972 512 1013 admodum
543 974 654 1013 varie
698 975 894 1025 scriptum
924 986 959 1014 v.
992 974 1322 1025 Soliweigliaues.
1355 976 1406 1016 ad
1435 977 1582 1019 Allien.

108 1038 151 1078 T.
186 1039 230 1079 II.
261 1038 412 1078 2l35.⁴⁰
468 1039 580 1079 Haec
611 1040 732 1090 igitur
762 1039 912 1079 nullam
943 1050 1082 1079 ansam
1125 1041 1345 1093 praebent,
1383 1039 1584 1096 βόρβορος

106 1116 203 1145 vero
242 1104 457 1156 duplicem.
515 1104 617 1144 Nam
657 1106 692 1144 si
738 1105 871 1145 borba
908 1106 995 1145 sive
1036 1105 1187 1158 huma,
1234 1106 1344 1157 quod
1380 1108 1580 1150 Latinitas

104 1168 225 1209 medii
255 1170 344 1209 aevi
377 1170 648 1221 frequentavit
680 1175 899 1222 servatque
921 1181 1055 1210 sermo
1079 1172 1410 1226 francogallicus‚
1441 1176 1579 1215 nativo

104 1235 331 1286 proximum
362 1236 573 1288 ponimus,
612 1247 764 1287 graeca
801 1247 883 1275 vox
914 1247 937 1275 a
974 1236 1262 1286 monosyllabo
1296 1241 1424 1280 crevit
1455 1240 1581 1282 redu-

103 1299 325 1351 plicatione
355 1299 418 1339 vel
450 1301 592 1340 initiali
622 1302 686 1341 vel
727 1301 938 1341 terminali.
1001 1301 1082 1342 Sed
1123 1302 1264 1343 eadem
1306 1315 1396 1345 cum
1433 1320 1580 1358 κορκο-

100 1362 205 1418 ρυγή
237 1369 276 1405 et
314 1364 619 1417 κορκορυγμός,
661 1379 741 1419 quo
781 1366 1032 1418 significatur
1070 1367 1347 1410 burbaliorum
1388 1371 1475 1412 sive
1513 1373 1580 1413 in—

100 1434 343 1472 testinorum
373 1443 571 1485 murmur,
612 1444 701 1473 cum
739 1430 973 1484 κορκοῤῥόα
1010 1428 1228 1484 ὑδροῤῥύα
1269 1435 1362 1476 Hes.
1405 1441 1444 1476 et
1488 1449 1578 1480 cum

100 1497 226 1537 verbo
257 1494 479 1549 μορμύρω,
509 1499 791 1551 μορμυρίζω41
823 1509 910 1538 eam
942 1499 1245 1541 similitudinem
1274 1501 1399 1542 habet
1423 1507 1463 1542 ut
1489 1508 1576 1545 tola

100 1564 263 1603 saclioia
310 1563 495 1603 videatur
536 1564 586 1604 ad
636 1564 940 1616 exprimendum
986 1576 1133 1606 sonum
1171 1566 1239 1618 qui
1285 1578 1416 1608 coeno
1462 1575 1575 1610 moto

101 1630 251 1670 existit.
307 1631 343 1669 Α
370 1626 514 1681 μορμώ
546 1632 753 1681 processit
785 1628 993 1683 μόρμορος
1031 1626 1053 1670 ὁ
1092 1628 1224 1683 φόβος
1262 1632 1356 1673 Hes.
1404 1638 1443 1673 el
1479 1650 1577 1688 μορ-

98 1691 300 1746 μορωπός.
359 1696 395 1733 Α
423 1692 577 1742 σαννας
607 1698 786 1736 sortasse
825 1694 1028 1748 σάυνορος
1061 1697 1199 1748 μῶρος
1237 1694 1350 1750 παρὰ
1378 1694 1575 1743 Ῥίνθωνι

98 1759 194 1800 Hes.
225 1765 264 1800 et
295 1761 555 1810 Σαννυρίων.
614 1761 671 1801 De
703 1761 917 1812 adjectivis
947 1759 1122 1813 μολορός
1152 1767 1191 1803 et
1227 1761 1427 1816 μολυρός,
1469 1778 1573 1818 quae

98 1826 328 1876 Hesychius
374 1826 517 1867 eodem
564 1828 690 1868 verbo
740 1828 1033 1880 interpretatur
1072 1825 1276 1881 λυπηρός,
1320 1833 1573 1885 proprioque

97 1996 160 2032 sed
186 1995 271 2029 illud
299 1997 332 2029 in
360 1992 460 2030 codd.
488 1997 605 2037 restat,
640 1993 805 2037 idemque
830 1992 979 2027 Arcadio
1006 2003 1039 2037 p.
1065 1994 1129 2036 71,
1164 1994 1219 2030 22.
1256 1995 1472 2032 reddendum
1509 2009 1570 2043 pro

95 2051 269 2095 σύσειρος.
296 2052 449 2095 Ξίφιρος
473 2050 622 2093 Hesych.
651 2049 821 2084 nonnullis
848 2054 1060 2093 suspectum.

184 2118 243 2161 39)
270 2118 343 2152 Hoc
369 2117 514 2151 tortasse
543 2126 744 2159 parogogon
771 2118 823 2150 est
849 2115 889 2149 ab
917 2114 985 2156 ἀκή
1020 2118 1056 2149 ut
1092 2115 1232 2158 ἄκορνα
1268 2116 1383 2160 planta
1415 2121 1568 2164 spinosa,

88 2174 259 2218 Ἀκορῥαί
293 2178 327 2209 et
356 2172 523 2217 Ἀκώριαι
557 2171 720 2206 «induam
746 2171 826 2206 Hes.
865 2181 1010 2214 quorum
1036 2172 1204 2214 scriptura
1223 2172 1355 2208 ineerta
1379 2175 1442 2209 sed
1469 2176 1568 2211 deri-

92 2232 184 2265 vatio
210 2231 243 2263 in
270 2230 464 2273 propatulo.

182 2286 241 2328 40)
273 2285 437 2320 Neutrale
466 2284 706 2327 Theognostus
734 2283 808 2318 131.
834 2293 937 2316 unum
964 2282 1061 2316 all‘ert
1086 2281 1301 2326 ἀνάκτορον,
1329 2284 1372 2320 dc
1402 2296 1469 2330 quo
1497 2288 1565 2322 (lixi

92 2342 127 2374 in
169 2341 291 2375 Parall.
325 2340 401 2375 273.
439 2339 514 2381 (ubi
558 2339 754 2373 addendum
787 2338 973 2378 ditandd'qv
1002 2336 1113 2369 Ἐνυώ
1146 2337 1256 2372 Nonn.
1288 2339 1436 2375 XXVIII.
1469 2343 1567 2388 289.)

93 2396 193 2439 Apud
220 2395 345 2429 Arcad.
372 2405 406 2438 p.
435 2396 489 2430 71.
518 2394 576 2428 ubi
604 2394 647 2429 de
673 2395 889 2438 simplicibus
925 2394 1091 2437 loquitur,
1124 2392 1287 2437 ῑιιὶῑιορος
1320 2397 1480 2431 mendum
1514 2403 1567 2434 est

91 2461 152 2494 pro
178 2449 343 2495 Πάκορος
368 2454 402 2484 ei·
427 2450 556 2495 ἄνορος
581 2460 642 2494 pro
669 2449 803 2495 ι’ἱγορος
828 2450 884 2485 vel
913 2450 1064 2492 ἄκορος,
1094 2449 1231 2482 tertium
1262 2450 1471 2498 zrcch,u090;
1504 2464 1565 2498 pro

91 2505 282 2549 κάμμορος
309 2504 345 2538 id
371 2508 424 2540 est
444 2504 662 2549 κάμμαρος,
698 2517 718 2541 a
750 2516 818 2551 quo
853 2507 913 2542 ille
947 2505 1096 2540 fortasse
1135 2503 1289 2540 distinxit
1324 2510 1564 2554 compositum,

91 2561 184 2605 quod
210 2571 271 2605 per
295 2559 502 2605 κατάμορος
528 2562 695 2605 explicari
723 2563 824 2598 solet,

177 2627 238 2670 41)
263 2627 458 2671 Hesychius
482 2630 689 2672 Βορβορίζει
712 2627 882 2674 γογγύζει
904 2626 1065 2672 μολιΐιέι,
1094 2637 1238 2671 quorum
1264 2628 1408 2664 alterum
1434 2629 1477 2664 ad
1494 2640 1562 2665 au-

90 2675 195 2717 ditum
221 2684 370 2725 pertinet
393 2686 430 2718 ut
453 2682 654 2727 Βομβρύζει
680 2683 902 2729 τονθορύζει,
929 2684 1073 2720 alterum
1098 2683 1142 2719 ad
1170 2687 1364 2720 contactum
1391 2687 1506 2721 coeni.
