<?xml version="1.0" encoding="UTF-8"?>
<!DOCTYPE html PUBLIC "-//W3C//DTD XHTML 1.0 Transitional//EN"
    "http://www.w3.org/TR/xhtml1/DTD/xhtml1-transitional.dtd">
<html xmlns="http://www.w3.org/1999/xhtml" xml:lang="en" lang="en">
 <head>
  <title>
</title>
<meta http-equiv="Content-Type" content="text/html;charset=utf-8" />
  <meta name='ocr-system' content='tesseract 3.04.00' />
  <meta name='ocr-capabilities' content='ocr_page ocr_carea ocr_par ocr_line ocrx_word'/>
</head>
<body>
  <div class='ocr_page' id='page_1' title='image "./pathologiaesermo00lobeuoft_0408.png"; bbox 0 0 1731 3021; ppageno 0'>
   <div class='ocr_carea' id='block_1_1' title="bbox 91 174 1132 221">
    <p class='ocr_par' dir='ltr' id='par_1_1' title="bbox 91 174 1132 221">
     <span class='ocr_line' id='line_1_1' title="bbox 91 174 1132 221; baseline -0.004 0"><span class='ocrx_word' id='word_1_1' title='bbox 91 178 186 221; x_wconf 81' lang='lat'>390</span> <span class='ocrx_word' id='word_1_2' title='bbox 558 174 992 217; x_wconf 82' lang='lat' dir='ltr'>DISSERTATIO</span> <span class='ocrx_word' id='word_1_3' title='bbox 1034 175 1132 217; x_wconf 89' lang='lat' dir='ltr'>VIII.</span> 
     </span>
    </p>
   </div>
   <div class='ocr_carea' id='block_1_2' title="bbox 91 284 1594 1786">
    <p class='ocr_par' dir='ltr' id='par_1_2' title="bbox 91 284 1594 1786">
     <span class='ocr_line' id='line_1_2' title="bbox 96 284 1577 339; baseline -0.003 -12"><span class='ocrx_word' id='word_1_4' title='bbox 96 287 261 339; x_wconf 87' lang='lat' dir='ltr'>(omiss.</span> <span class='ocrx_word' id='word_1_5' title='bbox 300 287 341 326; x_wconf 90' lang='grc'>111</span> <span class='ocrx_word' id='word_1_6' title='bbox 381 285 470 338; x_wconf 87' lang='lat' dir='ltr'><strong>Th.)</strong></span> <span class='ocrx_word' id='word_1_7' title='bbox 510 286 723 326; x_wconf 83' lang='lat' dir='ltr'>l‘ositione</span> <span class='ocrx_word' id='word_1_8' title='bbox 761 286 925 336; x_wconf 79' lang='lat' dir='ltr'>longam</span> <span class='ocrx_word' id='word_1_9' title='bbox 962 284 1225 336; x_wconf 78' lang='lat' dir='ltr'><strong>penultimam</strong></span> <span class='ocrx_word' id='word_1_10' title='bbox 1266 284 1388 325; x_wconf 88' lang='lat' dir='ltr'>habet</span> <span class='ocrx_word' id='word_1_11' title='bbox 1427 294 1577 324; x_wconf 87' lang='lat' dir='ltr'>nomen</span> 
     </span>
     <span class='ocr_line' id='line_1_3' title="bbox 95 346 1575 406; baseline -0.002 -14"><span class='ocrx_word' id='word_1_12' title='bbox 95 353 301 406; x_wconf 87' lang='lat' dir='ltr'>plebejum</span> <span class='ocrx_word' id='word_1_13' title='bbox 343 363 363 391; x_wconf 86' lang='lat' dir='ltr'>a</span> <span class='ocrx_word' id='word_1_14' title='bbox 399 351 546 392; x_wconf 86' lang='lat' dir='ltr'>Photio</span> <span class='ocrx_word' id='word_1_15' title='bbox 586 356 852 392; x_wconf 86' lang='lat' dir='ltr'>memoratum</span> <span class='ocrx_word' id='word_1_16' title='bbox 891 347 1107 404; x_wconf 80' lang='grc' dir='ltr'><em>Σάβυττος</em></span> <span class='ocrx_word' id='word_1_17' title='bbox 1143 373 1197 378; x_wconf 92' lang='grc'>--</span> <span class='ocrx_word' id='word_1_18' title='bbox 1241 346 1288 390; x_wconf 89' lang='grc' dir='ltr'>τὸ</span> <span class='ocrx_word' id='word_1_19' title='bbox 1325 352 1575 402; x_wconf 75' lang='grc' dir='ltr'><em>γυναικεῖον,</em></span> 
     </span>
     <span class='ocr_line' id='line_1_4' title="bbox 97 408 1576 470; baseline -0.002 -12"><span class='ocrx_word' id='word_1_20' title='bbox 97 414 179 459; x_wconf 79' lang='grc' dir='ltr'>ἀπὸ</span> <span class='ocrx_word' id='word_1_21' title='bbox 218 418 294 458; x_wconf 82' lang='grc' dir='ltr'><em>τοῦ</em></span> <span class='ocrx_word' id='word_1_22' title='bbox 333 413 553 457; x_wconf 77' lang='grc' dir='ltr'>σάττεσθαι</span> <span class='ocrx_word' id='word_1_23' title='bbox 590 416 658 457; x_wconf 81' lang='grc' dir='ltr'>καὶ</span> <span class='ocrx_word' id='word_1_24' title='bbox 694 414 891 470; x_wconf 77' lang='grc' dir='ltr'>βύεσθαι,</span> <span class='ocrx_word' id='word_1_25' title='bbox 933 421 973 457; x_wconf 90' lang='lat' dir='ltr'>et</span> <span class='ocrx_word' id='word_1_26' title='bbox 1004 417 1141 468; x_wconf 88' lang='lat' dir='ltr'>paullo</span> <span class='ocrx_word' id='word_1_27' title='bbox 1174 420 1271 468; x_wconf 87' lang='lat' dir='ltr'>post</span> <span class='ocrx_word' id='word_1_28' title='bbox 1302 413 1501 469; x_wconf 83' lang='grc' dir='ltr'><em>Σάραβον</em></span> <span class='ocrx_word' id='word_1_29' title='bbox 1529 408 1576 455; x_wconf 80' lang='grc' dir='ltr'>τὸ</span> 
     </span>
     <span class='ocr_line' id='line_1_5' title="bbox 97 479 1578 538; baseline -0.003 -13"><span class='ocrx_word' id='word_1_30' title='bbox 97 487 334 538; x_wconf 75' lang='grc' dir='ltr'><em>γυναικεῖον</em></span> <span class='ocrx_word' id='word_1_31' title='bbox 370 482 409 523; x_wconf 87' lang='grc' dir='ltr'><em>οἱ</em></span> <span class='ocrx_word' id='word_1_32' title='bbox 437 481 610 536; x_wconf 81' lang='grc' dir='ltr'><em>κωμικοὶ</em></span> <span class='ocrx_word' id='word_1_33' title='bbox 649 484 823 523; x_wconf 79' lang='grc' dir='ltr'><em>καλοῦσι</em></span> <span class='ocrx_word' id='word_1_34' title='bbox 860 481 930 524; x_wconf 82' lang='grc' dir='ltr'>καὶ</span> <span class='ocrx_word' id='word_1_35' title='bbox 960 480 1116 522; x_wconf 78' lang='grc' dir='ltr'><em>σάκταν</em></span> <span class='ocrx_word' id='word_1_36' title='bbox 1145 480 1211 522; x_wconf 79' lang='grc' dir='ltr'>καὶ</span> <span class='ocrx_word' id='word_1_37' title='bbox 1244 479 1450 535; x_wconf 80' lang='grc' dir='ltr'><em>σάβυτταν</em></span> <span class='ocrx_word' id='word_1_38' title='bbox 1480 480 1578 532; x_wconf 85' lang='lat' dir='ltr'>(Sic)</span> 
     </span>
     <span class='ocr_line' id='line_1_6' title="bbox 100 545 1578 601; baseline -0.007 -7"><span class='ocrx_word' id='word_1_39' title='bbox 100 551 174 594; x_wconf 86' lang='lat' dir='ltr'>sed</span> <span class='ocrx_word' id='word_1_40' title='bbox 205 555 340 601; x_wconf 78' lang='lat' dir='ltr'>etymo</span> <span class='ocrx_word' id='word_1_41' title='bbox 373 553 496 590; x_wconf 89' lang='lat' dir='ltr'>caret.</span> <span class='ocrx_word' id='word_1_42' title='bbox 555 549 604 588; x_wconf 85' lang='lat' dir='ltr'>Et</span> <span class='ocrx_word' id='word_1_43' title='bbox 635 549 735 589; x_wconf 88' lang='lat' dir='ltr'>Cres</span> <span class='ocrx_word' id='word_1_44' title='bbox 767 549 928 601; x_wconf 83' lang='lat' dir='ltr'>quidam</span> <span class='ocrx_word' id='word_1_45' title='bbox 959 553 1054 596; x_wconf 79' lang='grc' dir='ltr'><em>παῖς</em></span> <span class='ocrx_word' id='word_1_46' title='bbox 1084 545 1106 588; x_wconf 88' lang='grc' dir='ltr'><strong><em>ὁ</em></strong></span> <span class='ocrx_word' id='word_1_47' title='bbox 1140 545 1358 589; x_wconf 74' lang='grc' dir='ltr'><em>Πολύττου</em></span> <span class='ocrx_word' id='word_1_48' title='bbox 1378 545 1578 587; x_wconf 86' lang='lat' dir='ltr'>Anth.VI.</span> 
     </span>
     <span class='ocr_line' id='line_1_7' title="bbox 98 610 1582 667; baseline -0.003 -11"><span class='ocrx_word' id='word_1_49' title='bbox 98 628 138 657; x_wconf 93' lang='lat' dir='ltr'>n.</span> <span class='ocrx_word' id='word_1_50' title='bbox 175 616 263 658; x_wconf 74' lang='lat'><strong>120.</strong></span> <span class='ocrx_word' id='word_1_51' title='bbox 295 615 368 656; x_wconf 88' lang='lat' dir='ltr'>sed</span> <span class='ocrx_word' id='word_1_52' title='bbox 398 614 627 655; x_wconf 81' lang='lat' dir='ltr'>Brunckius</span> <span class='ocrx_word' id='word_1_53' title='bbox 658 620 697 654; x_wconf 87' lang='lat' dir='ltr'>et</span> <span class='ocrx_word' id='word_1_54' title='bbox 729 616 795 655; x_wconf 86' lang='lat' dir='ltr'>alii</span> <span class='ocrx_word' id='word_1_55' title='bbox 827 627 875 656; x_wconf 80' lang='lat' dir='ltr'>ex</span> <span class='ocrx_word' id='word_1_56' title='bbox 906 626 1046 667; x_wconf 80' lang='lat' dir='ltr'>apogr.</span> <span class='ocrx_word' id='word_1_57' title='bbox 1075 614 1185 665; x_wconf 78' lang='lat' dir='ltr'>Lips.</span> <span class='ocrx_word' id='word_1_58' title='bbox 1213 610 1437 665; x_wconf 77' lang='grc' dir='ltr'><em>Πολύγγου</em></span> <span class='ocrx_word' id='word_1_59' title='bbox 1456 621 1582 664; x_wconf 86' lang='lat' dir='ltr'>prac-</span> 
     </span>
     <span class='ocr_line' id='line_1_8' title="bbox 101 673 1580 736; baseline -0.005 -13"><span class='ocrx_word' id='word_1_60' title='bbox 101 684 246 736; x_wconf 75' lang='lat' dir='ltr'>serunt,</span> <span class='ocrx_word' id='word_1_61' title='bbox 290 680 399 734; x_wconf 86' lang='lat' dir='ltr'>quod</span> <span class='ocrx_word' id='word_1_62' title='bbox 438 692 487 721; x_wconf 82' lang='lat' dir='ltr'>ex</span> <span class='ocrx_word' id='word_1_63' title='bbox 530 677 779 731; x_wconf 77' lang='grc' dir='ltr'><em>Πολυγόνου</em></span> <span class='ocrx_word' id='word_1_64' title='bbox 816 685 1070 721; x_wconf 85' lang='lat' dir='ltr'>contractum</span> <span class='ocrx_word' id='word_1_65' title='bbox 1110 684 1252 731; x_wconf 82' lang='lat' dir='ltr'>putant</span> <span class='ocrx_word' id='word_1_66' title='bbox 1292 680 1362 731; x_wconf 94' lang='lat' dir='ltr'>(ut</span> <span class='ocrx_word' id='word_1_67' title='bbox 1398 673 1580 729; x_wconf 75' lang='grc' dir='ltr'><em>νεογνός,</em></span> 
     </span>
     <span class='ocr_line' id='line_1_9' title="bbox 101 742 1583 801; baseline -0.004 -13"><span class='ocrx_word' id='word_1_68' title='bbox 101 748 260 801; x_wconf 80' lang='grc' dir='ltr'><em>δίφρος,</em></span> <span class='ocrx_word' id='word_1_69' title='bbox 291 743 488 800; x_wconf 70' lang='grc' dir='ltr'><em>μεσόδμῃ)</em></span> <span class='ocrx_word' id='word_1_70' title='bbox 520 757 596 786; x_wconf 90' lang='lat' dir='ltr'>nec</span> <span class='ocrx_word' id='word_1_71' title='bbox 623 746 745 794; x_wconf 72' lang='lat' dir='ltr'>longe</span> <span class='ocrx_word' id='word_1_72' title='bbox 778 745 902 785; x_wconf 85' lang='lat' dir='ltr'>distat</span> <span class='ocrx_word' id='word_1_73' title='bbox 937 742 1168 785; x_wconf 73' lang='grc' dir='ltr'><em>Πολύλλου.</em></span> <span class='ocrx_word' id='word_1_74' title='bbox 1212 746 1391 785; x_wconf 89' lang='lat' dir='ltr'>Atticum</span> <span class='ocrx_word' id='word_1_75' title='bbox 1423 742 1583 795; x_wconf 87' lang='lat' dir='ltr'>quidem</span> 
     </span>
     <span class='ocr_line' id='line_1_10' title="bbox 101 808 1585 863; baseline -0.005 -8"><span class='ocrx_word' id='word_1_76' title='bbox 101 825 251 855; x_wconf 88' lang='lat' dir='ltr'>nomen</span> <span class='ocrx_word' id='word_1_77' title='bbox 286 813 503 852; x_wconf 77' lang='grc' dir='ltr'><em>Πολυτίων</em></span> <span class='ocrx_word' id='word_1_78' title='bbox 532 811 764 851; x_wconf 81' lang='lat' dir='ltr'>Pllerecrat.</span> <span class='ocrx_word' id='word_1_79' title='bbox 797 811 963 863; x_wconf 69' lang='lat' dir='ltr'>ypsilon</span> <span class='ocrx_word' id='word_1_80' title='bbox 995 811 1118 850; x_wconf 87' lang='lat' dir='ltr'>breve</span> <span class='ocrx_word' id='word_1_81' title='bbox 1150 810 1272 850; x_wconf 86' lang='lat' dir='ltr'>habet</span> <span class='ocrx_word' id='word_1_82' title='bbox 1302 820 1378 849; x_wconf 92' lang='lat' dir='ltr'>nec</span> <span class='ocrx_word' id='word_1_83' title='bbox 1411 808 1585 860; x_wconf 86' lang='lat' dir='ltr'>simplex</span> 
     </span>
     <span class='ocr_line' id='line_1_11' title="bbox 102 872 1584 931; baseline -0.004 -12"><span class='ocrx_word' id='word_1_84' title='bbox 102 879 262 920; x_wconf 82' lang='lat' dir='ltr'>videtur</span> <span class='ocrx_word' id='word_1_85' title='bbox 300 883 342 918; x_wconf 82' lang='lat' dir='ltr'>ut</span> <span class='ocrx_word' id='word_1_86' title='bbox 369 873 598 926; x_wconf 79' lang='grc' dir='ltr'><em>Ὀρνυτίων</em></span> <span class='ocrx_word' id='word_1_87' title='bbox 626 876 746 917; x_wconf 81' lang='lat' dir='ltr'>Paus.</span> <span class='ocrx_word' id='word_1_88' title='bbox 776 877 822 918; x_wconf 86' lang='grc' dir='ltr'>ΙΙ.</span> <span class='ocrx_word' id='word_1_89' title='bbox 853 878 890 931; x_wconf 75' lang='grc'>4,</span> <span class='ocrx_word' id='word_1_90' title='bbox 920 877 956 918; x_wconf 86' lang='lat'>3.</span> <span class='ocrx_word' id='word_1_91' title='bbox 988 877 1037 916; x_wconf 84' lang='lat' dir='ltr'>ab</span> <span class='ocrx_word' id='word_1_92' title='bbox 1058 873 1285 927; x_wconf 80' lang='grc' dir='ltr'><em>”Ορνυτος,</em></span> <span class='ocrx_word' id='word_1_93' title='bbox 1321 872 1504 928; x_wconf 82' lang='grc' dir='ltr'><em>Ἰφιτίων</em></span> <span class='ocrx_word' id='word_1_94' title='bbox 1533 873 1584 913; x_wconf 89' lang='lat' dir='ltr'>ab</span> 
     </span>
     <span class='ocr_line' id='line_1_12' title="bbox 91 936 1585 999; baseline -0.004 -14"><span class='ocrx_word' id='word_1_95' title='bbox 91 943 260 999; x_wconf 72' lang='grc' dir='ltr'><em>Ἴφιτος,</em></span> <span class='ocrx_word' id='word_1_96' title='bbox 290 939 403 997; x_wconf 75' lang='grc' dir='ltr'><em>παρὰ</em></span> <span class='ocrx_word' id='word_1_97' title='bbox 431 938 477 982; x_wconf 87' lang='grc' dir='ltr'>τὸ</span> <span class='ocrx_word' id='word_1_98' title='bbox 507 936 630 992; x_wconf 76' lang='grc' dir='ltr'><em>εὐρύς</em></span> <span class='ocrx_word' id='word_1_99' title='bbox 660 939 852 993; x_wconf 79' lang='grc' dir='ltr'><em>Εὔρυτος</em></span> <span class='ocrx_word' id='word_1_100' title='bbox 882 938 1103 994; x_wconf 77' lang='grc' dir='ltr'><em>Εὐρυτίων</em></span> <span class='ocrx_word' id='word_1_101' title='bbox 1131 942 1217 982; x_wconf 84' lang='lat' dir='ltr'>EM.</span> <span class='ocrx_word' id='word_1_102' title='bbox 1245 940 1338 992; x_wconf 79' lang='lat'>396,</span> <span class='ocrx_word' id='word_1_103' title='bbox 1361 940 1425 981; x_wconf 83' lang='grc'>51.</span> <span class='ocrx_word' id='word_1_104' title='bbox 1457 951 1480 979; x_wconf 84' lang='lat' dir='ltr'>a</span> <span class='ocrx_word' id='word_1_105' title='bbox 1501 940 1585 980; x_wconf 90' lang='lat' dir='ltr'>SO-</span> 
     </span>
     <span class='ocr_line' id='line_1_13' title="bbox 105 1003 1586 1060; baseline -0.005 -8"><span class='ocrx_word' id='word_1_106' title='bbox 105 1016 240 1052; x_wconf 87' lang='lat' dir='ltr'>crates</span> <span class='ocrx_word' id='word_1_107' title='bbox 273 1010 492 1051; x_wconf 77' lang='lat' dir='ltr'>Socration</span> <span class='ocrx_word' id='word_1_108' title='bbox 514 1006 657 1048; x_wconf 88' lang='lat' dir='ltr'>Catull.</span> <span class='ocrx_word' id='word_1_109' title='bbox 684 1018 714 1047; x_wconf 92' lang='lat' dir='ltr'>c.</span> <span class='ocrx_word' id='word_1_110' title='bbox 737 1008 888 1048; x_wconf 82' lang='lat' dir='ltr'>XLVII.</span> <span class='ocrx_word' id='word_1_111' title='bbox 920 1008 969 1048; x_wconf 85' lang='lat' dir='ltr'>ab</span> <span class='ocrx_word' id='word_1_112' title='bbox 995 1004 1185 1060; x_wconf 77' lang='grc' dir='ltr'><em>Ἱππότης</em></span> <span class='ocrx_word' id='word_1_113' title='bbox 1204 1004 1433 1056; x_wconf 77' lang='grc' dir='ltr'><em>Ἱπποτίων,</em></span> <span class='ocrx_word' id='word_1_114' title='bbox 1449 1006 1482 1031; x_wconf 77' lang='lat'>¹0</span> <span class='ocrx_word' id='word_1_115' title='bbox 1513 1003 1586 1045; x_wconf 89' lang='lat' dir='ltr'>sed</span> 
     </span>
     <span class='ocr_line' id='line_1_14' title="bbox 106 1069 1589 1129; baseline -0.005 -11"><span class='ocrx_word' id='word_1_116' title='bbox 106 1077 379 1129; x_wconf 81' lang='lat' dir='ltr'>compositum</span> <span class='ocrx_word' id='word_1_117' title='bbox 410 1079 453 1115; x_wconf 89' lang='lat' dir='ltr'>ut</span> <span class='ocrx_word' id='word_1_118' title='bbox 478 1069 735 1124; x_wconf 75' lang='grc' dir='ltr'><em>Ἀνδροτίων.</em></span> <span class='ocrx_word' id='word_1_119' title='bbox 784 1073 991 1114; x_wconf 88' lang='lat' dir='ltr'>Feminina</span> <span class='ocrx_word' id='word_1_120' title='bbox 1014 1075 1167 1125; x_wconf 88' lang='lat' dir='ltr'>primae</span> <span class='ocrx_word' id='word_1_121' title='bbox 1188 1072 1471 1113; x_wconf 71' lang='lat' dir='ltr'>declinationis</span> <span class='ocrx_word' id='word_1_122' title='bbox 1494 1074 1589 1110; x_wconf 85' lang='lat' dir='ltr'>sunt</span> 
     </span>
     <span class='ocr_line' id='line_1_15' title="bbox 104 1134 1589 1191; baseline -0.005 -8"><span class='ocrx_word' id='word_1_123' title='bbox 104 1143 315 1184; x_wconf 90' lang='lat' dir='ltr'>mulierum</span> <span class='ocrx_word' id='word_1_124' title='bbox 349 1141 513 1181; x_wconf 88' lang='lat' dir='ltr'>nomina</span> <span class='ocrx_word' id='word_1_125' title='bbox 554 1152 577 1179; x_wconf 87' lang='lat' dir='ltr'>a</span> <span class='ocrx_word' id='word_1_126' title='bbox 613 1139 851 1179; x_wconf 74' lang='lat' dir='ltr'>masculinis</span> <span class='ocrx_word' id='word_1_127' title='bbox 884 1139 1085 1179; x_wconf 85' lang='lat' dir='ltr'>declinata</span> <span class='ocrx_word' id='word_1_128' title='bbox 1110 1134 1271 1191; x_wconf 78' lang='grc' dir='ltr'><em>Ἀνύτη,</em></span> <span class='ocrx_word' id='word_1_129' title='bbox 1307 1135 1518 1190; x_wconf 75' lang='grc' dir='ltr'>Πινύτη17</span> <span class='ocrx_word' id='word_1_130' title='bbox 1549 1139 1589 1176; x_wconf 84' lang='lat' dir='ltr'>et</span> 
     </span>
     <span class='ocr_line' id='line_1_16' title="bbox 105 1200 1586 1259; baseline -0.004 -10"><span class='ocrx_word' id='word_1_131' title='bbox 105 1209 263 1249; x_wconf 85' lang='lat' dir='ltr'>urbium</span> <span class='ocrx_word' id='word_1_132' title='bbox 291 1202 448 1259; x_wconf 78' lang='grc' dir='ltr'><em>Ἀφύτη</em></span> <span class='ocrx_word' id='word_1_133' title='bbox 480 1203 692 1259; x_wconf 71' lang='grc' dir='ltr'><em>ἣἌφυτις</em></span> <span class='ocrx_word' id='word_1_134' title='bbox 712 1203 780 1245; x_wconf 80' lang='grc' dir='ltr'>καὶ</span> <span class='ocrx_word' id='word_1_135' title='bbox 803 1200 997 1257; x_wconf 73' lang='grc' dir='ltr'><em>Ἀφύτειοε</em></span> <span class='ocrx_word' id='word_1_136' title='bbox 1017 1201 1098 1245; x_wconf 72' lang='grc' dir='ltr'>ἀπὸ</span> <span class='ocrx_word' id='word_1_137' title='bbox 1115 1201 1297 1258; x_wconf 78' lang='grc' dir='ltr'><em>Ἀφύτου</em></span> <span class='ocrx_word' id='word_1_138' title='bbox 1313 1200 1424 1251; x_wconf 82' lang='grc' dir='ltr'><em>τινός</em></span> <span class='ocrx_word' id='word_1_139' title='bbox 1445 1201 1586 1254; x_wconf 78' lang='lat' dir='ltr'>Steph.</span> 
     </span>
     <span class='ocr_line' id='line_1_17' title="bbox 116 1268 1590 1326; baseline -0.004 -12"><span class='ocrx_word' id='word_1_140' title='bbox 116 1272 278 1326; x_wconf 74' lang='grc' dir='ltr'><em>Κοσὺτη</em></span> <span class='ocrx_word' id='word_1_141' title='bbox 316 1273 527 1326; x_wconf 79' lang='lat' dir='ltr'>Umbriae,</span> <span class='ocrx_word' id='word_1_142' title='bbox 568 1272 715 1324; x_wconf 85' lang='lat' dir='ltr'>quibus</span> <span class='ocrx_word' id='word_1_143' title='bbox 755 1271 1025 1322; x_wconf 79' lang='lat' dir='ltr'>adjungantur</span> <span class='ocrx_word' id='word_1_144' title='bbox 1063 1268 1282 1322; x_wconf 77' lang='grc' dir='ltr'><em>Λιρνύτεια</em></span> <span class='ocrx_word' id='word_1_145' title='bbox 1314 1269 1590 1322; x_wconf 76' lang='lat' dir='ltr'>Pamphyliae,</span> 
     </span>
     <span class='ocr_line' id='line_1_18' title="bbox 109 1334 1589 1391; baseline -0.004 -11"><span class='ocrx_word' id='word_1_146' title='bbox 109 1337 278 1391; x_wconf 80' lang='grc' dir='ltr'><em>Βέρυτις</em></span> <span class='ocrx_word' id='word_1_147' title='bbox 309 1334 460 1391; x_wconf 77' lang='grc' dir='ltr'><em>τρωικὴ</em></span> <span class='ocrx_word' id='word_1_148' title='bbox 498 1335 635 1387; x_wconf 76' lang='grc' dir='ltr'><em>πόλις,</em></span> <span class='ocrx_word' id='word_1_149' title='bbox 679 1334 863 1384; x_wconf 68' lang='grc' dir='ltr'><em>Κάνυτις</em></span> <span class='ocrx_word' id='word_1_150' title='bbox 902 1338 1066 1389; x_wconf 70' lang='lat' dir='ltr'>Syriae,</span> <span class='ocrx_word' id='word_1_151' title='bbox 1109 1334 1307 1389; x_wconf 73' lang='grc' dir='ltr'>Ζὴβυττις</span> <span class='ocrx_word' id='word_1_152' title='bbox 1343 1337 1496 1386; x_wconf 75' lang='lat' dir='ltr'>Libyae</span> <span class='ocrx_word' id='word_1_153' title='bbox 1536 1357 1589 1362; x_wconf 90' lang='lat'>—</span> 
     </span>
     <span class='ocr_line' id='line_1_19' title="bbox 97 1399 1586 1459; baseline -0.005 -12"><span class='ocrx_word' id='word_1_154' title='bbox 97 1403 266 1459; x_wconf 64' lang='grc' dir='ltr'>’Ἀμυτις</span> <span class='ocrx_word' id='word_1_155' title='bbox 302 1406 450 1445; x_wconf 69' lang='lat' dir='ltr'>Xerxis</span> <span class='ocrx_word' id='word_1_156' title='bbox 493 1404 572 1443; x_wconf 84' lang='lat' dir='ltr'>filia</span> <span class='ocrx_word' id='word_1_157' title='bbox 612 1403 771 1444; x_wconf 85' lang='lat' dir='ltr'>Ctesias</span> <span class='ocrx_word' id='word_1_158' title='bbox 808 1403 924 1443; x_wconf 89' lang='lat' dir='ltr'>Phot.</span> <span class='ocrx_word' id='word_1_159' title='bbox 966 1414 1002 1453; x_wconf 86' lang='lat' dir='ltr'>p.</span> <span class='ocrx_word' id='word_1_160' title='bbox 1033 1404 1096 1443; x_wconf 74' lang='lat'>57.</span> <span class='ocrx_word' id='word_1_161' title='bbox 1136 1403 1272 1443; x_wconf 75' lang='lat' dir='ltr'>&#39;l‘zetz.</span> <span class='ocrx_word' id='word_1_162' title='bbox 1315 1402 1414 1442; x_wconf 87' lang='lat' dir='ltr'>Chil.</span> <span class='ocrx_word' id='word_1_163' title='bbox 1455 1401 1482 1441; x_wconf 91' lang='grc' dir='ltr'>Ι.</span> <span class='ocrx_word' id='word_1_164' title='bbox 1520 1399 1586 1441; x_wconf 80' lang='grc'>96.</span> 
     </span>
     <span class='ocr_line' id='line_1_20' title="bbox 111 1465 1589 1525; baseline -0.005 -13"><span class='ocrx_word' id='word_1_165' title='bbox 111 1485 215 1525; x_wconf 87' lang='lat' dir='ltr'>quae</span> <span class='ocrx_word' id='word_1_166' title='bbox 241 1467 426 1516; x_wconf 73' lang='grc' dir='ltr'><em>Ἀνοῦτις</em></span> <span class='ocrx_word' id='word_1_167' title='bbox 457 1469 599 1508; x_wconf 86' lang='lat' dir='ltr'>dicitur</span> <span class='ocrx_word' id='word_1_168' title='bbox 622 1468 896 1508; x_wconf 83' lang='lat' dir='ltr'>circumducta</span> <span class='ocrx_word' id='word_1_169' title='bbox 913 1468 1134 1519; x_wconf 87' lang='lat' dir='ltr'>penultima</span> <span class='ocrx_word' id='word_1_170' title='bbox 1154 1469 1295 1508; x_wconf 73' lang='lat' dir='ltr'>Athen.</span> <span class='ocrx_word' id='word_1_171' title='bbox 1318 1467 1419 1508; x_wconf 79' lang='lat' dir='ltr'>XIII.</span> <span class='ocrx_word' id='word_1_172' title='bbox 1439 1465 1529 1507; x_wconf 75' lang='lat'>(500.</span> <span class='ocrx_word' id='word_1_173' title='bbox 1542 1466 1589 1506; x_wconf 87' lang='lat' dir='ltr'>A.</span> 
     </span>
     <span class='ocr_line' id='line_1_21' title="bbox 112 1534 1591 1586; baseline -0.005 -9"><span class='ocrx_word' id='word_1_174' title='bbox 112 1542 156 1577; x_wconf 89' lang='lat' dir='ltr'>ut</span> <span class='ocrx_word' id='word_1_175' title='bbox 187 1537 356 1582; x_wconf 75' lang='grc' dir='ltr'><em>Χελῦτις</em></span> <span class='ocrx_word' id='word_1_176' title='bbox 394 1536 548 1575; x_wconf 83' lang='lat' dir='ltr'>Dianae</span> <span class='ocrx_word' id='word_1_177' title='bbox 581 1535 802 1586; x_wconf 85' lang='lat' dir='ltr'>epitheton.</span> <span class='ocrx_word' id='word_1_178' title='bbox 862 1534 1123 1585; x_wconf 83' lang='lat' dir='ltr'>Appellativa</span> <span class='ocrx_word' id='word_1_179' title='bbox 1153 1535 1262 1574; x_wconf 85' lang='lat' dir='ltr'>nulla</span> <span class='ocrx_word' id='word_1_180' title='bbox 1293 1537 1387 1574; x_wconf 88' lang='lat' dir='ltr'>sunt</span> <span class='ocrx_word' id='word_1_181' title='bbox 1427 1536 1591 1583; x_wconf 87' lang='lat' dir='ltr'>praeter</span> 
     </span>
     <span class='ocr_line' id='line_1_22' title="bbox 112 1595 1593 1654; baseline -0.003 -12"><span class='ocrx_word' id='word_1_182' title='bbox 112 1603 279 1643; x_wconf 83' lang='lat' dir='ltr'>verbale</span> <span class='ocrx_word' id='word_1_183' title='bbox 311 1597 416 1654; x_wconf 77' lang='grc' dir='ltr'>ἀϋτή</span> <span class='ocrx_word' id='word_1_184' title='bbox 449 1602 497 1641; x_wconf 85' lang='lat' dir='ltr'>ab</span> <span class='ocrx_word' id='word_1_185' title='bbox 530 1596 620 1640; x_wconf 76' lang='grc' dir='ltr'>ἆῦω</span> <span class='ocrx_word' id='word_1_186' title='bbox 652 1605 694 1639; x_wconf 85' lang='grc'>111</span> <span class='ocrx_word' id='word_1_187' title='bbox 725 1595 827 1652; x_wconf 53' lang='lat' dir='ltr'>dciv]</span> <span class='ocrx_word' id='word_1_188' title='bbox 859 1599 908 1638; x_wconf 88' lang='lat' dir='ltr'>ab</span> <span class='ocrx_word' id='word_1_189' title='bbox 935 1595 1045 1649; x_wconf 80' lang='grc' dir='ltr'><em>ἀάω,</em></span> <span class='ocrx_word' id='word_1_190' title='bbox 1084 1611 1175 1639; x_wconf 90' lang='lat' dir='ltr'>nam</span> <span class='ocrx_word' id='word_1_191' title='bbox 1202 1595 1349 1651; x_wconf 77' lang='grc' dir='ltr'><em>πινυτή</em></span> <span class='ocrx_word' id='word_1_192' title='bbox 1380 1599 1429 1637; x_wconf 89' lang='lat' dir='ltr'>iis</span> <span class='ocrx_word' id='word_1_193' title='bbox 1461 1597 1593 1637; x_wconf 88' lang='lat' dir='ltr'>adnu—</span> 
     </span>
     <span class='ocr_line' id='line_1_23' title="bbox 112 1663 1594 1719; baseline -0.003 -11"><span class='ocrx_word' id='word_1_194' title='bbox 112 1669 259 1709; x_wconf 90' lang='lat' dir='ltr'>merari</span> <span class='ocrx_word' id='word_1_195' title='bbox 292 1672 429 1719; x_wconf 86' lang='lat' dir='ltr'>potest</span> <span class='ocrx_word' id='word_1_196' title='bbox 459 1678 562 1718; x_wconf 86' lang='lat' dir='ltr'>quae</span> <span class='ocrx_word' id='word_1_197' title='bbox 595 1677 641 1705; x_wconf 78' lang='lat' dir='ltr'>ex</span> <span class='ocrx_word' id='word_1_198' title='bbox 674 1665 888 1716; x_wconf 79' lang='lat' dir='ltr'>adjectivis</span> <span class='ocrx_word' id='word_1_199' title='bbox 919 1666 1026 1704; x_wconf 84' lang='lat' dir='ltr'>sacta</span> <span class='ocrx_word' id='word_1_200' title='bbox 1058 1670 1151 1705; x_wconf 88' lang='lat' dir='ltr'>sunt</span> <span class='ocrx_word' id='word_1_201' title='bbox 1174 1665 1431 1705; x_wconf 82' lang='lat' dir='ltr'>substantiva</span> <span class='ocrx_word' id='word_1_202' title='bbox 1451 1676 1487 1704; x_wconf 88' lang='lat' dir='ltr'>v.</span> <span class='ocrx_word' id='word_1_203' title='bbox 1511 1663 1594 1703; x_wconf 88' lang='lat' dir='ltr'>Pa—</span> 
     </span>
     <span class='ocr_line' id='line_1_24' title="bbox 113 1726 1592 1786; baseline -0.003 -12"><span class='ocrx_word' id='word_1_204' title='bbox 113 1734 200 1775; x_wconf 80' lang='lat' dir='ltr'>rall.</span> <span class='ocrx_word' id='word_1_205' title='bbox 231 1733 321 1774; x_wconf 79' lang='lat'>300.</span> <span class='ocrx_word' id='word_1_206' title='bbox 371 1733 448 1773; x_wconf 83' lang='lat' dir='ltr'>Pro</span> <span class='ocrx_word' id='word_1_207' title='bbox 483 1729 659 1786; x_wconf 75' lang='grc' dir='ltr'><em>Κορύτει</em></span> <span class='ocrx_word' id='word_1_208' title='bbox 689 1732 738 1784; x_wconf 75' lang='grc' dir='ltr'>τῇ</span> <span class='ocrx_word' id='word_1_209' title='bbox 769 1731 927 1784; x_wconf 75' lang='grc' dir='ltr'><em>κεφαλῇ</em></span> <span class='ocrx_word' id='word_1_210' title='bbox 948 1731 1043 1772; x_wconf 77' lang='lat' dir='ltr'>Hes.</span> <span class='ocrx_word' id='word_1_211' title='bbox 1067 1731 1259 1772; x_wconf 82' lang='lat' dir='ltr'>Musurus</span> <span class='ocrx_word' id='word_1_212' title='bbox 1281 1730 1402 1771; x_wconf 79' lang='lat' dir='ltr'>edidit</span> <span class='ocrx_word' id='word_1_213' title='bbox 1422 1726 1592 1782; x_wconf 64' lang='grc' dir='ltr'><em>κορύνῃ,</em></span> 
     </span>
    </p>
   </div>
   <div class='ocr_carea' id='block_1_3' title="bbox 113 1864 287 1870">
    <p class='ocr_par' dir='ltr' id='par_1_3' title="bbox 113 1864 287 1870">
     <span class='ocr_line' id='line_1_25' title="bbox 113 1864 287 1870; baseline 0 0"><span class='ocrx_word' id='word_1_214' title='bbox 113 1864 287 1870; x_wconf 95' lang='lat' dir='ltr'> </span> 
     </span>
    </p>
   </div>
   <div class='ocr_carea' id='block_1_4' title="bbox 113 1936 1596 2261">
    <p class='ocr_par' dir='ltr' id='par_1_4' title="bbox 113 1936 1596 2261">
     <span class='ocr_line' id='line_1_26' title="bbox 209 1936 1595 1984; baseline -0.006 -6"><span class='ocrx_word' id='word_1_215' title='bbox 209 1943 266 1984; x_wconf 87' lang='grc'>16)</span> <span class='ocrx_word' id='word_1_216' title='bbox 292 1942 365 1976; x_wconf 85' lang='lat' dir='ltr'>lIoc</span> <span class='ocrx_word' id='word_1_217' title='bbox 392 1945 506 1975; x_wconf 82' lang='lat' dir='ltr'>tamen</span> <span class='ocrx_word' id='word_1_218' title='bbox 533 1941 729 1984; x_wconf 75' lang='lat' dir='ltr'>ambiguum</span> <span class='ocrx_word' id='word_1_219' title='bbox 758 1945 809 1975; x_wconf 79' lang='lat' dir='ltr'>est</span> <span class='ocrx_word' id='word_1_220' title='bbox 834 1941 980 1984; x_wconf 84' lang='lat' dir='ltr'>simplex</span> <span class='ocrx_word' id='word_1_221' title='bbox 1006 1941 1048 1974; x_wconf 84' lang='lat' dir='ltr'>sit</span> <span class='ocrx_word' id='word_1_222' title='bbox 1075 1949 1115 1973; x_wconf 84' lang='lat' dir='ltr'>au</span> <span class='ocrx_word' id='word_1_223' title='bbox 1143 1939 1371 1982; x_wconf 74' lang='lat' dir='ltr'>compositum</span> <span class='ocrx_word' id='word_1_224' title='bbox 1396 1942 1433 1972; x_wconf 85' lang='lat' dir='ltr'>ut</span> <span class='ocrx_word' id='word_1_225' title='bbox 1453 1936 1595 1982; x_wconf 68' lang='grc' dir='ltr'><em>Ἀνδρο-</em></span> 
     </span>
     <span class='ocr_line' id='line_1_27' title="bbox 116 1994 1596 2040; baseline -0.002 -11"><span class='ocrx_word' id='word_1_226' title='bbox 116 2000 218 2034; x_wconf 72' lang='grc' dir='ltr'><em>τίων,</em></span> <span class='ocrx_word' id='word_1_227' title='bbox 244 1997 438 2034; x_wconf 50' lang='lat' dir='ltr'>Helinium,</span> <span class='ocrx_word' id='word_1_228' title='bbox 466 1997 528 2031; x_wconf 84' lang='lat' dir='ltr'>sed</span> <span class='ocrx_word' id='word_1_229' title='bbox 551 1997 743 2040; x_wconf 68' lang='grc' dir='ltr'>Ἀρχετίων</span> <span class='ocrx_word' id='word_1_230' title='bbox 768 1997 865 2031; x_wconf 78' lang='lat' dir='ltr'>Dein.</span> <span class='ocrx_word' id='word_1_231' title='bbox 896 2006 926 2030; x_wconf 84' lang='lat' dir='ltr'>c.</span> <span class='ocrx_word' id='word_1_232' title='bbox 954 1996 1035 2029; x_wconf 80' lang='lat' dir='ltr'>Mid.</span> <span class='ocrx_word' id='word_1_233' title='bbox 1062 1996 1147 2037; x_wconf 79' lang='grc'>558,</span> <span class='ocrx_word' id='word_1_234' title='bbox 1183 1995 1238 2029; x_wconf 85' lang='grc'>21.</span> <span class='ocrx_word' id='word_1_235' title='bbox 1277 1994 1317 2027; x_wconf 75' lang='lat' dir='ltr'>ab</span> <span class='ocrx_word' id='word_1_236' title='bbox 1351 1994 1516 2037; x_wconf 68' lang='grc' dir='ltr'>Ἀρχίῑης</span> <span class='ocrx_word' id='word_1_237' title='bbox 1543 1998 1596 2034; x_wconf 69' lang='lat' dir='ltr'>(ut</span> 
     </span>
     <span class='ocr_line' id='line_1_28' title="bbox 113 2048 1596 2095; baseline -0.003 -10"><span class='ocrx_word' id='word_1_238' title='bbox 113 2052 289 2095; x_wconf 44' lang='grc' dir='ltr'>Ἀλκέτᾳ)</span> <span class='ocrx_word' id='word_1_239' title='bbox 317 2052 524 2086; x_wconf 80' lang='lat' dir='ltr'>declinatum</span> <span class='ocrx_word' id='word_1_240' title='bbox 552 2052 718 2094; x_wconf 69' lang='lat' dir='ltr'>dixerim3</span> <span class='ocrx_word' id='word_1_241' title='bbox 746 2052 930 2086; x_wconf 82' lang='lat' dir='ltr'>Archetius</span> <span class='ocrx_word' id='word_1_242' title='bbox 956 2052 1047 2093; x_wconf 71' lang='lat' dir='ltr'>Virg.</span> <span class='ocrx_word' id='word_1_243' title='bbox 1074 2052 1160 2085; x_wconf 84' lang='lat' dir='ltr'>Aen.</span> <span class='ocrx_word' id='word_1_244' title='bbox 1187 2049 1260 2083; x_wconf 89' lang='lat' dir='ltr'>XII.</span> <span class='ocrx_word' id='word_1_245' title='bbox 1286 2049 1363 2084; x_wconf 80' lang='lat'>459.</span> <span class='ocrx_word' id='word_1_246' title='bbox 1390 2048 1502 2082; x_wconf 82' lang='lat' dir='ltr'>Rutuli</span> <span class='ocrx_word' id='word_1_247' title='bbox 1528 2058 1596 2081; x_wconf 88' lang='lat' dir='ltr'>no-</span> 
     </span>
     <span class='ocr_line' id='line_1_29' title="bbox 119 2103 1595 2151; baseline -0.006 -7"><span class='ocrx_word' id='word_1_248' title='bbox 119 2119 196 2144; x_wconf 87' lang='lat' dir='ltr'>men</span> <span class='ocrx_word' id='word_1_249' title='bbox 228 2108 371 2142; x_wconf 68' lang='lat' dir='ltr'>sortasse</span> <span class='ocrx_word' id='word_1_250' title='bbox 399 2108 578 2141; x_wconf 83' lang='lat' dir='ltr'>barbarum</span> <span class='ocrx_word' id='word_1_251' title='bbox 605 2109 713 2150; x_wconf 78' lang='lat' dir='ltr'>magis</span> <span class='ocrx_word' id='word_1_252' title='bbox 737 2117 837 2151; x_wconf 85' lang='lat' dir='ltr'>quam</span> <span class='ocrx_word' id='word_1_253' title='bbox 874 2117 1057 2149; x_wconf 60' lang='lat' dir='ltr'>graecunu</span> <span class='ocrx_word' id='word_1_254' title='bbox 1094 2106 1287 2148; x_wconf 76' lang='lat' dir='ltr'>Aegyptius</span> <span class='ocrx_word' id='word_1_255' title='bbox 1322 2103 1461 2147; x_wconf 84' lang='lat' dir='ltr'>quidam</span> <span class='ocrx_word' id='word_1_256' title='bbox 1494 2104 1595 2135; x_wconf 73' lang='grc' dir='ltr'><em>Φιλι-</em></span> 
     </span>
     <span class='ocr_line' id='line_1_30' title="bbox 119 2159 1595 2206; baseline -0.001 -11"><span class='ocrx_word' id='word_1_257' title='bbox 119 2166 204 2195; x_wconf 65' lang='grc' dir='ltr'><em>τίωι»</em></span> <span class='ocrx_word' id='word_1_258' title='bbox 228 2164 356 2197; x_wconf 79' lang='lat' dir='ltr'>Herod.</span> <span class='ocrx_word' id='word_1_259' title='bbox 386 2164 428 2197; x_wconf 88' lang='grc'>11.</span> <span class='ocrx_word' id='word_1_260' title='bbox 459 2164 532 2199; x_wconf 75' lang='grc'><strong>128.</strong></span> <span class='ocrx_word' id='word_1_261' title='bbox 564 2165 663 2205; x_wconf 87' lang='lat' dir='ltr'>cujus</span> <span class='ocrx_word' id='word_1_262' title='bbox 689 2164 859 2206; x_wconf 81' lang='lat' dir='ltr'>scriptura</span> <span class='ocrx_word' id='word_1_263' title='bbox 892 2163 925 2195; x_wconf 91' lang='lat' dir='ltr'>in</span> <span class='ocrx_word' id='word_1_264' title='bbox 957 2161 1058 2194; x_wconf 74' lang='lat' dir='ltr'>cedd.</span> <span class='ocrx_word' id='word_1_265' title='bbox 1090 2161 1218 2201; x_wconf 77' lang='lat' dir='ltr'>variat;</span> <span class='ocrx_word' id='word_1_266' title='bbox 1254 2161 1282 2192; x_wconf 86' lang='lat' dir='ltr'>si</span> <span class='ocrx_word' id='word_1_267' title='bbox 1310 2159 1463 2193; x_wconf 86' lang='lat' dir='ltr'>Graecus</span> <span class='ocrx_word' id='word_1_268' title='bbox 1490 2162 1595 2202; x_wconf 74' lang='lat' dir='ltr'>essct,</span> 
     </span>
     <span class='ocr_line' id='line_1_31' title="bbox 120 2213 1518 2261; baseline -0.004 -10"><span class='ocrx_word' id='word_1_269' title='bbox 120 2219 318 2251; x_wconf 70' lang='grc' dir='ltr'>Φιλιστίων</span> <span class='ocrx_word' id='word_1_270' title='bbox 346 2219 547 2261; x_wconf 79' lang='lat' dir='ltr'>scriberem,</span> <span class='ocrx_word' id='word_1_271' title='bbox 573 2220 629 2253; x_wconf 81' lang='lat' dir='ltr'>vel</span> <span class='ocrx_word' id='word_1_272' title='bbox 658 2220 841 2259; x_wconf 65' lang='grc' dir='ltr'>Φιλιῃίων</span> <span class='ocrx_word' id='word_1_273' title='bbox 870 2216 971 2261; x_wconf 86' lang='lat' dir='ltr'>Corp.</span> <span class='ocrx_word' id='word_1_274' title='bbox 1000 2217 1105 2249; x_wconf 76' lang='lat' dir='ltr'>lnscr.</span> <span class='ocrx_word' id='word_1_275' title='bbox 1137 2225 1169 2249; x_wconf 90' lang='lat' dir='ltr'>n.</span> <span class='ocrx_word' id='word_1_276' title='bbox 1197 2215 1275 2250; x_wconf 74' lang='lat'><strong>898.</strong></span> <span class='ocrx_word' id='word_1_277' title='bbox 1304 2225 1322 2248; x_wconf 86' lang='lat' dir='ltr'>a</span> <span class='ocrx_word' id='word_1_278' title='bbox 1350 2213 1518 2254; x_wconf 72' lang='grc' dir='ltr'>Φιλήῑης.</span> 
     </span>
    </p>
   </div>
   <div class='ocr_carea' id='block_1_5' title="bbox 121 2278 1600 2769">
    <p class='ocr_par' dir='ltr' id='par_1_5' title="bbox 121 2278 1600 2769">
     <span class='ocr_line' id='line_1_32' title="bbox 213 2278 1596 2328; baseline -0.005 -9"><span class='ocrx_word' id='word_1_279' title='bbox 213 2287 268 2328; x_wconf 83' lang='grc'>17)</span> <span class='ocrx_word' id='word_1_280' title='bbox 299 2286 372 2319; x_wconf 80' lang='lat' dir='ltr'>Hoc.</span> <span class='ocrx_word' id='word_1_281' title='bbox 398 2285 614 2318; x_wconf 84' lang='lat' dir='ltr'>Herodianus</span> <span class='ocrx_word' id='word_1_282' title='bbox 640 2286 743 2326; x_wconf 77' lang='lat' dir='ltr'>acuit,</span> <span class='ocrx_word' id='word_1_283' title='bbox 772 2284 915 2317; x_wconf 79' lang='lat' dir='ltr'>sortasse</span> <span class='ocrx_word' id='word_1_284' title='bbox 946 2283 987 2316; x_wconf 87' lang='lat' dir='ltr'>ob</span> <span class='ocrx_word' id='word_1_285' title='bbox 1013 2282 1237 2315; x_wconf 71' lang='lat' dir='ltr'>masculinum</span> <span class='ocrx_word' id='word_1_286' title='bbox 1260 2279 1410 2316; x_wconf 68' lang='grc' dir='ltr'>Πιιψτός</span> <span class='ocrx_word' id='word_1_287' title='bbox 1428 2290 1458 2312; x_wconf 92' lang='lat' dir='ltr'>v.</span> <span class='ocrx_word' id='word_1_288' title='bbox 1478 2278 1596 2314; x_wconf 85' lang='lat' dir='ltr'>Lehrs.</span> 
     </span>
     <span class='ocr_line' id='line_1_33' title="bbox 121 2334 1598 2378; baseline -0.005 -3"><span class='ocrx_word' id='word_1_289' title='bbox 121 2341 308 2375; x_wconf 71' lang='lat' dir='ltr'>Aristarch.</span> <span class='ocrx_word' id='word_1_290' title='bbox 333 2342 409 2376; x_wconf 83' lang='lat'>292.</span> <span class='ocrx_word' id='word_1_291' title='bbox 437 2340 606 2373; x_wconf 81' lang='lat' dir='ltr'>Arcadius</span> <span class='ocrx_word' id='word_1_292' title='bbox 631 2338 765 2378; x_wconf 73' lang='grc' dir='ltr'><em>Πιιύῑή</em></span> <span class='ocrx_word' id='word_1_293' title='bbox 792 2338 829 2370; x_wconf 75' lang='grc' dir='ltr'>τὸ</span> <span class='ocrx_word' id='word_1_294' title='bbox 858 2338 1038 2374; x_wconf 65' lang='grc' dir='ltr'><em>ἕῖιίθειόν,</em></span> <span class='ocrx_word' id='word_1_295' title='bbox 1066 2334 1198 2376; x_wconf 70' lang='grc' dir='ltr'>Πινυτι]</span> <span class='ocrx_word' id='word_1_296' title='bbox 1225 2335 1261 2367; x_wconf 71' lang='grc' dir='ltr'>δὲ</span> <span class='ocrx_word' id='word_1_297' title='bbox 1290 2336 1327 2368; x_wconf 71' lang='grc' dir='ltr'>τὸ</span> <span class='ocrx_word' id='word_1_298' title='bbox 1362 2334 1506 2378; x_wconf 72' lang='grc' dir='ltr'><em>κύριον,</em></span> <span class='ocrx_word' id='word_1_299' title='bbox 1539 2335 1598 2368; x_wconf 85' lang='lat' dir='ltr'>ubi</span> 
     </span>
     <span class='ocr_line' id='line_1_34' title="bbox 123 2391 1597 2437; baseline -0.003 -8"><span class='ocrx_word' id='word_1_300' title='bbox 123 2398 156 2429; x_wconf 90' lang='lat' dir='ltr'>in</span> <span class='ocrx_word' id='word_1_301' title='bbox 186 2397 262 2430; x_wconf 89' lang='lat' dir='ltr'>cod.</span> <span class='ocrx_word' id='word_1_302' title='bbox 290 2394 423 2435; x_wconf 65' lang='grc' dir='ltr'>Πινύτη</span> <span class='ocrx_word' id='word_1_303' title='bbox 451 2394 487 2426; x_wconf 68' lang='grc' dir='ltr'>οὲ</span> <span class='ocrx_word' id='word_1_304' title='bbox 516 2396 678 2437; x_wconf 84' lang='lat' dir='ltr'>scriptum</span> <span class='ocrx_word' id='word_1_305' title='bbox 704 2398 768 2435; x_wconf 80' lang='lat' dir='ltr'>est,</span> <span class='ocrx_word' id='word_1_306' title='bbox 797 2397 832 2426; x_wconf 90' lang='lat' dir='ltr'>ut</span> <span class='ocrx_word' id='word_1_307' title='bbox 857 2394 995 2427; x_wconf 81' lang='lat' dir='ltr'>nescias</span> <span class='ocrx_word' id='word_1_308' title='bbox 1022 2397 1131 2425; x_wconf 82' lang='grc'><strong>111111111</strong></span> <span class='ocrx_word' id='word_1_309' title='bbox 1157 2392 1213 2425; x_wconf 79' lang='lat' dir='ltr'>liic</span> <span class='ocrx_word' id='word_1_310' title='bbox 1241 2402 1259 2425; x_wconf 87' lang='lat' dir='ltr'>a</span> <span class='ocrx_word' id='word_1_311' title='bbox 1284 2393 1456 2426; x_wconf 82' lang='lat' dir='ltr'>sententia</span> <span class='ocrx_word' id='word_1_312' title='bbox 1481 2391 1597 2432; x_wconf 84' lang='lat' dir='ltr'>magi-</span> 
     </span>
     <span class='ocr_line' id='line_1_35' title="bbox 122 2444 1599 2492; baseline -0.005 -7"><span class='ocrx_word' id='word_1_313' title='bbox 122 2453 181 2485; x_wconf 78' lang='lat' dir='ltr'>Slri</span> <span class='ocrx_word' id='word_1_314' title='bbox 210 2451 411 2485; x_wconf 59' lang='grc'><strong>(115613556111</strong></span> <span class='ocrx_word' id='word_1_315' title='bbox 434 2459 474 2482; x_wconf 83' lang='lat' dir='ltr'>an</span> <span class='ocrx_word' id='word_1_316' title='bbox 500 2451 551 2483; x_wconf 78' lang='lat' dir='ltr'>Sic</span> <span class='ocrx_word' id='word_1_317' title='bbox 581 2450 758 2492; x_wconf 79' lang='lat' dir='ltr'>scripserit</span> <span class='ocrx_word' id='word_1_318' title='bbox 782 2447 907 2488; x_wconf 71' lang='grc' dir='ltr'>πινύτη</span> <span class='ocrx_word' id='word_1_319' title='bbox 935 2447 972 2479; x_wconf 68' lang='grc' dir='ltr'>δὲ</span> <span class='ocrx_word' id='word_1_320' title='bbox 1000 2448 1036 2479; x_wconf 69' lang='grc' dir='ltr'>τὸ</span> <span class='ocrx_word' id='word_1_321' title='bbox 1064 2447 1338 2491; x_wconf 61' lang='grc' dir='ltr'><em>προςηγορικὸν,</em></span> <span class='ocrx_word' id='word_1_322' title='bbox 1358 2445 1396 2478; x_wconf 67' lang='lat' dir='ltr'>ri)</span> <span class='ocrx_word' id='word_1_323' title='bbox 1417 2445 1454 2477; x_wconf 69' lang='grc' dir='ltr'>δὲ</span> <span class='ocrx_word' id='word_1_324' title='bbox 1473 2444 1599 2490; x_wconf 74' lang='grc' dir='ltr'><em>κύριον</em></span> 
     </span>
     <span class='ocr_line' id='line_1_36' title="bbox 123 2501 1596 2548; baseline -0.002 -10"><span class='ocrx_word' id='word_1_325' title='bbox 123 2505 267 2547; x_wconf 56' lang='grc' dir='ltr'><em>ΙΙιινυιή.</em></span> <span class='ocrx_word' id='word_1_326' title='bbox 317 2505 572 2548; x_wconf 78' lang='lat' dir='ltr'>Appellativum</span> <span class='ocrx_word' id='word_1_327' title='bbox 610 2505 791 2538; x_wconf 87' lang='lat' dir='ltr'>nonnullos</span> <span class='ocrx_word' id='word_1_328' title='bbox 818 2513 980 2546; x_wconf 78' lang='lat' dir='ltr'>gravasse</span> <span class='ocrx_word' id='word_1_329' title='bbox 1007 2507 1150 2537; x_wconf 83' lang='lat' dir='ltr'>testatur</span> <span class='ocrx_word' id='word_1_330' title='bbox 1174 2502 1290 2536; x_wconf 81' lang='lat' dir='ltr'>Scliol.</span> <span class='ocrx_word' id='word_1_331' title='bbox 1319 2502 1359 2535; x_wconf 90' lang='lat' dir='ltr'>A.</span> <span class='ocrx_word' id='word_1_332' title='bbox 1387 2501 1430 2535; x_wconf 83' lang='lat' dir='ltr'>ad</span> <span class='ocrx_word' id='word_1_333' title='bbox 1456 2501 1494 2535; x_wconf 90' lang='lat' dir='ltr'>Il.</span> <span class='ocrx_word' id='word_1_334' title='bbox 1523 2501 1596 2535; x_wconf 91' lang='lat' dir='ltr'>VII.</span> 
     </span>
     <span class='ocr_line' id='line_1_37' title="bbox 123 2555 1599 2604; baseline -0.006 -5"><span class='ocrx_word' id='word_1_335' title='bbox 123 2563 199 2598; x_wconf 79' lang='lat'>289.</span> <span class='ocrx_word' id='word_1_336' title='bbox 229 2562 332 2604; x_wconf 75' lang='lat' dir='ltr'>vulgo</span> <span class='ocrx_word' id='word_1_337' title='bbox 360 2561 491 2594; x_wconf 82' lang='lat' dir='ltr'>acuitur</span> <span class='ocrx_word' id='word_1_338' title='bbox 519 2563 576 2593; x_wconf 84' lang='lat' dir='ltr'>aut</span> <span class='ocrx_word' id='word_1_339' title='bbox 602 2561 683 2602; x_wconf 85' lang='lat' dir='ltr'>quia</span> <span class='ocrx_word' id='word_1_340' title='bbox 708 2563 827 2593; x_wconf 83' lang='lat' dir='ltr'>natura</span> <span class='ocrx_word' id='word_1_341' title='bbox 855 2559 1064 2600; x_wconf 78' lang='lat' dir='ltr'>adjectivum</span> <span class='ocrx_word' id='word_1_342' title='bbox 1093 2563 1144 2593; x_wconf 78' lang='lat' dir='ltr'>est</span> <span class='ocrx_word' id='word_1_343' title='bbox 1170 2562 1227 2591; x_wconf 81' lang='lat' dir='ltr'>aut</span> <span class='ocrx_word' id='word_1_344' title='bbox 1254 2559 1334 2601; x_wconf 86' lang='lat' dir='ltr'>quia</span> <span class='ocrx_word' id='word_1_345' title='bbox 1354 2567 1372 2591; x_wconf 89' lang='lat' dir='ltr'>a</span> <span class='ocrx_word' id='word_1_346' title='bbox 1389 2555 1503 2588; x_wconf 74' lang='grc' dir='ltr'><em>πινύω</em></span> <span class='ocrx_word' id='word_1_347' title='bbox 1531 2555 1599 2590; x_wconf 85' lang='lat' dir='ltr'>de-</span> 
     </span>
     <span class='ocr_line' id='line_1_38' title="bbox 124 2609 1600 2658; baseline -0.005 -6"><span class='ocrx_word' id='word_1_348' title='bbox 124 2609 267 2652; x_wconf 84' lang='lat' dir='ltr'>rivatum</span> <span class='ocrx_word' id='word_1_349' title='bbox 307 2621 342 2650; x_wconf 90' lang='lat' dir='ltr'>ut</span> <span class='ocrx_word' id='word_1_350' title='bbox 380 2613 496 2654; x_wconf 61' lang='grc' dir='ltr'>τελιτή</span> <span class='ocrx_word' id='word_1_351' title='bbox 535 2618 568 2649; x_wconf 89' lang='lat' dir='ltr'>et</span> <span class='ocrx_word' id='word_1_352' title='bbox 604 2613 725 2657; x_wconf 73' lang='grc' dir='ltr'><em>βιοτή,</em></span> <span class='ocrx_word' id='word_1_353' title='bbox 762 2624 956 2658; x_wconf 85' lang='lat' dir='ltr'>quanquam</span> <span class='ocrx_word' id='word_1_354' title='bbox 993 2614 1092 2656; x_wconf 80' lang='lat' dir='ltr'>liujus</span> <span class='ocrx_word' id='word_1_355' title='bbox 1126 2615 1228 2648; x_wconf 84' lang='lat' dir='ltr'>etiam</span> <span class='ocrx_word' id='word_1_356' title='bbox 1257 2613 1481 2647; x_wconf 85' lang='lat' dir='ltr'>masculinum</span> <span class='ocrx_word' id='word_1_357' title='bbox 1508 2614 1600 2646; x_wconf 83' lang='lat' dir='ltr'>extat</span> 
     </span>
     <span class='ocr_line' id='line_1_39' title="bbox 123 2666 1599 2717; baseline -0.004 -11"><span class='ocrx_word' id='word_1_358' title='bbox 123 2676 250 2717; x_wconf 62' lang='grc' dir='ltr'><em>βίοτος.</em></span> <span class='ocrx_word' id='word_1_359' title='bbox 299 2672 438 2706; x_wconf 68' lang='lat' dir='ltr'>Praeter</span> <span class='ocrx_word' id='word_1_360' title='bbox 462 2670 563 2712; x_wconf 74' lang='grc' dir='ltr'><em>βιοτή</em></span> <span class='ocrx_word' id='word_1_361' title='bbox 591 2674 624 2705; x_wconf 85' lang='lat' dir='ltr'>et</span> <span class='ocrx_word' id='word_1_362' title='bbox 648 2669 775 2710; x_wconf 67' lang='grc' dir='ltr'>πινυτή</span> <span class='ocrx_word' id='word_1_363' title='bbox 799 2671 833 2702; x_wconf 88' lang='lat' dir='ltr'>in</span> <span class='ocrx_word' id='word_1_364' title='bbox 859 2679 921 2703; x_wconf 83' lang='lat' dir='ltr'>usu</span> <span class='ocrx_word' id='word_1_365' title='bbox 948 2674 1024 2703; x_wconf 79' lang='grc'><strong>511111</strong></span> <span class='ocrx_word' id='word_1_366' title='bbox 1048 2668 1168 2711; x_wconf 65' lang='grc' dir='ltr'>βιόῑης</span> <span class='ocrx_word' id='word_1_367' title='bbox 1193 2674 1227 2703; x_wconf 73' lang='lat' dir='ltr'>et</span> <span class='ocrx_word' id='word_1_368' title='bbox 1252 2667 1416 2709; x_wconf 65' lang='grc' dir='ltr'>πινυϊής,</span> <span class='ocrx_word' id='word_1_369' title='bbox 1449 2666 1513 2702; x_wconf 84' lang='lat' dir='ltr'>sed</span> <span class='ocrx_word' id='word_1_370' title='bbox 1545 2666 1599 2700; x_wconf 83' lang='lat' dir='ltr'>his</span> 
     </span>
     <span class='ocr_line' id='line_1_40' title="bbox 124 2724 1485 2769; baseline -0.004 -8"><span class='ocrx_word' id='word_1_371' title='bbox 124 2728 334 2762; x_wconf 79' lang='lat' dir='ltr'>simillimum</span> <span class='ocrx_word' id='word_1_372' title='bbox 360 2725 468 2766; x_wconf 69' lang='grc' dir='ltr'><em>ποιῇς</em></span> <span class='ocrx_word' id='word_1_373' title='bbox 492 2727 586 2769; x_wconf 79' lang='lat' dir='ltr'>potio</span> <span class='ocrx_word' id='word_1_374' title='bbox 614 2724 778 2759; x_wconf 76' lang='lat' dir='ltr'>soniiuino</span> <span class='ocrx_word' id='word_1_375' title='bbox 807 2729 920 2767; x_wconf 78' lang='lat' dir='ltr'>caret3</span> <span class='ocrx_word' id='word_1_376' title='bbox 945 2735 1020 2758; x_wconf 80' lang='lat' dir='ltr'>nam</span> <span class='ocrx_word' id='word_1_377' title='bbox 1047 2724 1154 2761; x_wconf 61' lang='grc' dir='ltr'><em>ιιόιος</em></span> <span class='ocrx_word' id='word_1_378' title='bbox 1179 2725 1280 2760; x_wconf 85' lang='lat' dir='ltr'>modo</span> <span class='ocrx_word' id='word_1_379' title='bbox 1305 2725 1485 2767; x_wconf 81' lang='lat' dir='ltr'>reperitur.</span> 
     </span>
    </p>
   </div>
  </div>
 </body>
</html>
