1747 3005
375 130 687 179 ADDENDA
714 127 793 170 ET
824 118 1264 168 CORRIGENDA.
1475 114 1560 158 519

76 222 233 307 'graeco
257 253 354 301 typo
376 252 618 299 percussum
649 240 731 290 est)
761 247 798 277 v.
827 231 994 275 Eokhel.
1025 230 1166 271 Doctr.
1201 227 1243 267 T.
1273 224 1320 266 Il.
1344 224 1437 265 477.
1482 225 1561 264 Γα-

81 317 303 368 λαξίδωρος
342 312 560 354 Thebanus
600 303 787 355 Xenoph.
834 298 916 342 Sed
944 297 1163 349 Nysiqena
1194 290 1378 334 Catullus
1409 290 1561 341 lingere

82 385 216 439 potuit
247 392 360 423 more
390 378 513 418 latino
547 378 589 414 ut
619 371 856 421 Μιιεὶῃθηα.

191 449 234 489 P.
264 446 357 487 211.
390 444 413 484 l.
443 441 507 482 20.
539 439 680 483 Λῦσος
710 440 749 476 et
781 433 961 477 Λυσῐνος
992 428 1103 468 affert
1122 424 1219 466 Keil.
1243 423 1385 465 Onom.
1407 434 1443 475 p.
1467 421 1555 463 133.

83 514 156 559 sed
198 511 297 553 illud
342 507 573 550 Dindorfius
613 505 654 543 in
697 501 816 542 Thes.
858 496 1015 537 dubitat
1051 503 1103 532 an
1134 492 1266 537 Λῦσις
1298 487 1558 529 scribendum

84 582 164 632 sit3
196 583 236 619 et
266 578 457 620 Σωσίνος
488 585 525 624 p.
561 570 650 611 120.

192 644 235 685 P.
266 642 358 683 213.
391 642 414 681 l.
452 639 513 680 14.
545 638 594 677 ab
626 635 692 675 ult.
725 642 798 684 pro
828 625 1022 681 μυτρίνης
1052 633 1131 664 Sor.
1164 621 1370 673 μυρτίνης.

193 709 236 750 Ρ.
265 706 358 748 219.
388 705 413 747 l.
444 705 482 746 3.
523 713 602 745 ser.
641 696 819 751 λάγυνος
858 705 930 746 pro
970 687 1145 743 λάγυνος
1176 692 1216 728 et
1245 688 1286 726 in
1326 685 1463 726 adnot.
1493 685 1557 725 34.

84 771 351 830 ὠμοστράκῳ.

98 841 237 905 μΡ.
269 838 361 880 221.
394 835 417 878 l.
459 835 521 876 10.
566 834 624 873 De
668 826 952 871 terminatione
992 811 1069 874 ιῆ
1087 820 1196 861 valet
1235 817 1340 858 idem
1372 814 1482 869 quod
1511 814 1560 856 de

87 923 174 961 ωνη
212 905 294 946 dixi
330 903 379 943 ad
415 903 562 943 Buttni.
600 896 692 938 440.
734 893 871 935 Soliol.
910 891 1005 931 Hes.
1047 887 1116 927 Th.
1156 883 1247 926 389.
1294 879 1476 935 Τρύφων
1511 876 1562 920 τὰ

86 974 258 1017 τοιαῦτα
288 966 339 1011 οὐ
368 959 665 1019 πατρωνυμικὰ
694 957 796 1001 εἶναί
825 965 952 1010 φησιν
983 948 1083 994 ἀλλὰ
1113 946 1343 1003 παρώνυμα
1372 944 1454 988 ἐπεὶ
1484 943 1562 987 οὐκ

87 1040 162 1096 ἔχει
189 1037 340 1090 ἄῤῥευα
369 1032 642 1085 παρακείμενα
670 1021 1006 1076 πατρωιιυμικῶς.

195 1106 240 1147 P.
267 1103 358 1145 223.
390 1102 413 1142 l.
442 1100 479 1141 G.
510 1098 559 1138 al)
590 1096 661 1136 ult.
681 1093 729 1134 de
755 1088 949 1142 Stephani
979 1086 1072 1126 1000
1105 1083 1212 1124 cons.
1235 1078 1408 1121 Meinek.
1431 1077 1562 1118 Anall.

89 1187 127 1227 p.
146 1171 240 1214 204.
270 1193 322 1200 --
353 1168 396 1209 P.
426 1164 518 1206 224.
548 1162 572 1203 1.
601 1161 638 1201 5.
672 1159 722 1199 ab
751 1157 821 1197 ult.
852 1153 987 1195 scribe
1020 1145 1140 1190 Βιτώ.

199 1238 241 1279 P.
272 1235 363 1277 226.
394 1232 464 1272 ult.
495 1220 753 1283 SOL'Zkuovtoss.
785 1244 837 1250 --
875 1219 916 1259 P.
948 1214 1165 1258 227.l.1ss.
1190 1208 1428 1252 Μάκυνναν
1451 1205 1564 1259 ἐραν-

85 1304 168 1359 νήν
195 1305 238 1344 in
267 1302 378 1342 exitu
407 1292 631 1336 hexametri
661 1290 725 1330 vel
744 1283 954 1328 Μάκυνον
978 1282 1119 1323 scribit
1139 1276 1364 1319 Meinekius
1387 1272 1563 1315 10354.

199 1369 241 1409 P.
270 1366 362 1408 230.
393 1363 416 1404 l.
451 1360 512 1402 18.
550 1353 740 1402 Τιθωνός
777 1349 802 1405 ἡ
832 1347 959 1403 ἡμέρα
989 1342 1101 1397 παρὰ
1130 1342 1176 1384 τὸ
1212 1337 1384 1386 τιθασὸς
1418 1336 1567 1391 ἥμερος

89 1437 177 1480 EM.
205 1432 308 1485 758,
337 1430 401 1472 27.
439 1438 517 1467 nee
554 1419 792 1463 incredibile
832 1419 896 1457 est
935 1412 1098 1454 Tithoni
1127 1418 1277 1450 nomen
1306 1406 1441 1447 fiotum
1472 1414 1567 1444 esse

91 1502 234 1545 eadem
271 1497 432 1539 ratione
472 1504 551 1545 qua
582 1490 669 1530 (lies
702 1495 791 1526 oum
823 1480 1003 1523 tenebris
1036 1481 1076 1519 et
1107 1475 1280 1526 caligine
1306 1474 1567 1522 comparatus

91 1570 265 1610 vocatur
293 1558 422 1617 ἡμέρα
450 1559 490 1599 id
522 1561 584 1598 est
610 1551 782 1606 placida
812 1561 848 1589 v,
879 1545 1026 1587 Parall.
1057 1541 1149 1583 359.

201 1632 245 1674 P.
282 1628 374 1670 234.
414 1626 437 1666 l.
481 1624 518 1665 5.
547 1619 666 1662 Ἴσιδι
707 1610 965 1666 Δικαιοσύνῃ
1003 1610 1044 1649 in
1081 1608 1209 1647 InSOr.
1251 1603 1337 1644 Del.
1379 1612 1417 1643 n.
1448 1600 1568 1642 2295.

93 1696 396 1743 substantivum
433 1700 528 1731 esse
567 1687 738 1740 apparet.
777 1694 798 1722 e
827 1675 1033 1721 Plutarchi
1062 1673 1156 1713 1000
1189 1680 1306 1722 quem
1335 1665 1570 1708 Boeekhius

93 1763 266 1818 apponit
305 1760 357 1799 ‘ile
396 1758 446 1798 Is.
487 1766 520 1795 0,
558 1753 622 1794 Ill.
656 1744 756 1791 Ἶσιν
793 1743 861 1787 καὶ
910 1734 1194 1790 Δικαιοσύνην
1237 1733 1421 1774 καλοῦσι.
1488 1731 1569 1772 Pro

95 1831 270 1873 Dissert.
300 1826 364 1866 lx.
395 1834 473 1864 ser.
503 1821 611 1861 Diss.
644 1817 708 1858 Xl.
740 1812 833 1855 509.

204 1894 248 1936 P.
278 1891 369 1932 235.
402 1889 490 1929 adn.
529 1888 564 1927 7.
595 1879 830 1926 ὁιανύκτιος
860 1873 1086 1918 Brunekius
1121 1867 1420 1921 proposuerat3
1451 1861 1570 1903 aliam

96 1964 201 2003 viam
230 1960 444 2010 ingressus
477 1956 540 1994 est
569 1948 795 1991 Meinekius
827 1943 979 1985 Delect.
1010 1935 1100 1979 136.

210 2026 250 2066 P.
280 2023 372 2064 248.
404 2022 425 2062 l.
457 2020 516 2062 14.
549 2017 597 2058 ab
629 2015 699 2055 ult.
732 2024 805 2066 pro
840 2007 989 2063 ἤρομεν
1019 2013 1098 2045 scr.
1130 1996 1295 2052 ἤραμεν.

210 2092 252 2132 P.
285 2088 377 2131 249.
423 2085 511 2126 add.
550 2084 591 2123 in
627 2080 748 2122 Antii.
786 2077 831 2117 V.
871 2073 959 2116 187.
1006 2063 1063 2109 ’ὅδ’
1092 2061 1147 2113 ὡς
1176 2061 1364 2114 ἐπίκτητα
1394 2059 1575 2113 φιλοῦσα

101 2157 210 2213 ἥλως
240 2154 350 2197 docti
381 2152 589 2201 corrigunt
619 2145 810 2198 ἐπίτηκτα
838 2141 889 2182 ad
919 2131 1223 2189 significandum
1252 2122 1409 2168 πλαστά
1438 2126 1576 2166 simu-

105 2226 209 2266 lata.
268 2221 456 2261 Praestat
493 2214 664 2267 ἐπίκηρα
703 2212 781 2251 1ιο0
822 2211 886 2250 est
917 2202 1105 2255 fugitiva,
1138 2194 1394 2237 defunctoria
1425 2195 1464 2231 et
1493 2199 1577 2230 non

106 2302 156 2332 ex
188 2289 322 2328 animo
356 2284 503 2325 oblata.
533 2305 579 2310 ——
614 2280 658 2320 In
688 2277 751 2318 lx.
781 2273 873 2315 216.
903 2265 1145 2322 Amphionis
1174 2255 1401 2313 τειχομελὴς
1423 2252 1577 2307 κιθάρη

105 2358 194 2398 sine
226 2353 348 2394 dubio
378 2343 598 2401 τειχοτελής
625 2347 775 2385 vocata
805 2342 881 2380 est.

215 2421 258 2461 P.
289 2417 382 2459 256.
412 2416 436 2457 l.
466 2415 504 2456 8.
534 2414 574 2454 in
603 2408 796 2462 Hesyohii
826 2406 919 2447 1000
952 2400 1118 2451 ἰθαραῖς
1146 2389 1281 2447 ταχέσι
1300 2391 1379 2431 hoe
1401 2388 1581 2430 sortasse

107 2487 338 2531 mutandum
367 2485 408 2523 in
437 2482 618 2532 παγαῑσι.

220 2552 261 2593 Ρ.
294 2549 386 2591 20¹2.
419 2548 443 2588 l.
475 2547 538 2588 13.
570 2554 644 2597 pro
676 2533 893 2591 καιστηρός
923 2544 1002 2575 sor.
1031 2522 1272 2580 καυστηρός.

221 2618 263 2659 Ρ.
302 2614 448 2657 2011.
486 2612 545 2654 14.
581 2621 655 2663 pro
694 2605 874 2661 μενδῆρα
913 2611 992 2641 scr.
1032 2591 1229 2650 μενθήρα.
1293 2589 1366 2631 His
1407 2587 1587 2627 sortasse

115 2685 245 2729 simile
288 2683 362 2724 suit
401 2675 616 2732 μεμφήρα,
656 2686 730 2728 pro
775 2682 856 2725 quo
895 2676 1002 2708 nune
1039 2659 1239 2716 μέμφειρα
1287 2655 1483 2706 seriptum
1524 2653 1588 2690 est
