1731 3021
160 164 244 206 416
626 164 1060 207 DISSERTATIO
1103 164 1166 206 lx.

161 271 348 327 ῥήγισσα,
376 274 588 314 πολίτισσοι
618 278 693 317 etc.
724 273 987 328 admiserunt⁷
1017 275 1232 327 statimque
1262 275 1459 327 explosus
1482 277 1633 328 estqui

163 340 369 392 βασίλιττοι
407 340 506 381 dixit
544 344 588 380 ut
623 336 785 392 μέλιττα
822 353 859 380 v.
890 340 1063 381 Meinek.
1092 341 1194 381 Hist.
1235 340 1346 381 Com.
1376 342 1518 383 25O.1⁵
1556 343 1634 383 etsi

166 406 329 461 Θρᾷττα
374 406 573 458 probatur
620 410 660 447 et
697 403 906 447 Μάκεττα.
979 406 1186 447 Feminina
1220 407 1262 447 in
1291 396 1379 461 ἴῃ
1408 418 1633 459 perpauca:

157 467 317 524 Ἀγχίση
348 471 464 524 urbs,
506 471 672 525 Καμίση
711 483 834 513 soror
867 471 957 512 Jani
998 473 1115 522 cujus
1146 472 1306 524 collega
1336 473 1409 514 suit
1439 473 1634 513 Cameses

161 548 233 578 rex
271 537 451 578 Macrob.
492 538 575 578 Sat.
606 538 633 579 Ι.
665 539 700 579 7.
739 537 889 578 Lanise
926 537 1060 577 insula
1099 537 1198 579 Plin.
1236 539 1298 579 IV.
1328 539 1392 580 23.
1440 538 1634 579 Neutrius

159 604 322 655 generis
352 614 473 643 unum
504 600 648 644 ἄνισον
679 608 718 644 et
751 603 889 654 topica
924 599 1105 654 Τόμισον
1134 605 1221 644 sive
1247 601 1297 644 τὰ
1322 601 1479 657 Τόμισα
1501 604 1634 645 Strab.

158 669 257 710 XIV.
289 669 381 710 063.
422 665 472 709 τὰ
500 666 692 722 Κάμισα,
726 665 959 720 Πιμώλισα,
993 679 1163 719 quorum
1195 670 1400 722 scriptura
1428 670 1469 710 in
1499 669 1633 710 dubio.

157 735 385 775 Masculina
404 735 557 786 primae
585 735 871 775 declinationis
898 738 1107 773 enumerat
1127 735 1213 774 EM.
1236 735 1298 788 14,
1319 731 1450 776 5410}
1471 731 1539 775 διὰ
1557 735 1633 774 τοῦ

159 811 247 853 ισης
272 796 465 852 Ἀγχίσης,
493 796 702 852 Ἀμφίσης,
728 794 930 851 Ἀντίσης,
957 794 1119 851 Ἐρίσης
1148 796 1279 851 ὄνομα
1306 797 1474 851 κύριον,
1506 799 1634 851 Κυρί-

156 876 230 919 σης
257 861 439 917 ποταμὸς
468 865 688 917 Κελτικῆς,
726 864 939 916 Τιπενίσης
966 860 1147 914 ἐθυικόν,
1180 875 1253 916 pro
1286 876 1366 916 quo
1399 865 1633 917 Stephanus

164 929 409 972 Τιπάυισσαι
438 930 636 982 praebet3
676 925 846 982 Ἐρισεῖς
875 926 1007 982 ὄνομα
1043 927 1194 977 ἔθνους
1226 930 1334 971 Suid.
1383 931 1527 971 Cetera
1557 942 1633 972 ex-

158 1002 279 1050 cepto
311 999 440 1050 primo
471 1008 555 1037 non
584 997 746 1048 reperio
778 995 884 1036 unde
915 1000 1048 1036 sumta
1073 997 1174 1047 sint3
1204 991 1381 1048 Αὐχίσαι
1409 996 1507 1049 (sic)
1542 1007 1633 1037 me-

155 1069 366 1105 morantur
396 1062 545 1104 Herod.
578 1063 640 1103 IV.
675 1062 764 1104 171.
798 1060 1005 1114 Βαρίσσης
1035 1065 1074 1101 et
1102 1062 1315 1115 Δαυρίσης
1343 1062 1482 1115 Persa,
1513 1064 1633 1101 Σκυ-

156 1129 270 1183 ὁίσης
298 1141 416 1170 mons
446 1128 663 1169 Armeniae
693 1139 728 1168 v.
761 1127 985 1167 Tzschuck.
1017 1126 1068 1167 ad
1098 1128 1231 1168 Strab.
1262 1127 1325 1167 IX.
1358 1126 1449 1168 397.
1481 1128 1634 1180 pariter

156 1196 323 1235 incerta.
384 1195 506 1235 Certa
542 1205 641 1234 vero
680 1192 827 1246 κίβισις
865 1197 905 1233 et
940 1192 1147 1245 Θεμίσων,
1185 1192 1283 1233 illud
1321 1204 1344 1233 a
1373 1192 1492 1247 κίββη
1520 1189 1632 1246 πήρα

153 1262 247 1301 Hes.
278 1261 357 1300 hoc
387 1272 410 1300 a
444 1256 628 1312 Θέμισος.

265 1331 303 1373 §.
333 1326 371 1366 4.
430 1326 642 1365 Vocalium
668 1329 813 1377 quarta
843 1335 925 1364 non
955 1325 1156 1376 reperitur
1185 1325 1265 1365 nisi
1292 1329 1386 1365 ante
1413 1324 1543 1374 sigma
1561 1323 1630 1364 du-

153 1392 299 1445 plex1⁶
329 1395 397 1431 aut
426 1392 467 1431 in
497 1390 748 1443 diphthongo
779 1386 997 1439 κολοσσός,
1038 1388 1225 1440 νεοσσός,
1258 1385 1502 1438 Μολοσσὸς,
1535 1385 1630 1428 Νό-

153 1467 302 1512 ροσσος
330 1469 448 1498 mons
479 1461 518 1498 et
550 1453 763 1510 Νόροσσοι
792 1467 893 1507 gens
926 1456 1116 1506 Scythiae
1140 1456 1306 1496 Ptolem.
1351 1452 1529 1497 ’Ἀτοσσα
1559 1466 1629 1495 re-

153 1525 260 1577 gina,
294 1521 508 1575 Πέτροσσα
536 1523 661 1576 νῆσος
692 1522 831 1574 Steph.
862 1522 1073 1561 Κολοσσαί
1103 1534 1207 1574 quae
1236 1526 1275 1562 et
1307 1521 1520 1561 Κολασσαί
1550 1532 1629 1561 vo-

155 1596 310 1642 cantur,
351 1586 620 1642 Συράκοσσαι
638 1589 702 1628 vel
721 1584 1040 1639 Συράκουσσαι,
1067 1583 1258 1640 Ὀροίσης
1286 1598 1434 1627 nomen
1464 1586 1628 1627 barbati

152 1656 269 1697 Dion.
302 1624 418 1696 ⁷Cass
447 1654 603 1696 AXXV.
624 1653 688 1695 37.
720 1649 940 1699 Κοκουσός
960 1652 1058 1692 uihs
1080 1652 1297 1692 Armeniae
1315 1651 1492 1692 Hier.ocl
1516 1662 1549 1692 c.
1559 1651 1625 1692 41

152 1746 203 1751 —-
241 1717 302 1761 Τὰ
339 1718 407 1761 διὰ
444 1721 520 1761 τοῦ
550 1730 650 1767 υσος
689 1719 764 1759 εἴτε
805 1714 853 1758 ot
885 1714 976 1765 ἑνὸς
1006 1728 1029 1757 σ
1058 1717 1133 1757 εἴτε
1163 1713 1230 1757 διὰ
1259 1714 1356 1768 δύο,
1389 1714 1574 1765 ’Όνυσος
1605 1712 1628 1757 ὃ

150 1784 344 1840 ποταμός,
367 1784 563 1839 μέθυσος,
593 1782 813 1847 Αιό-ῑυσος,
847 1781 1009 1836 Βρύσος
1039 1779 1061 1823 ὁ
1089 1780 1222 1836 λιμην,
1255 1780 1430 1836 ἄφυσος,
1461 1779 1626 1836 ἄουσος,

154 1851 361 1900 Γένυσσος
390 1849 522 1904 ὄνομα
551 1849 618 1892 διὰ
644 1861 706 1905 σσ,
726 1849 985 1904 ’Ἀμβρυσσος
1014 1849 1270 1900 Theogn.73.
1302 1850 1360 1889 De
1384 1849 1521 1890 ultimo
1540 1850 1626 1890 He-

151 1919 345 1959 rodianus
375 1919 416 1958 in
447 1917 583 1960 SchOl.
620 1918 754 1970 Apoll.
785 1918 812 1958 I.
846 1918 909 1958 54.
937 1913 1177 1969 ’Ἀμφρυσος
1215 1912 1413 1967 γράφεται
1451 1913 1521 1955 καὶ
1558 1913 1626 1956 διὰ

149 1986 225 2025 τοῦ
261 1976 293 2038 B
316 1982 385 2024 καὶ
412 1980 786 2036 προπαροξύνεται,
825 1985 1004 2023 sortasse
1044 1982 1094 2022 ab
1132 1982 1328 2021 inusitato
1364 1982 1477 2022 verbi
1504 1982 1626 2022 incli-

149 2055 339 2092 namento
369 2051 520 2103 βρῦσαι
550 2053 592 2090 ut
624 2046 803 2101 Βρύσων
831 2054 869 2089 et
902 2048 1100 2100 Βρυσεαί,
1143 2059 1269 2099 quare
1300 2047 1529 2087 scatebram
1557 2048 1625 2087 in-

151 2121 351 2168 terpreter
383 2117 466 2156 sere
498 2120 541 2155 ut
569 2126 717 2155 nomen
750 2115 874 2155 sontis
917 2113 1160 2166 paludisque
1186 2109 1330 2165 Ἀγχόη
1360 2113 1446 2152 sive
1474 2107 1623 2166 Ὀγχόη

150 2183 211 2233 (ut
238 2177 349 2234 ὀνία)
381 2180 490 2233 quod
513 2181 563 2221 ab
584 2181 723 2221 eadem
747 2181 1056 2233 praepositione
1078 2179 1348 2230 compositum
1369 2182 1454 2229 est3
1487 2178 1624 2230 ipsos-

149 2259 226 2300 que
266 2249 402 2288 sontes
443 2246 587 2287 Graeci
631 2248 888 2298 posteriores
935 2243 1090 2298 βρύσας
1131 2249 1281 2284 vocant
1319 2256 1353 2284 v.
1395 2243 1458 2283 Du
1498 2244 1620 2295 Cang.

148 2324 274 2365 quare
303 2314 456 2355 rectius
475 2310 706 2365 ’Ἀμβρυσος
736 2313 925 2352 scribitui
955 2312 1085 2362 sigma
1112 2309 1285 2361 simplici
1314 2322 1349 2350 v.
1376 2309 1621 2350 Bachmann.

147 2378 197 2419 ad
226 2380 321 2431 ch.
354 2379 445 2420 900.
485 2379 657 2429 Brysum
692 2381 731 2418 et
771 2377 951 2427 Onysum
989 2387 1071 2416 non
1102 2376 1220 2427 novi3
1266 2371 1470 2427 Μόνυσος
1500 2374 1621 2415 Sala-

146 2446 255 2485 minii
286 2444 495 2497 cujusdam
527 2456 675 2485 nomen
705 2447 768 2484 est
798 2443 911 2483 b1eii
931 2441 1152 2493 penultima
1173 2442 1306 2490 Quint.
1325 2441 1387 2482 VI.
1408 2440 1499 2482 631.
1535 2437 1620 2480 Ποέ-

146 2521 272 2558 νυσος
300 2510 469 2551 Ptolem.
501 2515 540 2550 et
570 2510 668 2551 Plin.
696 2509 759 2550 IV.
788 2508 848 2550 18.
888 2507 1004 2557 Quod
1035 2508 1218 2560 sequitur
1248 2504 1421 2560 ἄφυσος,
1452 2505 1619 2557 adjecti-

238 2658 293 2699 15)
321 2658 478 2701 Disparia
505 2658 699 2701 composuit
723 2656 1003 2690 Hemsterhusius
1038 2656 1077 2689 ad
1103 2656 1242 2689 Luciam.
1271 2655 1384 2690 Judic.
1413 2654 1495 2688 Voc.
1524 2653 1554 2693 ξ.
1583 2652 1614 2688 8-

236 2713 290 2753 16)
316 2713 379 2746 Pro
406 2712 567 2745 Πόλυσον
592 2713 690 2747 l'aus.
714 2711 767 2745 IX.
791 2712 843 2751 20,
863 2712 894 2746 3.
919 2712 1094 2745 novissimi
1113 2711 1266 2745 editores
1285 2715 1470 2753 posuerunt
1492 2708 1613 2742 Πόλος,
