1747 3005
113 144 183 187 DE
213 143 339 188 NOM.
371 143 589 193 QUORUM
619 143 768 186 CHAR.
797 143 897 186 EST
924 143 1178 187 LABIALIS.
1211 145 1253 188 C.
1283 146 1311 189 Ι.
1342 151 1380 196 §.
1405 148 1442 191 2.
1491 151 1585 196 289

108 254 270 295 minime
300 257 416 306 patet
446 253 521 295 sed
551 254 648 308 quin
679 264 768 295 cum
797 249 954 301 κόλλοψ
983 252 1119 304 aliqua
1157 253 1318 295 ratione
1349 257 1583 315 cohaereat,

109 321 177 360 vix
207 318 382 360 dubitari
414 323 578 370 potest3
609 330 701 360 nam
731 319 810 359 hoc
842 323 882 359 et
913 318 1058 359 callum
1101 320 1203 370 tergi
1246 321 1392 362 taurini
1431 328 1470 364 et
1505 323 1584 366 λά-

107 393 289 435 σταυρον
317 385 404 424 sive
436 388 619 425 scortum
650 384 765 425 virile
795 384 1038 435 significat.⁰
1069 383 1186 432 Quod
1205 385 1436 437 Hesychius
1467 390 1582 432 assert

107 446 305 502 Κύρηβος
351 444 521 502 ἀσελγὴς
558 448 602 490 ἐν
637 451 696 505 τῷ
741 450 1041 501 λοιδορεῖσθαι,
1085 452 1174 501 ejus
1213 452 1582 498 conformationem

105 516 197 568 ipse
230 515 476 567 apertiorem
517 515 691 556 reddidit
729 516 993 568 appositione
1032 515 1307 556 derivatorum
1350 517 1582 574 κυρηβάτης

107 586 148 622 et
178 578 494 634 κυρηβάσασθαι
539 578 863 633 ὁιαμαχέσασθαι
893 576 974 621 ἀπὸ
1003 582 1087 620 τῶν
1114 582 1255 633 κριῶν,
1287 579 1408 624 ἔνθεν
1436 584 1504 626 καὶ
1531 583 1580 627 τὸ

103 647 325 700 κυρίττειν,
356 645 462 686 unde
501 646 637 697 colligi
678 651 817 699 potest
852 643 1053 699 κύρηβος,
1092 646 1292 698 κυρίττειν
1329 650 1578 704 atticumque

102 709 321 765 κορύσσειν
351 716 390 752 et
420 708 636 763 κορύπτειν
656 713 824 765 stirpem
854 713 1005 753 habere
1025 723 1278 753 communem
1298 709 1418 767 κέρας
1436 726 1577 760 cornu.

103 777 185 820 Sed
213 774 392 831 κυρήβια
420 788 503 818 non
534 778 668 830 aptius
697 790 721 819 a
749 779 948 830 κυρίττειν
977 779 1202 819 arcessitur
1241 790 1361 830 quam
1401 782 1576 834 apludae

101 855 126 884 a
155 843 362 896 plaudere,
391 854 483 883 nam
514 848 700 883 neutrum
731 843 876 884 dicitur
905 855 1081 896 unquam
1111 855 1186 895 pro
1218 844 1394 896 pinsere.
1440 848 1576 888 Mani-

102 909 247 950 festior
288 913 351 949 est
396 919 605 961 paragoge
644 910 849 949 nominum
885 904 1054 963 ἀκριβής
1093 914 1132 950 et
1170 906 1354 963 ἐρυσίβη,
1405 912 1485 953 hoc
1522 914 1572 955 ab

99 971 272 1026 ἐρεύθω,
311 985 403 1014 nam
443 975 579 1027 μίλτος
614 971 719 1015 κατὰ
761 975 1008 1014 Παυσανίαν
1043 972 1195 1026 ἐλέγετο
1233 973 1301 1015 καὶ
1339 972 1365 1029 ἡ
1404 974 1572 1033 ἐρυσίβη

97 1040 213 1081 Eust.
243 1040 336 1093 310,
364 1039 429 1081 34.
461 1040 630 1080 alterum
662 1040 711 1081 ab
742 1036 879 1093 ἄκρος,
917 1045 1131 1091 utrumque
1160 1040 1247 1080 iota
1275 1040 1420 1095 longo,
1458 1043 1572 1085 brevi

98 1117 196 1146 vero
228 1106 297 1146 illa
327 1117 497 1158 quorum
530 1107 681 1157 stirpes
722 1110 987 1146 exaruerunt:
1025 1103 1212 1157 μόλιβος,
1255 1102 1416 1158 ἀλίβας,
1460 1109 1571 1160 quod

97 1171 444 1226 synthetonpesse
476 1171 732 1211 Grammatici
760 1171 839 1211 hoc
868 1172 999 1211 minus
1030 1170 1279 1223 persuadent
1310 1172 1418 1224 quod
1448 1174 1570 1226 alpha

96 1237 281 1287 syllabae
322 1237 477 1288 primae
516 1236 680 1287 longum
721 1241 806 1287 est3
844 1237 1024 1288 κιλλίβας
1054 1236 1190 1276 cilliba
1221 1241 1260 1277 et
1290 1232 1456 1291 ὀκρίβας
1488 1245 1567 1281 tam

95 1301 215 1342 simili
243 1302 349 1341 inter
378 1312 424 1341 se
455 1301 752 1351 significatione
784 1305 824 1341 et
855 1302 1140 1342 terminatione
1170 1306 1213 1342 ut
1247 1302 1288 1342 in
1326 1303 1432 1344 idem
1469 1316 1568 1346 ver-

92 1367 185 1408 bum
216 1371 260 1407 ut
290 1363 540 1419 στυλοβάτης
571 1366 758 1407 desinere
787 1366 1022 1420 videantur,
1059 1378 1137 1407 nec
1176 1372 1310 1408 tamen
1351 1372 1566 1421 composi-

92 1434 216 1473 tionis
246 1433 351 1474 ratio
381 1433 524 1474 similis
554 1433 635 1472 illis
667 1443 771 1484 quae
802 1431 852 1472 ad
870 1433 1016 1484 Phryn.
1037 1432 1129 1473 610.
1156 1433 1285 1486 attuli,
1312 1439 1381 1474 aut
1411 1435 1564 1488 alioqui

91 1503 324 1550 comperta3
355 1498 404 1539 de
435 1499 661 1551 peregrinis
692 1495 981 1551 Σαναχάριβος
1010 1497 1158 1539 Herod.
1188 1498 1216 1539 Ι.
1249 1498 1337 1541 141.
1380 1497 1565 1554 ’Ἀθλιβις

92 1565 178 1604 sive
197 1561 397 1616 ’Ἀθριβις,
430 1565 594 1617 Νίσιβις
623 1565 710 1605 sive
742 1565 894 1617 Νισίβι]
926 1563 1065 1615 Steph.
1097 1575 1129 1604 s.
1154 1558 1393 1617 Ἀντιόχεια,
1432 1579 1564 1619 quae—

91 1640 182 1670 rere
211 1630 310 1670 nihil
340 1631 495 1671 attinet.
555 1630 666 1678 Quae
697 1631 882 1681 sequitur
913 1629 1084 1676 vocalis,
1116 1630 1295 1669 cernitur
1320 1632 1361 1670 in
1390 1630 1564 1685 κολοβός

92 1698 131 1735 et
162 1691 325 1747 ὄτοβος,
366 1706 537 1747 quorum
571 1694 668 1734 illud
708 1706 732 1734 a
760 1691 879 1741 κόλος
917 1698 1186 1745 propagatum
1226 1699 1312 1748 est⁷
1352 1696 1430 1737 lloc
1471 1709 1561 1739 cum

89 1756 259 1813 ὅτταβος
297 1761 534 1811 composui;
573 1759 645 1800 sed
684 1756 831 1811 ὄροβος
874 1760 1050 1810 (ervum)
1091 1756 1358 1811 κολλόροβος,
1404 1763 1562 1816 Νίοβος

89 1837 125 1866 v.
155 1826 327 1867 Meinek.
354 1827 454 1866 Hist.
488 1825 578 1865 209.
604 1822 819 1878 Ἀστρόβαι
856 1835 958 1876 gens
998 1824 1135 1865 Indiae
1176 1826 1336 1867 Arrian.
1375 1827 1458 1868 Ind.
1497 1829 1559 1871 IV.

89 1888 311 1944 Κοννόβας
339 1892 545 1944 Hispanus
575 1892 749 1943 Appian.
775 1891 889 1942 Hisp.
919 1901 952 1931 c.
983 1890 1047 1932 08.
1079 1890 1238 1942 (omiss.
1269 1892 1310 1931 in
1340 1892 1426 1943 Th.)
1457 1891 1559 1934 Κλέ-

89 1957 176 2009 οβις
218 1968 300 1997 non
338 1958 468 2008 magis
516 1956 566 1997 ad
605 1957 805 1997 rationem
853 1956 1038 1997 revocari
1078 1960 1254 2008 possunt
1294 1968 1414 2009 quam
1452 1971 1558 2012 quae

87 2023 379 2075 diphthongum
411 2023 621 2063 continent
651 2019 856 2075 ὄχθοιβος,
888 2025 1004 2073 cujus
1034 2022 1135 2061 mira
1162 2022 1204 2062 in
1235 2023 1439 2074 scriptura
1480 2038 1557 2066 va-

85 2088 211 2128 rietas
242 2085 460 2141 (ὄχθωβος,
487 2086 671 2141 ἕκθιβος)
703 2085 921 2140 Κόροιβος,
948 2083 1218 2139 Ἀσδρούβας,
1237 2084 1441 2142 Ἄνουβις,
1473 2088 1556 2131 Λά-

83 2154 237 2206 νουβις,
269 2154 415 2205 quibus
446 2154 619 2206 exempli
650 2165 777 2195 causa
807 2155 863 2194 uti
895 2164 1035 2206 cogor,
1066 2154 1160 2205 quia
1197 2164 1347 2205 graeca
1386 2156 1556 2208 desunt;

84 2230 174 2259 nam
194 2215 363 2271 ἀμοιβός
382 2215 530 2272 ἀμοιβή
560 2232 583 2260 a
610 2219 746 2260 verbis
778 2220 972 2261 derivata.
1021 2218 1142 2259 Plura
1172 2223 1211 2259 et
1242 2221 1405 2261 notiora
1436 2225 1556 2275 ypsi-

84 2284 123 2323 lo
156 2284 444 2335 praefiniuntur
474 2286 538 2325 vel
575 2286 777 2325 tralaticio
819 2289 861 2325 ut
898 2281 1081 2337 θόρυβος
1120 2289 1159 2325 et
1196 2282 1325 2338 τύρβη
1367 2298 1390 2326 a
1427 2289 1553 2330 verbo

85 2346 221 2400 τρύειν
249 2352 445 2403 θορυβεῖν
473 2352 726 2403 ‹Tlicognost
757 2352 801 2391 li.
833 2351 897 2404 20,
931 2351 991 2392 15.
1020 2350 1084 2390 vcl
1115 2362 1164 2390 cx
1208 2363 1416 2404 paragoge
1462 2358 1552 2394 orto

87 2419 129 2454 ut
157 2412 366 2467 κόλλυβος,
398 2416 506 2469 quod
537 2417 705 2457 eandem
736 2429 825 2457 cum
855 2413 1054 2469 κόλλαβος
1083 2417 1251 2468 stirpem
1281 2417 1432 2459 habere
1451 2430 1554 2471 pro-

87 2481 254 2533 prieque
283 2481 490 2532 globulum
520 2483 749 2535 significare
779 2484 1057 2536 suspicamur3
1089 2493 1112 2521 a
1141 2481 1257 2529 σίσυς
1286 2480 1433 2537 σισύρα
1463 2495 1554 2525 ma-

175 2616 211 2660 6)
237 2616 400 2660 Hesychii
417 2617 618 2664 ,Ιάσταριόι
643 2617 771 2662 πόρνοι
796 2622 831 2654 et
857 2617 1045 2663 Λαστάρνη
1070 2617 1204 2661 μάστιξ
1226 2622 1262 2652 ut
1284 2617 1403 2662 λωγάς
1427 2617 1552 2663 πόρνη,

88 2671 249 2716 λώγασος
275 2675 420 2716 tanneia
444 2671 587 2715 μάστιξ,
614 2673 795 2717 λωγάνιον
818 2675 958 2718 paleare
984 2674 1086 2709 boum
1111 2683 1142 2708 V.
1169 2674 1290 2709 Parall.
1315 2674 1370 2711 81.

127 2738 267 2770 Lobeck.
291 2740 471 2779 Patholng.
1228 2729 1278 2772 19
