1731 3021
113 134 204 177 358
594 136 1025 180 DISSERTATIO
1057 135 1156 177 VIII.

122 244 349 297 peregrina,
381 245 622 287 Thessalica
651 248 686 288 si
719 247 822 287 sorte
851 246 917 286 vel
939 245 1213 286 Macedonica
1241 246 1455 296 repetitam
1486 256 1595 299 esse,

122 319 227 359 quae
260 310 438 350 sortasse
475 312 606 362 sigma
644 312 863 364 duplicavit
893 315 936 351 ut
964 311 1193 361 Hesychius
1223 310 1448 357 Μεσσίὸιος
1475 306 1597 362 μέσος

122 373 221 421 ἴσος.
286 377 447 428 Τριχῶν
481 373 820 431 ἐπιβλεφαριδίων
850 378 996 427 Syncs.
1033 377 1201 417 Encom.
1242 375 1351 416 Calv.
1389 387 1425 428 p.
1456 376 1520 417 70.
1549 375 1597 416 D.

125 434 237 487 οἶνος
266 442 479 494 σταφίὸιος
514 443 707 495 Hippocr.
741 442 789 483 de
819 442 949 483 Morb.
980 441 1043 482 Ill.
1074 441 1165 481 321.
1197 441 1239 481 T.
1270 440 1317 480 II.
1350 441 1385 481 si
1414 441 1479 481 vel
1508 452 1599 482 ma-

124 506 231 546 xime
252 508 412 548 sincere
434 508 588 559 scripta
607 513 712 557 sunt,
729 509 761 532 ¹³
792 512 925 547 tamen
949 507 1114 557 regulae
1134 517 1217 546 non
1236 505 1600 557 obrogantquippe

127 570 245 611 ducta
276 584 298 612 a
328 574 560 614 nominibus
591 586 664 625 per
689 565 780 621 Τοῖς
810 573 1036 613 declinatis.
1093 572 1179 612 Jam
1209 570 1257 611 de
1287 571 1443 611 neutris
1473 585 1601 622 παρα-

126 638 346 688 γναθίὸιον
376 639 511 680 Schol.
543 640 584 680 Il.
615 640 676 680 IV.
710 639 797 680 142.
827 637 1161 691 προςγναθίὸιον,
1191 636 1496 688 παραστιχίδιον
1527 641 1600 677 etc.

127 713 177 742 ne
217 715 321 754 opus
355 703 513 755 quidem
546 709 608 745 est
640 704 880 757 admonere,
926 708 1118 755 quantum
1149 713 1172 741 a
1197 700 1398 753 πτερίδιος
1428 706 1467 742 et
1496 697 1599 741 ὑπο-

125 768 324 818 πτερίδιος
354 769 524 821 distent,
565 768 674 820 quod
705 781 727 808 a
756 769 955 819 Dionysio
989 772 1249 820 usurpatum,
1287 767 1337 807 ab
1367 767 1600 808 Herodiano

126 833 419 882 reprehensum
453 834 707 884 suspicabar.
767 834 893 881 Quam
925 836 1203 884 conjecturam
1242 833 1277 872 si
1307 833 1397 884 quis
1428 833 1601 873 inventis

128 897 374 938 certioribus
405 898 657 949 ablegaverit
689 897 736 937 ad
764 893 1021 951 ὑποπτέρους
1050 894 1247 950 ὀνείρους,
1277 898 1476 938 remittam
1508 898 1602 939 lae—

130 964 199 1002 tus
231 963 376 1003 libens.

239 1047 276 1090 ἓ.
308 1044 344 1084 3.
404 1044 516 1092 Quae
545 1044 731 1084 vocalem
763 1045 787 1083 5
819 1044 1024 1097 obtinent,
1068 1055 1201 1095 pauca
1240 1048 1332 1084 sunt
1371 1054 1448 1084 nec
1477 1054 1604 1096 para—
1672 1060 1675 1062 ·

127 1118 248 1161 goga,
279 1106 484 1161 σκόροδον
515 1109 624 1160 quod
655 1120 744 1149 cum
773 1108 988 1162 κρόμμυον
1018 1114 1237 1160 cognatum
1266 1108 1446 1158 videtur,
1482 1104 1606 1160 ἁρμό-

129 1172 216 1219 διος
246 1175 432 1227 verbale,
465 1178 503 1214 et
543 1176 759 1225 peregrina
797 1172 1026 1228 Μερμόδας
1063 1175 1207 1214 fluvius
1248 1174 1378 1214 Strab.
1410 1172 1474 1213 XI.
1512 1173 1604 1214 504.

126 1233 302 1292 Ὀβόδης
330 1240 567 1280 Nabataeus
596 1240 735 1291 Steph.
768 1245 844 1281 etc.
902 1241 952 1281 Et
984 1251 1088 1292 qnae
1118 1239 1394 1291 diphthongos
1413 1234 1607 1290 Ὄροιδος

129 1316 165 1344 v.
199 1309 237 1351 §.
271 1305 306 1345 2.
338 1300 472 1357 ἀοιδή,
503 1304 796 1356 Κεφαλοίδιον,
829 1306 1162 1355 andronymicum
1206 1302 1448 1355 Πανθοίδης
1487 1304 1603 1354 Diog.

128 1369 173 1408 V.
212 1368 275 1410 68.
317 1381 366 1409 ex
406 1372 689 1410 contractione
727 1374 857 1409 ortum
898 1375 940 1410 ut
984 1369 1252 1419 Περιθοῑὸαι,
1296 1373 1336 1408 et
1375 1369 1607 1419 composita

129 1434 364 1487 χελυνοίδης
394 1441 470 1476 etc.
498 1448 533 1476 v.
565 1435 616 1475 ad
644 1436 790 1476 Buttm.
820 1435 912 1475 450.
931 1432 1135 1480 ’‘Evovoog
1162 1434 1301 1474 Alcaei
1342 1433 1446 1473 filius
1485 1433 1606 1474 Paus.

136 1498 375 1553 Περιμούδη
414 1502 512 1542 urbs
542 1501 679 1541 Indiae
718 1501 873 1541 Aelian.
903 1501 948 1541 H.
979 1502 1053 1541 An.
1083 1500 1164 1540 XV.
1195 1499 1232 1540 e.
1270 1497 1468 1549 Θαμουδᾶ
1507 1499 1605 1551 (sic)

130 1566 307 1606 Arabiae
340 1567 480 1617 Steph.
509 1566 714 1617 Αἰβοῦὸαι
742 1566 862 1617 νῆσοι
894 1566 1032 1617 Steph.
1063 1564 1283 1617 σίσγουδου
1313 1563 1448 1615 silphii
1476 1574 1605 1614 genus

134 1631 269 1671 Tzetz.
301 1630 399 1671 Chil.
431 1632 510 1672 VH.
544 1632 633 1673 187.
666 1630 775 1682 quod
811 1632 1131 1682 perispomenon
1169 1631 1284 1670 affert
1322 1630 1385 1670 Du
1415 1629 1606 1683 GangiuS‚

130 1700 343 1747 postremo
375 1696 618 1747 adjectivum
649 1695 861 1746 ambiguae
892 1697 1067 1737 fictionis
1099 1693 1277 1748 θεουδής
1306 1708 1341 1736 v,
1381 1694 1431 1734 ad
1459 1695 1606 1736 Buttm.

131 1760 223 1801 449.
258 1773 319 1813 sq.
352 1785 404 1789 ——
434 1761 605 1813 Ypsilon
634 1757 811 1812 κόρυδος
840 1762 927 1801 avis
958 1762 1130 1812 galerita
1160 1773 1183 1801 a
1213 1757 1350 1812 κόρυς,
1383 1764 1419 1800 et
1445 1757 1608 1812 σημύὸα

133 1826 293 1867 arboris
335 1838 484 1866 nomen
514 1827 642 1866 semel
672 1826 821 1866 lectum
850 1827 1097 1878 ignotaeque
1130 1827 1311 1879 originis,
1345 1830 1425 1865 tum
1447 1826 1609 1867 ethnica

131 1890 338 1944 Μάγυδος
368 1893 466 1932 urbs
497 1892 759 1944 Pamphyliae
790 1904 824 1932 v.
854 1892 1020 1933 Eckhel.
1050 1892 1188 1932 Doctr.
1209 1891 1272 1931 Ill.
1296 1890 1355 1931 12.
1376 1888 1606 1945 Καλαμύδη

133 1957 279 1998 Cretae
308 1959 439 1998 Anon.
473 1956 689 1997 Stadiasm.
721 1968 759 2008 p.
791 1956 882 1997 496.
915 1957 975 1997 ed.
1011 1956 1109 1997 Gail.
1141 1955 1301 2007 (omiss.
1333 1959 1373 1996 in
1400 1956 1489 2001 Th.)
1521 1959 1607 1997 Σα-

131 2020 306 2074 wycam
334 2021 483 2062 Herod.
515 2022 578 2061 ΙΙΙ.
611 2021 675 2062 91.
705 2021 784 2061 hoc
814 2022 939 2074 brevi,
964 2026 1156 2072 quantum
1180 2033 1229 2061 ex
1253 2025 1424 2061 accentu
1446 2032 1607 2072 cogno-

133 2090 274 2138 scitur,
306 2088 527 2140 penultima
556 2092 599 2126 ut
625 2083 812 2139 Ἀμυδών
842 2086 1108 2126 Macedoniae
1138 2087 1234 2126 urbs
1253 2085 1432 2126 Juvenal.
1451 2087 1515 2127 ΙΙΙ.
1539 2087 1603 2129 69.

133 2152 342 2192 Καλυδών
373 2157 411 2192 et
442 2153 650 2204 proprium
682 2150 911 2204 Kopriocov,
942 2148 1168 2203 Κορυὸεύς.
1228 2151 1309 2191 Sed
1349 2152 1606 2194 deminutivis

134 2214 327 2270 ἁφύδιον,
357 2214 588 2270 βοτρύδιον,
621 2215 842 2268 δικτύδιον,
874 2214 1082 2268 δορύδιον,
1120 2213 1369 2267 ἐγχελύδιον,
1401 2215 1605 2269 ἰχθύδιον,

134 2280 358 2334 κροκύδων
399 2287 475 2322 etc.
523 2286 664 2322 notum
705 2288 768 2323 est
818 2282 1169 2332 antepenultimam
1218 2281 1381 2333 longam
1422 2294 1517 2324 esse
1556 2296 1606 2325 ex

136 2348 420 2387 contractione
449 2350 493 2386 ut
529 2346 699 2398 κρίὸιον.
759 2348 802 2386 In
841 2351 948 2394 ωοος
987 2348 1177 2386 exeuntia
1222 2347 1515 2392 Grammaticus
1557 2349 1607 2390 de

136 2411 280 2460 Quant.
313 2412 357 2452 II.
388 2411 480 2454 308.
511 2413 622 2452 nulla
652 2413 767 2452 affert
799 2413 876 2452 nisi
909 2413 1140 2463 composita
1183 2416 1225 2452 ut
1262 2410 1461 2465 μελωδός,
1501 2426 1607 2467 quae

225 2559 283 2601 15)
314 2559 380 2601 Ap.
406 2559 588 2602 Synesium
622 2558 853 2602 Krabingerus
890 2569 908 2593 c
946 2559 1048 2592 codd.
1090 2558 1322 2602 compluribus
1353 2562 1509 2604 reposuit
1532 2560 1603 2593 ἐπι-

133 2614 379 2657 βλεφαρίδων.
429 2615 466 2648 ln
491 2614 709 2658 Hippocratis
735 2615 812 2648 loco
838 2614 995 2648 Mackius
1025 2624 1053 2647 6.
1083 2612 1167 2647 XVI.
1194 2624 1227 2657 p.
1257 2615 1334 2651 265.
1361 2615 1444 2650 nibil
1464 2617 1543 2650 novi
1562 2625 1604 2652 ex

133 2669 230 2704 libris
259 2671 422 2712 enotavit,
448 2669 511 2705 sed
538 2669 618 2704 alibi
645 2668 742 2706 οἶνος
765 2668 978 2712 σταφιδίτης
1003 2669 1137 2703 dicitur.
