1731 3021
141 145 226 189 198
605 146 1033 189 DISSERTATIO
1087 146 1151 188 lv.

138 253 204 296 IX.
235 255 274 308 5,
303 254 341 297 6.
376 254 449 297 sed
488 257 654 309 saepius
683 257 925 307 Καπυανοί,
961 260 1006 297 ut
1034 256 1178 307 regula
1208 257 1333 308 optat.
1389 255 1477 296 ,Iam
1507 265 1613 297 oon-

141 319 261 361 cludo
291 321 418 362 verba
446 321 515 362 illa
547 323 744 374 Stephani
775 319 798 364 ὁ
836 321 878 363 a}
900 315 1028 375 ῒΩρος
1059 317 1109 360 τὰ
1147 317 1286 373 μέντοι
1324 319 1614 374 καθαρεύοντα

139 387 199 441 τῷ
228 387 255 440 ῆ
283 383 392 428 θέλει
418 385 730 442 παραλήγεσθαι
756 387 878 441 χωρὶς
907 388 941 428 εἰ
969 412 1022 417 -
1052 388 1157 428 hanc
1188 388 1432 428 sententiam
1460 388 1613 429 habere

139 448 192 492 τὰ
209 449 284 505 μὲν
303 450 472 506 καθαρὰ
498 455 556 510 τῷ
584 452 611 494 ἆ
628 451 733 495 θέλει
763 450 1138 507 παραλήγεσιθαιῃὰ
1166 450 1209 492 δὲ
1228 449 1283 505 μὴ
1312 450 1445 500 οὕτως
1472 450 1615 505 ἔχοντα

140 519 200 574 τῷ
213 521 254 572 ῆ,
274 519 354 560 hoc
381 524 445 561 est
461 520 530 560 illa
549 531 653 572 quae
674 520 811 572 paullo
836 524 930 560 ante
951 520 1065 560 attuli
1085 520 1126 559 in
1145 533 1244 572 ηυος
1264 529 1406 571 purum
1425 519 1616 559 exeuntia

142 589 212 625 aut
232 586 364 626 minus
378 589 491 626 recte
511 587 667 637 scripta
686 590 754 626 aut
776 590 919 637 tropae
931 586 1094 626 nomine
1116 588 1313 625 excusata
1327 595 1434 625 esse.
1457 584 1616 636 Ageni-

141 650 236 691 tivis
266 662 350 691 non
380 651 493 703 puris
513 653 700 703 prosecta
723 662 794 702 per
815 656 881 691 eta
901 652 1135 691 scribuntur
1148 646 1400 702 Ἐδεσσηνός,
1428 651 1616 703 Λαριση-

140 711 226 766 νός,
242 711 469 769 Ὀβοδηνός
489 722 528 757 et
540 722 677 758 cetera
696 716 1017 769 innumerabilia,
1031 716 1215 767 exceptis
1228 715 1407 756 romanis
1417 711 1616 769 Ἀφρίκα-

141 794 226 834 νος,
243 776 479 833 Ἀλβανόςῑῧ
501 786 576 822 etc.
607 786 646 822 et
669 782 876 822 nonnullis
905 793 1009 833 quae
1030 782 1103 821 rho
1133 785 1226 820 ante
1247 781 1432 821 vocalem
1450 781 1613 822 hahent.

143 844 277 893 Quare
302 845 407 887 Orus
439 845 550 886 addit
578 845 702 899 χωρὶς
731 846 764 887 εἰ
792 843 848 900 μὴ
878 847 934 902 τῷ
968 839 992 899 ρ
1020 843 1348 899 παρεδρευόμευα
1375 846 1617 899 διαφοροῖτο

143 911 241 961 (scr.
274 910 508 964 διφοροῑτο)
539 909 729 965 καθάπερ
757 909 822 952 ἐπὶ
849 912 926 952 τοῦ
951 907 1201 964 Ἀγκυρανός
1228 910 1295 952 καὶ
1326 910 1615 966 Θυατειρηνός,

141 977 185 1017 Γ
180 973 354 1029 ερμανός
390 975 460 1017 καὶ
490 979 532 1017 Γ
528 975 753 1031 αγγρηυός,
792 977 861 1017 ubi
898 989 972 1029 pro
1015 980 1056 1018 Γ
1052 974 1225 1030 ερμαυός
1263 978 1455 1019 substitui
1496 979 1617 1020 debet

140 1043 389 1094 gentilicium
420 1055 444 1084 a
472 1045 635 1084 nomine
668 1045 710 1084 in
747 1034 804 1093 ρῖ
836 1047 1010 1083 exeunte
1050 1044 1317 1095 declinatum,
1359 1041 1567 1095 Γεῤῥανός
1582 1044 1618 1070 14

139 1107 206 1148 vel
236 1109 367 1148 simile
398 1109 671 1162 aliquippiam.
725 1109 941 1150 Postremo
982 1109 1092 1149 addit
1129 1101 1189 1148 ὦν
1217 1104 1267 1147 τὰ
1295 1105 1368 1160 μὲν
1401 1106 1513 1161 παρὰ
1541 1105 1618 1163 τὴν

129 1170 341 1226 ’Ἄγκυραν
369 1172 636 1227 συνεξέδραμε
665 1176 722 1230 τῷ
754 1171 971 1227 Σωρανός,
1004 1170 1252 1225 Βοστρανός,
1283 1169 1333 1213 τὰ
1363 1170 1406 1213 δὲ
1434 1170 1516 1215 ἀπὸ
1543 1176 1619 1216 τοῦ

145 1236 348 1292 Θυάτειρα
375 1239 443 1281 καὶ
474 1237 524 1280 τὰ
553 1244 593 1281 Γ
590 1238 721 1294 άγγρα
754 1241 976 1292 παρῆκται·
1016 1235 1117 1280 ἀλλὰ
1145 1238 1215 1280 καὶ
1242 1241 1438 1293 θηλυκῶς
1464 1237 1618 1293 λέγεται

140 1301 166 1358 ἡ
197 1302 376 1358 Γάγγρα.
435 1307 510 1346 Hic
549 1314 646 1359 post
672 1306 883 1360 ’Ἄγκυραν
913 1306 1118 1346 excidisse
1165 1305 1334 1346 alterum
1376 1307 1617 1361 exemplum,

141 1371 251 1423 quod
283 1369 419 1423 Γέῤῥα
449 1372 576 1413 fuisse
608 1375 750 1427 posui,
791 1373 856 1413 vel
896 1384 945 1413 ex
983 1371 1155 1411 articulo
1197 1371 1343 1423 plurali
1380 1364 1441 1412 ὧν
1468 1369 1519 1412 τὰ
1545 1370 1620 1426 μὲν

142 1441 326 1491 apparet,
355 1449 432 1478 nec
460 1439 557 1478 vitio
591 1444 703 1480 caret
732 1435 981 1489 Βοστραυός,
1013 1449 1104 1478 nam
1136 1449 1159 1477 a
1190 1434 1352 1489 Βόστρα
1382 1436 1619 1492 Βοστρηυός

142 1501 338 1543 declinari
370 1503 601 1555 Stephanus
632 1506 722 1556 ipse
745 1504 926 1545 declarat
949 1515 1032 1543 non
1058 1503 1184 1544 semel
1206 1502 1278 1543 sed
1300 1508 1475 1555 quatuor
1501 1504 1619 1545 dein-

142 1578 241 1620 ceps
272 1568 376 1608 lOGiS
408 1581 440 1610 S.
471 1567 655 1622 Βόστρα,
688 1568 876 1623 Γάγγρα,
909 1567 1099 1621 Γάὸαρα,
1120 1565 1261 1620 '‘EyQa.
1319 1568 1398 1609 Pro
1430 1569 1509 1609 hoc
1538 1571 1619 1622 igi-

142 1636 207 1674 tur
239 1628 462 1686 Ὀστρανός
507 1647 704 1687 reponam
744 1648 767 1677 a
804 1636 969 1676 nomine
1009 1635 1122 1674 urbis
1163 1634 1327 1674 italicae
1375 1633 1537 1675 ductum
1575 1640 1619 1676 ut

141 1696 346 1751 Σωρανός
375 1711 398 1739 a
428 1701 553 1754 Sora,
585 1713 609 1741 a
640 1702 747 1742 Cora
779 1701 985 1753 Coranus,
1017 1699 1066 1739 ab
1098 1698 1198 1738 urbe
1229 1698 1429 1740 Sardiana
1460 1700 1620 1753 Νωρα-

141 1761 226 1814 νός,
257 1765 366 1816 quod
389 1766 623 1818 Stephanus
647 1778 736 1806 cum
758 1766 896 1805 italico
917 1766 1103 1806 Nolanus
1131 1764 1311 1815 confert,
1343 1775 1475 1817 eoque
1496 1766 1618 1806 modo

140 1830 336 1881 Polybius
362 1826 718 1885 Ἀργυριππαυούς
749 1832 929 1884 appellat
958 1842 1063 1883 quos
1096 1829 1245 1871 Strabo
1267 1829 1329 1870 Vl.
1350 1829 1442 1871 283.
1478 1826 1619 1884 Ἀργυ-

143 1892 375 1951 ριππηυούς
405 1897 467 1938 vel
497 1902 540 1938 ut
569 1897 725 1939 CoraeS
757 1897 937 1950 scripsit,
963 1892 1304 1950 Ἀργυριππίυους
1336 1895 1495 1938 dicit.1⁵
1530 1898 1620 1938 HO-

233 2082 291 2126 13)
326 2083 400 2118 Hoc
426 2088 479 2119 est
507 2084 596 2119 Alba
633 2084 818 2127 oriundus;
854 2094 932 2118 nam
960 2082 1130 2127 Ἀλβανός
1164 2084 1276 2126 gentis
1308 2083 1459 2119 Asianae
1493 2093 1620 2120 nomen

143 2139 306 2182 primitivi
342 2148 466 2183 expers
502 2149 569 2175 non
603 2141 713 2183 magis
744 2139 812 2173 huc
845 2141 994 2183 pertinet
1023 2149 1125 2182 quam
1155 2137 1364 2182 Γερμανός,
1394 2137 1560 2176 Ἵσπαινός
1585 2143 1620 2175 et

145 2194 213 2228 alia
238 2203 434 2238 aparagoga
463 2198 496 2229 in
524 2196 692 2239 Stephani
717 2195 807 2236 loco,
831 2194 889 2228 ubi
916 2205 976 2238 pro
1006 2193 1174 2237 Ὄλβανός
1209 2193 1431 2230 scribendum
1465 2198 1518 2229 est
1547 2195 1617 2227 Ἀλ-

142 2248 264 2292 βανός.
317 2250 403 2284 Nam
429 2251 514 2285 illud
537 2248 703 2294 Ὄλβηικός
732 2249 867 2283 dicitur.

235 2304 293 2347 14)
327 2305 419 2339 Alibi
446 2307 587 2350 quidem
611 2303 790 2348 Γερῤηνός
814 2305 940 2346 legitur
966 2307 1000 2339 et
1025 2303 1220 2347 Stephanus
1246 2305 1322 2347 ipse
1350 2303 1528 2348 Γεῤῥαῖος
1562 2304 1619 2338 af-

144 2358 210 2394 fert
232 2363 269 2394 ut
290 2360 460 2406 Ἀχέῤῥαι
479 2359 709 2405 Ἀχεῤῥιιῖος,
748 2369 809 2403 pro
843 2369 910 2403 quo
934 2358 1112 2402 Appianus
1146 2359 1230 2394 Pun.
1259 2361 1288 2394 cg
1325 2360 1379 2396 63.
1401 2358 1621 2403 Ἀχεῤῥανός

144 2416 272 2458 posuit.

238 2470 296 2514 15)
328 2470 392 2504 Hic
423 2481 569 2514 magnae
595 2471 765 2506 Graeciae
788 2471 948 2513 proprius
974 2472 1074 2512 typus
1103 2473 1166 2512 est,
1193 2470 1279 2505 alter
1298 2479 1361 2513 per
1383 2473 1438 2505 eta
1457 2469 1618 2513 Asianus,

146 2534 249 2568 quem
271 2526 468 2570 Stephanus
493 2536 520 2561 s.
541 2525 735 2570 Ἀβιισηνός
764 2526 951 2569 gentiliciis
975 2524 1168 2568 Europaeis
1199 2525 1394 2568 abjudicat3
1424 2525 1454 2558 is
1480 2526 1538 2568 qni
1563 2525 1619 2559 al-

145 2580 214 2624 pha
236 2581 352 2624 habet,
378 2591 550 2617 romanus.
609 2582 707 2617 Idem
727 2580 851 2617 Ἵππος
884 2580 990 2620 νῆσος
1017 2580 1236 2626 Ἐρυθραίας
1266 2582 1328 2613 καὶ
1359 2579 1462 2616 πόλις
1484 2580 1618 2613 Παλαι-

147 2638 265 2676 στίνης
286 2638 348 2668 καὶ
371 2638 555 2673 Σικελίας·
582 2636 620 2670 τὸ
646 2635 796 2669 ἕθνικόν
817 2634 978 2671 Ἱππῖνος
1001 2635 1063 2667 καὶ
1085 2633 1273 2676 Ἰππηνός,
1306 2635 1375 2670 hoc
1399 2635 1618 2679 Asianorum,

148 2690 290 2726 alterum
316 2690 522 2727 Siculorum.
570 2691 641 2728 Sed
676 2692 865 2727 miscentur
896 2690 1089 2734 interdum
1124 2688 1283 2723 Κάναθα
1315 2690 1417 2728 πόλις
1439 2691 1617 2735 Ἀραβίας,
