1731 3021
165 184 256 228 108
635 180 1070 223 DISSERTATIO
1122 180 1168 221 II.

166 295 272 336 idem
315 293 425 335 valet
461 291 571 345 quod
609 286 772 343 συνεχές
809 295 848 332 et
883 288 1105 343 ἐνδελεχῶς.
1163 290 1237 330 His
1274 290 1407 342 neq'ue
1447 292 1640 331 assentiri

167 371 300 414 neque
338 370 516 401 assensu
545 357 731 409 digniora
761 358 946 409 proferre
975 367 1209 409 possumus.
1239 380 1293 384 ——
1339 356 1641 408 Diphthongum

169 439 194 468 a
232 426 454 480 paragogis
494 423 671 465 excludit
711 423 994 464 Choerobosci
1035 432 1168 462 canon
1209 422 1339 462 Cram
1379 423 1424 463 ΙΙ.
1465 422 1556 463 229.
1602 427 1641 463 et

168 492 261 535 291.
298 488 350 532 τὰ
386 487 454 531 διὰ
487 491 563 532 τοῦ
603 493 686 537 ιλος
725 484 936 542 βαρύτονα
971 483 1026 540 μὴ
1056 484 1156 527 ὄντα
1186 482 1378 539 οὐδέτερα
1405 484 1433 540 ἢ
1461 484 1643 528 σύνθετα

169 554 499 611 ἀποστρέφονται
523 552 596 596 τὸν
614 571 647 596 ει
674 552 795 608 χωρὶς
823 554 898 594 τοῦ
919 554 1088 603 λεῖλος,
1121 554 1187 604 qui
1216 557 1453 593 neutrorum
1479 555 1642 595 nomine

169 627 298 678 χεῖλος
337 623 560 675 Significat,
598 622 880 673 synthetorum
909 616 1169 670 κροκόδειλος
1204 616 1247 658 ἐκ
1287 620 1364 659 τοῦ
1393 616 1542 670 κρόκος
1573 617 1644 660 καὶ

170 687 300 737 δειλός
333 690 491 730 scilicet
519 688 605 728 EM.
672 687 731 727 De
771 686 971 726 femininis
1013 685 1143 725 Cram.
1174 684 1218 725 ΙΙ.
1249 684 1340 725 30¹3.
1381 686 1512 762 Etym.
1544 685 1642 727 Gud

170 756 263 809 379,
297 755 362 796 39.
392 759 431 795 et
460 753 553 807 507
582 752 620 793 3.
661 749 712 792 τὰ
749 748 817 791 διὰ
854 752 931 790 τοῦ
970 752 1034 825 ιλη
1075 764 1250 801 μονογετ
1255 766 1277 802 η
1316 745 1645 804 ἀποστρέφονται

169 819 247 875 τὴν
274 836 320 872 ει,
352 820 482 872 σμίλη,
515 818 708 870 σπατίλη,
739 815 794 869 μὴ
820 813 963 867 ἔχοντα
991 811 1036 854 τὸ
1068 816 1083 854 Z
1112 811 1193 855 ἀπὸ
1222 813 1404 866 κράσεως
1431 813 1531 868 μηδὲ
1562 813 1644 856 ἀπὸ

169 884 473 939 πλεονασμοῦ,9
501 880 624 936 χωρὶς
651 883 725 921 τοῦ
753 877 909 934 ὀφειλή,
940 877 1102 934 ἀπειλή,
1134 877 1297 934 ὠτειλη,
1329 893 1405 922 nec
1435 882 1552 934 plura
1581 883 1644 923 his

172 953 302 994 tribus
342 954 545 991 noverunt
584 948 785 989 Arcadius
818 960 856 1000 p.
891 946 980 988 109.
1020 951 1059 987 et
1097 947 1355 988 Herodianus
1393 949 1521 1000 Epim.
1552 949 1643 990 227.

171 1020 323 1060 Horum
355 1021 488 1057 autem
519 1015 598 1055 duo
629 1024 840 1066 paragoga
870 1017 976 1066 sunt,
1007 1014 1176 1066 σπατίλη
1201 1026 1224 1053 a
1247 1011 1346 1061 σκάς
1365 1015 1644 1065 potiusquam

171 1089 214 1126 ut
245 1083 448 1125 Salmasio
477 1082 609 1121 visum
640 1079 691 1120 ad
723 1078 886 1120 Tertull.
916 1078 1013 1119 Pall.
1043 1078 1135 1119 304.
1166 1091 1189 1119 a
1216 1077 1411 1132 σπατάλη,
1445 1084 1484 1120 et
1502 1076 1644 1132 ὠτειλή

172 1149 282 1203 quod
306 1147 564 1189 Grammatioi
593 1158 643 1186 ex
663 1141 814 1197 οὐτηλή
836 1144 1026 1184 boeotice
1046 1156 1289 1184 conversum
1311 1144 1471 1196 dieunt3
1502 1141 1643 1193 ἀπειλή

171 1227 270 1257 vero
302 1214 575 1265 compositum
615 1216 677 1252 est
708 1211 796 1251 sine
827 1210 973 1263 dubio,
1011 1205 1153 1262 ὀφειλή
1186 1210 1410 1250 derivatum
1441 1222 1465 1250 a
1493 1210 1644 1261 verb03

172 1280 362 1332 παστείλη
392 1277 596 1331 quomodo
629 1277 841 1328 figuratum
871 1276 924 1316 sit
953 1276 1183 1326 nescimus3
1214 1287 1305 1315 nam
1337 1275 1446 1327 quod
1475 1276 1561 1317 EM.
1595 1276 1644 1317 dc

172 1347 251 1394 πᾶς
277 1342 389 1392 τέλος
418 1348 569 1396 narrat,
600 1343 735 1383 sabula
760 1346 834 1382 est.
893 1341 1010 1390 Quod
1031 1353 1127 1381 vero
1150 1352 1256 1381 nunc
1275 1341 1381 1393 apud
1399 1341 1646 1392 Hesychium

173 1414 320 1465 legitur
353 1409 624 1462 Πεπραδεῑλαι
652 1407 692 1447 οἱ
717 1404 791 1460 μὲν
818 1404 916 1454 τοὺς
950 1403 1378 1459 ἀποπνευματισμούς,
1411 1406 1450 1447 οἱ
1475 1404 1517 1446 δὲ
1540 1403 1646 1455 εἶδος

174 1475 348 1532 ἰχθύων,
378 1476 418 1517 id
436 1476 493 1516 illi
517 1479 628 1515 certe
648 1474 765 1514 aliter
792 1475 988 1525 scriptum
1012 1478 1252 1524 repererunt
1277 1473 1527 1525 Πεπραδίλαι
1558 1475 1646 1515 sive

172 1546 311 1598 potius
330 1542 571 1593 πεπραδῐλαι
599 1544 642 1580 ut
668 1539 872 1590 suspicor.
931 1539 1019 1579 Hoc
1048 1539 1241 1589 Hesyehii
1264 1540 1511 1591 interpretes
1533 1543 1647 1580 recte

174 1614 424 1662 componunt
455 1619 543 1648 cum
575 1606 654 1646 alia
684 1604 866 1657 ejusdem
896 1604 1040 1655 glossa
1075 1606 1275 1657 Πεπρίλος
1304 1602 1436 1657 ἰχθύς,
1470 1610 1509 1645 et
1540 1606 1646 1659 quia,

174 1678 253 1717 isle
284 1670 696 1726 ἀποπνευματισμούς
727 1670 879 1723 reddit,
920 1681 942 1709 a
971 1669 1139 1720 προιδεῖν
1178 1669 1307 1721 (βδεῖν
1335 1671 1503 1724 pedere)
1536 1671 1648 1712 deri-

174 1747 310 1782 vatum
342 1744 506 1793 putant3
538 1749 657 1790 quam
679 1739 957 1788 conjecturam
988 1736 1328 1776 confirmatiorem
1358 1736 1488 1776 reddit
1517 1737 1648 1777 simile

175 1819 322 1848 nomen
347 1802 605 1855 Ὀνόπορδου
643 1799 749 1851 εἶδος
786 1802 1007 1854 κογχυλίου
1046 1805 1085 1841 et
1125 1802 1350 1842 auotoritas
1390 1801 1523 1842 Photii
1562 1804 1648 1843 Πε-

174 1872 368 1924 πραδίδαι
398 1872 496 1923 (Sic)
538 1869 688 1922 πορδαί
716 1866 741 1922 ἢ
771 1865 889 1920 γένος
919 1864 1081 1920 ἰχθύων
1110 1864 1256 1919 ὅμοιον
1285 1864 1501 1920 μεμβράδι,
1543 1868 1649 1909 unde

174 1940 379 1990 colligitur
421 1938 499 1977 hoo
536 1946 700 1988 quoque
742 1939 781 1975 et
820 1933 1144 1984 reduplicatione
1192 1933 1429 1974 destitutum
1475 1933 1650 1987 πραδίλη

176 2006 355 2056 Theogn.
388 2002 478 2056 111,
510 2002 571 2043 12.
612 2012 701 2041 cum
737 1999 924 2039 affinibus
962 1995 1156 2052 βεμβράς,
1199 1995 1412 2052 βεβραδών
1442 2003 1517 2039 etc.
1546 2011 1650 2051 pro—

176 2072 346 2124 pagines
377 2081 471 2111 esse
500 2067 616 2109 verbi
643 2065 823 2120 πραδεῐν.

288 2173 326 2216 §.
355 2168 391 2208 2.
451 2167 667 2207 Nominum
705 2174 810 2215 quae
840 2174 914 2214 pro
947 2163 1184 2203 charactere
1216 2167 1282 2203 eta
1312 2162 1463 2202 liabent
1497 2172 1650 2202 accen-

179 2239 259 2274 tum
290 2233 412 2273 tradit
442 2231 700 2272 Herodianus
732 2228 868 2270 Schol.
899 2228 940 2268 Il.
970 2228 1105 2268 XVIII.
1126 2228 1217 2269 580.
1275 2228 1447 2279 Propria
1476 2238 1649 2278 namque

177 2305 216 2340 et
248 2298 497 2351 appellativa
525 2296 708 2348 gravari:
754 2290 1025 2345 Στύμφηλος,
1056 2289 1262 2345 κάμηλος,
1287 2290 1493 2345 φάσηλος,
1532 2292 1650 2343 adje-

177 2366 296 2417 ctiva,
327 2365 361 2404 si
394 2364 623 2405 femininam
654 2360 903 2412 positionem
933 2358 1130 2412 habeant,
1164 2363 1345 2409 oxytona
1377 2370 1488 2399 esse:
1532 2367 1650 2410 σιγη-

176 2428 258 2480 λός,
291 2426 460 2483 ὑψηλός,
488 2423 704 2480 ἀπατηλός,
734 2426 937 2476 barytona
953 2424 1085 2464 minus
1107 2424 1273 2464 mobilia
1296 2421 1477 2477 βέβηλος,
1507 2422 1651 2476 κίβδη-

175 2498 265 2545 λος,
310 2494 490 2547 κάπηλος
529 2493 702 2546 (caupo,
743 2492 879 2542 cocio)
921 2501 1090 2541 eamque
1129 2490 1180 2530 ob
1223 2502 1389 2530 causam
1427 2486 1652 2542 ἐρύγμηλος

178 2563 316 2613 potius
345 2559 604 2601 scribendum
624 2569 719 2600 esse
744 2568 863 2610 quam
883 2559 926 2596 ut
948 2556 1151 2607 Tyrannio
1172 2556 1316 2608 suasit,
1346 2559 1468 2596 acuta
1489 2554 1650 2605 ultima;

264 2727 302 2769 9)
338 2724 516 2768 Significat
543 2724 600 2765 ἕλη
626 2723 699 2764 εἴλη
730 2725 764 2759 et
790 2722 896 2757 erasis
921 2722 1059 2757 nomine
1087 2719 1186 2760 δείλη
1213 2719 1321 2761 δείλη.
