<?xml version="1.0" encoding="UTF-8"?>
<!DOCTYPE html PUBLIC "-//W3C//DTD XHTML 1.0 Transitional//EN"
    "http://www.w3.org/TR/xhtml1/DTD/xhtml1-transitional.dtd">
<html xmlns="http://www.w3.org/1999/xhtml" xml:lang="en" lang="en">
 <head>
  <title>
</title>
<meta http-equiv="Content-Type" content="text/html;charset=utf-8" />
  <meta name='ocr-system' content='tesseract 3.04.00' />
  <meta name='ocr-capabilities' content='ocr_page ocr_carea ocr_par ocr_line ocrx_word'/>
</head>
<body>
  <div class='ocr_page' id='page_1' title='image "./pathologiaesermo00lobeuoft_0325.png"; bbox 0 0 1747 3005; ppageno 0'>
   <div class='ocr_carea' id='block_1_1' title="bbox 173 166 1618 220">
    <p class='ocr_par' dir='ltr' id='par_1_1' title="bbox 173 166 1618 220">
     <span class='ocr_line' id='line_1_1' title="bbox 173 166 1618 220; baseline 0 -5"><span class='ocrx_word' id='word_1_1' title='bbox 173 174 241 215; x_wconf 92' lang='lat' dir='ltr'>DE</span> <span class='ocrx_word' id='word_1_2' title='bbox 262 172 388 215; x_wconf 85' lang='lat' dir='ltr'>NOM.</span> <span class='ocrx_word' id='word_1_3' title='bbox 412 169 630 220; x_wconf 62' lang='lat' dir='ltr'>QUORUM</span> <span class='ocrx_word' id='word_1_4' title='bbox 649 168 798 210; x_wconf 85' lang='lat' dir='ltr'>CIIAR.</span> <span class='ocrx_word' id='word_1_5' title='bbox 815 168 916 210; x_wconf 91' lang='lat' dir='ltr'>EST</span> <span class='ocrx_word' id='word_1_6' title='bbox 937 166 1227 209; x_wconf 85' lang='lat' dir='ltr'>GUTTURAL.</span> <span class='ocrx_word' id='word_1_7' title='bbox 1259 169 1300 210; x_wconf 92' lang='lat' dir='ltr'>C.</span> <span class='ocrx_word' id='word_1_8' title='bbox 1321 170 1366 212; x_wconf 90' lang='lat'>11.</span> <span class='ocrx_word' id='word_1_9' title='bbox 1390 175 1428 219; x_wconf 86' lang='lat'>§.</span> <span class='ocrx_word' id='word_1_10' title='bbox 1451 171 1484 213; x_wconf 94' lang='lat'>1.</span> <span class='ocrx_word' id='word_1_11' title='bbox 1523 173 1618 215; x_wconf 80' lang='lat'>307</span> 
     </span>
    </p>
   </div>
   <div class='ocr_carea' id='block_1_2' title="bbox 138 277 1620 985">
    <p class='ocr_par' dir='ltr' id='par_1_2' title="bbox 138 277 1620 985">
     <span class='ocr_line' id='line_1_2' title="bbox 144 277 1618 336; baseline -0.001 -13"><span class='ocrx_word' id='word_1_12' title='bbox 144 284 311 336; x_wconf 83' lang='lat' dir='ltr'>primam</span> <span class='ocrx_word' id='word_1_13' title='bbox 342 280 509 321; x_wconf 77' lang='lat' dir='ltr'>eandem</span> <span class='ocrx_word' id='word_1_14' title='bbox 539 291 634 320; x_wconf 75' lang='lat' dir='ltr'>esse</span> <span class='ocrx_word' id='word_1_15' title='bbox 665 277 929 331; x_wconf 81' lang='lat' dir='ltr'>principalem</span> <span class='ocrx_word' id='word_1_16' title='bbox 960 282 1219 327; x_wconf 77' lang='lat' dir='ltr'>argumentor</span> <span class='ocrx_word' id='word_1_17' title='bbox 1249 288 1298 318; x_wconf 81' lang='lat' dir='ltr'>ex</span> <span class='ocrx_word' id='word_1_18' title='bbox 1317 279 1407 320; x_wconf 85' lang='lat' dir='ltr'>aliis</span> <span class='ocrx_word' id='word_1_19' title='bbox 1431 281 1618 322; x_wconf 79' lang='lat' dir='ltr'>vocabu-</span> 
     </span>
     <span class='ocr_line' id='line_1_3' title="bbox 143 339 1619 397; baseline -0.001 -9"><span class='ocrx_word' id='word_1_20' title='bbox 143 349 193 388; x_wconf 84' lang='lat' dir='ltr'>lis</span> <span class='ocrx_word' id='word_1_21' title='bbox 215 347 393 388; x_wconf 70' lang='lat' dir='ltr'>sutrinae</span> <span class='ocrx_word' id='word_1_22' title='bbox 421 346 597 397; x_wconf 67' lang='lat' dir='ltr'>proprus</span> <span class='ocrx_word' id='word_1_23' title='bbox 623 341 841 396; x_wconf 75' lang='grc' dir='ltr'><em>πισύγγιον</em></span> <span class='ocrx_word' id='word_1_24' title='bbox 859 342 1026 383; x_wconf 84' lang='grc' dir='ltr'><em>σκυτίον</em></span> <span class='ocrx_word' id='word_1_25' title='bbox 1044 341 1157 382; x_wconf 40' lang='lat' dir='ltr'>Phor..</span> <span class='ocrx_word' id='word_1_26' title='bbox 1170 339 1432 395; x_wconf 82' lang='grc' dir='ltr'><em>πέσσυμπτον</em></span> <span class='ocrx_word' id='word_1_27' title='bbox 1450 347 1619 386; x_wconf 81' lang='grc' dir='ltr'><em>σκυτίον</em></span> 
     </span>
     <span class='ocr_line' id='line_1_4' title="bbox 142 402 1619 464; baseline -0.002 -10"><span class='ocrx_word' id='word_1_28' title='bbox 142 413 237 454; x_wconf 84' lang='lat' dir='ltr'>Hes.</span> <span class='ocrx_word' id='word_1_29' title='bbox 267 408 460 452; x_wconf 78' lang='grc' dir='ltr'><em>πεττύκια</em></span> <span class='ocrx_word' id='word_1_30' title='bbox 489 407 612 450; x_wconf 70' lang='grc' dir='ltr'><em>λεπτὰ</em></span> <span class='ocrx_word' id='word_1_31' title='bbox 649 406 926 462; x_wconf 75' lang='grc' dir='ltr'><em>περιτμήματα</em></span> <span class='ocrx_word' id='word_1_32' title='bbox 961 409 1045 448; x_wconf 81' lang='grc' dir='ltr'><em>τῶν</em></span> <span class='ocrx_word' id='word_1_33' title='bbox 1082 405 1294 459; x_wconf 74' lang='grc' dir='ltr'><em>δερμάτων</em></span> <span class='ocrx_word' id='word_1_34' title='bbox 1323 404 1392 462; x_wconf 76' lang='grc' dir='ltr'>ἀφ’</span> <span class='ocrx_word' id='word_1_35' title='bbox 1425 402 1477 450; x_wconf 78' lang='grc' dir='ltr'><em>οὗ</em></span> <span class='ocrx_word' id='word_1_36' title='bbox 1506 409 1619 464; x_wconf 81' lang='grc' dir='ltr'><em>ἡμεῖς</em></span> 
     </span>
     <span class='ocr_line' id='line_1_5' title="bbox 140 473 1619 529; baseline -0.002 -10"><span class='ocrx_word' id='word_1_37' title='bbox 140 475 329 519; x_wconf 82' lang='grc' dir='ltr'><em>πιττάκια</em></span> <span class='ocrx_word' id='word_1_38' title='bbox 347 474 514 529; x_wconf 75' lang='grc' dir='ltr'><em>λέγομεν</em></span> <span class='ocrx_word' id='word_1_39' title='bbox 536 477 659 515; x_wconf 79' lang='lat' dir='ltr'>Moer.</span> <span class='ocrx_word' id='word_1_40' title='bbox 682 486 783 526; x_wconf 81' lang='lat' dir='ltr'>quae</span> <span class='ocrx_word' id='word_1_41' title='bbox 809 476 932 526; x_wconf 77' lang='lat' dir='ltr'><em>pece&#39;a</em></span> <span class='ocrx_word' id='word_1_42' title='bbox 962 473 1048 514; x_wconf 75' lang='lat' dir='ltr'>sive</span> <span class='ocrx_word' id='word_1_43' title='bbox 1079 473 1186 524; x_wconf 73' lang='lat' dir='ltr'>petia</span> <span class='ocrx_word' id='word_1_44' title='bbox 1217 479 1254 513; x_wconf 81' lang='lat' dir='ltr'>et</span> <span class='ocrx_word' id='word_1_45' title='bbox 1283 476 1438 525; x_wconf 75' lang='lat' dir='ltr'>petaoia</span> <span class='ocrx_word' id='word_1_46' title='bbox 1469 488 1619 516; x_wconf 81' lang='lat' dir='ltr'>vocan—</span> 
     </span>
     <span class='ocr_line' id='line_1_6' title="bbox 144 538 1617 595; baseline -0.001 -11"><span class='ocrx_word' id='word_1_47' title='bbox 144 550 206 585; x_wconf 84' lang='lat' dir='ltr'>tur</span> <span class='ocrx_word' id='word_1_48' title='bbox 228 557 250 584; x_wconf 80' lang='lat' dir='ltr'>a</span> <span class='ocrx_word' id='word_1_49' title='bbox 272 542 541 595; x_wconf 73' lang='lat' dir='ltr'><strong>scriptoribus</strong></span> <span class='ocrx_word' id='word_1_50' title='bbox 564 541 681 581; x_wconf 81' lang='lat' dir='ltr'>medii</span> <span class='ocrx_word' id='word_1_51' title='bbox 704 540 790 580; x_wconf 77' lang='lat' dir='ltr'>aevi</span> <span class='ocrx_word' id='word_1_52' title='bbox 811 540 943 579; x_wconf 72' lang='lat' dir='ltr'>latinis</span> <span class='ocrx_word' id='word_1_53' title='bbox 965 544 1001 579; x_wconf 72' lang='lat' dir='ltr'>et</span> <span class='ocrx_word' id='word_1_54' title='bbox 1020 538 1153 587; x_wconf 80' lang='grc' dir='ltr'><em>πετζία</em></span> <span class='ocrx_word' id='word_1_55' title='bbox 1172 539 1212 577; x_wconf 86' lang='lat' dir='ltr'>in</span> <span class='ocrx_word' id='word_1_56' title='bbox 1232 549 1381 589; x_wconf 77' lang='lat' dir='ltr'><strong>genere</strong></span> <span class='ocrx_word' id='word_1_57' title='bbox 1402 547 1544 581; x_wconf 78' lang='lat' dir='ltr'>neutro</span> <span class='ocrx_word' id='word_1_58' title='bbox 1568 542 1617 582; x_wconf 85' lang='lat' dir='ltr'>ab</span> 
     </span>
     <span class='ocr_line' id='line_1_7' title="bbox 142 597 1619 661; baseline -0.002 -11"><span class='ocrx_word' id='word_1_59' title='bbox 142 609 380 661; x_wconf 78' lang='lat' dir='ltr'>aequalibus</span> <span class='ocrx_word' id='word_1_60' title='bbox 414 608 580 648; x_wconf 74' lang='lat' dir='ltr'>GraeciS</span> <span class='ocrx_word' id='word_1_61' title='bbox 612 607 715 647; x_wconf 85' lang='lat' dir='ltr'>sicut</span> <span class='ocrx_word' id='word_1_62' title='bbox 745 606 968 645; x_wconf 75' lang='lat' dir='ltr'>veterarius</span> <span class='ocrx_word' id='word_1_63' title='bbox 999 605 1089 656; x_wconf 78' lang='lat' dir='ltr'>ipse</span> <span class='ocrx_word' id='word_1_64' title='bbox 1117 601 1283 653; x_wconf 80' lang='grc' dir='ltr'><em>πετζιάς.</em></span> <span class='ocrx_word' id='word_1_65' title='bbox 1303 600 1359 633; x_wconf 73' lang='grc'>-’</span> <span class='ocrx_word' id='word_1_66' title='bbox 1382 597 1619 658; x_wconf 57' lang='lat' dir='ltr'>Longum-cs)</span> 
     </span>
     <span class='ocr_line' id='line_1_8' title="bbox 141 666 1619 727; baseline -0.003 -12"><span class='ocrx_word' id='word_1_67' title='bbox 141 686 224 715; x_wconf 88' lang='lat' dir='ltr'>non</span> <span class='ocrx_word' id='word_1_68' title='bbox 244 674 445 727; x_wconf 72' lang='lat' dir='ltr'>reperitur</span> <span class='ocrx_word' id='word_1_69' title='bbox 470 673 548 712; x_wconf 84' lang='lat' dir='ltr'>nisi</span> <span class='ocrx_word' id='word_1_70' title='bbox 572 684 595 712; x_wconf 83' lang='lat' dir='ltr'>a</span> <span class='ocrx_word' id='word_1_71' title='bbox 618 671 743 712; x_wconf 80' lang='lat' dir='ltr'><strong>verbo</strong></span> <span class='ocrx_word' id='word_1_72' title='bbox 771 670 1010 710; x_wconf 75' lang='lat' dir='ltr'>translatum</span> <span class='ocrx_word' id='word_1_73' title='bbox 1041 675 1083 710; x_wconf 85' lang='lat' dir='ltr'>ut</span> <span class='ocrx_word' id='word_1_74' title='bbox 1113 667 1282 723; x_wconf 68' lang='grc' dir='ltr'><em>οἰμωγή,</em></span> <span class='ocrx_word' id='word_1_75' title='bbox 1314 666 1469 724; x_wconf 75' lang='grc' dir='ltr'>ἀρωγή,</span> <span class='ocrx_word' id='word_1_76' title='bbox 1501 669 1619 725; x_wconf 75' lang='grc' dir='ltr'><em>ἀρω-</em></span> 
     </span>
     <span class='ocr_line' id='line_1_9' title="bbox 138 732 1620 793; baseline -0.001 -13"><span class='ocrx_word' id='word_1_77' title='bbox 138 738 231 793; x_wconf 79' lang='grc' dir='ltr'>γός,</span> <span class='ocrx_word' id='word_1_78' title='bbox 271 750 360 779; x_wconf 84' lang='lat' dir='ltr'>cum</span> <span class='ocrx_word' id='word_1_79' title='bbox 390 738 606 778; x_wconf 74' lang='lat' dir='ltr'>metathesi</span> <span class='ocrx_word' id='word_1_80' title='bbox 636 735 794 777; x_wconf 78' lang='lat' dir='ltr'>vocalis</span> <span class='ocrx_word' id='word_1_81' title='bbox 830 739 872 775; x_wconf 79' lang='lat' dir='ltr'>ut</span> <span class='ocrx_word' id='word_1_82' title='bbox 906 736 956 775; x_wconf 85' lang='lat' dir='ltr'>ab</span> <span class='ocrx_word' id='word_1_83' title='bbox 987 732 1138 788; x_wconf 73' lang='grc' dir='ltr'><em>ἄγνυμι</em></span> <span class='ocrx_word' id='word_1_84' title='bbox 1166 733 1411 789; x_wconf 77' lang='grc' dir='ltr'><em>κυματωγή,</em></span> <span class='ocrx_word' id='word_1_85' title='bbox 1454 734 1620 789; x_wconf 80' lang='grc' dir='ltr'><em>ὤγανου</em></span> 
     </span>
     <span class='ocr_line' id='line_1_10' title="bbox 141 801 1619 858; baseline -0.002 -12"><span class='ocrx_word' id='word_1_86' title='bbox 141 811 181 847; x_wconf 78' lang='lat' dir='ltr'>et</span> <span class='ocrx_word' id='word_1_87' title='bbox 209 801 469 855; x_wconf 79' lang='grc' dir='ltr'><em>περιώγανον</em></span> <span class='ocrx_word' id='word_1_88' title='bbox 499 803 670 843; x_wconf 80' lang='lat' dir='ltr'>canthus</span> <span class='ocrx_word' id='word_1_89' title='bbox 694 806 809 842; x_wconf 79' lang='lat' dir='ltr'>rotae</span> <span class='ocrx_word' id='word_1_90' title='bbox 837 801 1056 853; x_wconf 74' lang='lat' dir='ltr'>additoque</span> <span class='ocrx_word' id='word_1_91' title='bbox 1077 803 1174 855; x_wconf 74' lang='lat' dir='ltr'>iota,</span> <span class='ocrx_word' id='word_1_92' title='bbox 1206 806 1248 842; x_wconf 85' lang='lat' dir='ltr'>ut</span> <span class='ocrx_word' id='word_1_93' title='bbox 1267 804 1471 856; x_wconf 78' lang='lat' dir='ltr'>suspicor,</span> <span class='ocrx_word' id='word_1_94' title='bbox 1502 801 1619 858; x_wconf 76' lang='grc' dir='ltr'>ἰωγή,</span> 
     </span>
     <span class='ocr_line' id='line_1_11' title="bbox 140 867 1616 923; baseline 0 -13"><span class='ocrx_word' id='word_1_95' title='bbox 140 882 220 923; x_wconf 87' lang='lat' dir='ltr'>quo</span> <span class='ocrx_word' id='word_1_96' title='bbox 253 869 472 920; x_wconf 79' lang='lat' dir='ltr'>significari</span> <span class='ocrx_word' id='word_1_97' title='bbox 502 868 660 908; x_wconf 79' lang='lat' dir='ltr'>videtur</span> <span class='ocrx_word' id='word_1_98' title='bbox 690 867 807 907; x_wconf 79' lang='lat' dir='ltr'>locus</span> <span class='ocrx_word' id='word_1_99' title='bbox 840 871 951 908; x_wconf 84' lang='lat' dir='ltr'>tutus</span> <span class='ocrx_word' id='word_1_100' title='bbox 981 879 1005 908; x_wconf 85' lang='lat' dir='ltr'><strong>a</strong></span> <span class='ocrx_word' id='word_1_101' title='bbox 1030 868 1162 909; x_wconf 77' lang='lat' dir='ltr'>ventis</span> <span class='ocrx_word' id='word_1_102' title='bbox 1186 868 1454 921; x_wconf 82' lang='lat' dir='ltr'>fluctibusque</span> <span class='ocrx_word' id='word_1_103' title='bbox 1478 880 1616 922; x_wconf 83' lang='lat' dir='ltr'>oppo-</span> 
     </span>
     <span class='ocr_line' id='line_1_12' title="bbox 140 932 825 985; baseline -0.004 -9"><span class='ocrx_word' id='word_1_104' title='bbox 140 936 223 976; x_wconf 80' lang='lat' dir='ltr'>situ</span> <span class='ocrx_word' id='word_1_105' title='bbox 252 933 372 974; x_wconf 87' lang='lat' dir='ltr'>molis</span> <span class='ocrx_word' id='word_1_106' title='bbox 404 944 500 974; x_wconf 78' lang='lat' dir='ltr'><strong>sese</strong></span> <span class='ocrx_word' id='word_1_107' title='bbox 531 932 825 985; x_wconf 80' lang='lat' dir='ltr'><strong>frangentibus.</strong></span> 
     </span>
    </p>
   </div>
   <div class='ocr_carea' id='block_1_3' title="bbox 384 1062 1373 1189">
    <p class='ocr_par' dir='ltr' id='par_1_3' title="bbox 384 1062 1373 1189">
     <span class='ocr_line' id='line_1_13' title="bbox 742 1062 1023 1104; baseline -0.007 0"><span class='ocrx_word' id='word_1_108' title='bbox 742 1062 774 1104; x_wconf 89' lang='lat' dir='ltr'>C</span> <span class='ocrx_word' id='word_1_109' title='bbox 804 1062 843 1103; x_wconf 82' lang='grc' dir='ltr'><strong>Α</strong></span> <span class='ocrx_word' id='word_1_110' title='bbox 872 1063 919 1104; x_wconf 89' lang='grc' dir='ltr'>Ρ.</span> <span class='ocrx_word' id='word_1_111' title='bbox 971 1062 1023 1102; x_wconf 88' lang='lat' dir='ltr'>II.</span> 
     </span>
     <span class='ocr_line' id='line_1_14' title="bbox 384 1145 1373 1189; baseline -0.001 0"><span class='ocrx_word' id='word_1_112' title='bbox 384 1145 459 1189; x_wconf 86' lang='lat' dir='ltr'>De</span> <span class='ocrx_word' id='word_1_113' title='bbox 492 1145 758 1188; x_wconf 77' lang='lat' dir='ltr'><em>nominibus</em></span> <span class='ocrx_word' id='word_1_114' title='bbox 793 1145 842 1187; x_wconf 82' lang='lat' dir='ltr'>in</span> <span class='ocrx_word' id='word_1_115' title='bbox 881 1158 1038 1187; x_wconf 73' lang='lat' dir='ltr'>—x—</span> <span class='ocrx_word' id='word_1_116' title='bbox 1079 1145 1373 1189; x_wconf 73' lang='lat' dir='ltr'>exeuntibus.</span> 
     </span>
    </p>
   </div>
   <div class='ocr_carea' id='block_1_4' title="bbox 134 1253 1620 2553">
    <p class='ocr_par' dir='ltr' id='par_1_4' title="bbox 134 1253 1620 2553">
     <span class='ocr_line' id='line_1_15' title="bbox 249 1253 1618 1305; baseline 0 -9"><span class='ocrx_word' id='word_1_117' title='bbox 249 1259 288 1303; x_wconf 88' lang='lat'>§.</span> <span class='ocrx_word' id='word_1_118' title='bbox 319 1254 354 1296; x_wconf 91' lang='lat'>1.</span> <span class='ocrx_word' id='word_1_119' title='bbox 414 1253 473 1294; x_wconf 79' lang='lat' dir='ltr'>De</span> <span class='ocrx_word' id='word_1_120' title='bbox 504 1257 676 1293; x_wconf 82' lang='lat' dir='ltr'>accentu</span> <span class='ocrx_word' id='word_1_121' title='bbox 705 1253 911 1293; x_wconf 88' lang='lat' dir='ltr'>nominum</span> <span class='ocrx_word' id='word_1_122' title='bbox 943 1253 1202 1305; x_wconf 85' lang='lat' dir='ltr'>propriorum</span> <span class='ocrx_word' id='word_1_123' title='bbox 1233 1255 1351 1295; x_wconf 87' lang='lat' dir='ltr'>nimis</span> <span class='ocrx_word' id='word_1_124' title='bbox 1379 1259 1534 1295; x_wconf 65' lang='lat' dir='ltr'>curtum</span> <span class='ocrx_word' id='word_1_125' title='bbox 1554 1261 1618 1296; x_wconf 79' lang='lat' dir='ltr'>est</span> 
     </span>
     <span class='ocr_line' id='line_1_16' title="bbox 138 1316 1618 1374; baseline 0 -13"><span class='ocrx_word' id='word_1_126' title='bbox 138 1324 402 1374; x_wconf 80' lang='lat' dir='ltr'>praeceptum</span> <span class='ocrx_word' id='word_1_127' title='bbox 436 1319 477 1358; x_wconf 89' lang='lat' dir='ltr'>in</span> <span class='ocrx_word' id='word_1_128' title='bbox 509 1318 645 1359; x_wconf 76' lang='lat' dir='ltr'>Schol.</span> <span class='ocrx_word' id='word_1_129' title='bbox 676 1318 718 1358; x_wconf 89' lang='lat' dir='ltr'>Il.</span> <span class='ocrx_word' id='word_1_130' title='bbox 749 1317 886 1359; x_wconf 86' lang='lat' dir='ltr'>XXIV.</span> <span class='ocrx_word' id='word_1_131' title='bbox 917 1318 1009 1360; x_wconf 84' lang='lat'>566.</span> <span class='ocrx_word' id='word_1_132' title='bbox 1037 1316 1087 1359; x_wconf 83' lang='grc' dir='ltr'>τὰ</span> <span class='ocrx_word' id='word_1_133' title='bbox 1116 1317 1240 1371; x_wconf 80' lang='grc' dir='ltr'><em>κύρια</em></span> <span class='ocrx_word' id='word_1_134' title='bbox 1268 1317 1488 1373; x_wconf 78' lang='grc' dir='ltr'><em>βαρύνεται</em></span> <span class='ocrx_word' id='word_1_135' title='bbox 1522 1317 1618 1361; x_wconf 84' lang='grc' dir='ltr'>Φύ-</span> 
     </span>
     <span class='ocr_line' id='line_1_17' title="bbox 135 1379 1619 1438; baseline -0.001 -11"><span class='ocrx_word' id='word_1_136' title='bbox 135 1389 274 1438; x_wconf 79' lang='grc' dir='ltr'><em>λακος,</em></span> <span class='ocrx_word' id='word_1_137' title='bbox 294 1382 498 1432; x_wconf 79' lang='grc' dir='ltr'><em>Αὔλακος,</em></span> <span class='ocrx_word' id='word_1_138' title='bbox 523 1381 644 1424; x_wconf 75' lang='grc' dir='ltr'><em>ἔνθεν</em></span> <span class='ocrx_word' id='word_1_139' title='bbox 668 1379 843 1423; x_wconf 82' lang='grc' dir='ltr'><em>ἀνάκοιν</em></span> <span class='ocrx_word' id='word_1_140' title='bbox 861 1382 1119 1436; x_wconf 78' lang='grc' dir='ltr'><em>Διοςκόροιν,</em></span> <span class='ocrx_word' id='word_1_141' title='bbox 1148 1386 1215 1426; x_wconf 90' lang='lat' dir='ltr'>ubi</span> <span class='ocrx_word' id='word_1_142' title='bbox 1237 1387 1406 1438; x_wconf 86' lang='lat' dir='ltr'>primum</span> <span class='ocrx_word' id='word_1_143' title='bbox 1427 1383 1619 1433; x_wconf 78' lang='grc' dir='ltr'><em>Αὔλακος</em></span> 
     </span>
     <span class='ocr_line' id='line_1_18' title="bbox 138 1446 1616 1505; baseline 0 -12"><span class='ocrx_word' id='word_1_144' title='bbox 138 1452 335 1503; x_wconf 80' lang='lat' dir='ltr'>scrIptum</span> <span class='ocrx_word' id='word_1_145' title='bbox 363 1449 522 1490; x_wconf 77' lang='lat' dir='ltr'>videtur</span> <span class='ocrx_word' id='word_1_146' title='bbox 549 1460 623 1501; x_wconf 86' lang='lat' dir='ltr'>pro</span> <span class='ocrx_word' id='word_1_147' title='bbox 642 1446 821 1497; x_wconf 73' lang='grc' dir='ltr'><em>Ὕλακος</em></span> <span class='ocrx_word' id='word_1_148' title='bbox 847 1451 962 1491; x_wconf 87' lang='lat' dir='ltr'>Eust.</span> <span class='ocrx_word' id='word_1_149' title='bbox 986 1452 1102 1505; x_wconf 80' lang='lat'>1758,</span> <span class='ocrx_word' id='word_1_150' title='bbox 1127 1452 1192 1492; x_wconf 85' lang='lat'>25.</span> <span class='ocrx_word' id='word_1_151' title='bbox 1214 1451 1323 1504; x_wconf 86' lang='lat' dir='ltr'>quod</span> <span class='ocrx_word' id='word_1_152' title='bbox 1353 1463 1417 1504; x_wconf 79' lang='lat' dir='ltr'>ap.</span> <span class='ocrx_word' id='word_1_153' title='bbox 1439 1452 1616 1503; x_wconf 80' lang='lat' dir='ltr'>Hesych.</span> 
     </span>
     <span class='ocr_line' id='line_1_19' title="bbox 138 1513 1618 1569; baseline -0.001 -10"><span class='ocrx_word' id='word_1_154' title='bbox 138 1529 170 1559; x_wconf 86' lang='lat' dir='ltr'>S.</span> <span class='ocrx_word' id='word_1_155' title='bbox 185 1513 400 1568; x_wconf 74' lang='grc' dir='ltr'><em>Ὑλακίδης</em></span> <span class='ocrx_word' id='word_1_156' title='bbox 418 1515 522 1555; x_wconf 77' lang='lat' dir='ltr'>male</span> <span class='ocrx_word' id='word_1_157' title='bbox 553 1515 724 1563; x_wconf 81' lang='lat' dir='ltr'>acuitur,</span> <span class='ocrx_word' id='word_1_158' title='bbox 759 1520 1011 1567; x_wconf 78' lang='lat' dir='ltr'>postremum</span> <span class='ocrx_word' id='word_1_159' title='bbox 1034 1517 1084 1558; x_wconf 85' lang='lat' dir='ltr'>ad</span> <span class='ocrx_word' id='word_1_160' title='bbox 1112 1518 1292 1569; x_wconf 83' lang='lat' dir='ltr'>regulam</span> <span class='ocrx_word' id='word_1_161' title='bbox 1325 1517 1375 1557; x_wconf 80' lang='lat' dir='ltr'>de</span> <span class='ocrx_word' id='word_1_162' title='bbox 1403 1528 1486 1558; x_wconf 87' lang='lat' dir='ltr'>non</span> <span class='ocrx_word' id='word_1_163' title='bbox 1515 1529 1618 1569; x_wconf 88' lang='lat' dir='ltr'>pro-</span> 
     </span>
     <span class='ocr_line' id='line_1_20' title="bbox 139 1579 1618 1636; baseline 0.001 -14"><span class='ocrx_word' id='word_1_164' title='bbox 139 1583 238 1634; x_wconf 88' lang='lat' dir='ltr'>priis</span> <span class='ocrx_word' id='word_1_165' title='bbox 263 1582 469 1633; x_wconf 81' lang='lat' dir='ltr'>pertinere</span> <span class='ocrx_word' id='word_1_166' title='bbox 493 1585 664 1632; x_wconf 81' lang='lat' dir='ltr'>apparet</span> <span class='ocrx_word' id='word_1_167' title='bbox 689 1592 739 1620; x_wconf 82' lang='lat' dir='ltr'>ex</span> <span class='ocrx_word' id='word_1_168' title='bbox 756 1581 871 1621; x_wconf 80' lang='lat' dir='ltr'>Eust.</span> <span class='ocrx_word' id='word_1_169' title='bbox 893 1579 942 1621; x_wconf 78' lang='grc' dir='ltr'>τὰ</span> <span class='ocrx_word' id='word_1_170' title='bbox 968 1579 1179 1623; x_wconf 80' lang='grc' dir='ltr'><em>ἐπιθετικὰ</em></span> <span class='ocrx_word' id='word_1_171' title='bbox 1207 1579 1394 1631; x_wconf 80' lang='grc' dir='ltr'><em>ὀξύνεται</em></span> <span class='ocrx_word' id='word_1_172' title='bbox 1423 1580 1618 1636; x_wconf 86' lang='grc' dir='ltr'>μαλακός,</span> 
     </span>
     <span class='ocr_line' id='line_1_21' title="bbox 139 1641 1618 1702; baseline 0.001 -15"><span class='ocrx_word' id='word_1_173' title='bbox 139 1642 305 1695; x_wconf 81' lang='grc' dir='ltr'><em>ἀνακός,</em></span> <span class='ocrx_word' id='word_1_174' title='bbox 337 1642 438 1685; x_wconf 80' lang='grc' dir='ltr'><em>ὅθεν</em></span> <span class='ocrx_word' id='word_1_175' title='bbox 464 1644 533 1685; x_wconf 81' lang='grc' dir='ltr'>καὶ</span> <span class='ocrx_word' id='word_1_176' title='bbox 561 1642 607 1685; x_wconf 81' lang='grc' dir='ltr'>τὸ</span> <span class='ocrx_word' id='word_1_177' title='bbox 624 1641 798 1686; x_wconf 78' lang='grc' dir='ltr'><em>ἀνακοῖν</em></span> <span class='ocrx_word' id='word_1_178' title='bbox 823 1645 1070 1701; x_wconf 84' lang='grc' dir='ltr'><em>Λιοςκόροιν</em></span> <span class='ocrx_word' id='word_1_179' title='bbox 1094 1660 1130 1700; x_wconf 88' lang='lat' dir='ltr'>p.</span> <span class='ocrx_word' id='word_1_180' title='bbox 1151 1648 1269 1700; x_wconf 78' lang='lat'>1365,</span> <span class='ocrx_word' id='word_1_181' title='bbox 1289 1647 1355 1688; x_wconf 83' lang='grc'>45.</span> <span class='ocrx_word' id='word_1_182' title='bbox 1379 1652 1417 1688; x_wconf 85' lang='lat' dir='ltr'>et</span> <span class='ocrx_word' id='word_1_183' title='bbox 1438 1660 1473 1700; x_wconf 90' lang='lat' dir='ltr'>p.</span> <span class='ocrx_word' id='word_1_184' title='bbox 1501 1648 1618 1702; x_wconf 74' lang='lat'>1425,</span> 
     </span>
     <span class='ocr_line' id='line_1_22' title="bbox 139 1705 1620 1765; baseline 0 -12"><span class='ocrx_word' id='word_1_185' title='bbox 139 1712 205 1753; x_wconf 75' lang='lat'>29.</span> <span class='ocrx_word' id='word_1_186' title='bbox 237 1712 379 1758; x_wconf 77' lang='grc' dir='ltr'><em>Αἴλιος</em></span> <span class='ocrx_word' id='word_1_187' title='bbox 407 1705 592 1757; x_wconf 76' lang='grc' dir='ltr'><em>ἀνακοὺς</em></span> <span class='ocrx_word' id='word_1_188' title='bbox 628 1707 727 1758; x_wconf 79' lang='grc' dir='ltr'><em>τοὺς</em></span> <span class='ocrx_word' id='word_1_189' title='bbox 756 1711 1037 1764; x_wconf 85' lang='grc' dir='ltr'><em>Λιοςκούρους</em></span> <span class='ocrx_word' id='word_1_190' title='bbox 1068 1711 1172 1765; x_wconf 85' lang='grc' dir='ltr'><em>φησὶ</em></span> <span class='ocrx_word' id='word_1_191' title='bbox 1199 1710 1389 1765; x_wconf 79' lang='grc' dir='ltr'><em>λέγεσθαι</em></span> <span class='ocrx_word' id='word_1_192' title='bbox 1427 1709 1483 1760; x_wconf 78' lang='grc' dir='ltr'>ὥς</span> <span class='ocrx_word' id='word_1_193' title='bbox 1511 1712 1620 1753; x_wconf 86' lang='grc' dir='ltr'><em>Αἰα-</em></span> 
     </span>
     <span class='ocr_line' id='line_1_23' title="bbox 139 1770 1620 1830; baseline 0.001 -13"><span class='ocrx_word' id='word_1_194' title='bbox 139 1774 278 1824; x_wconf 59' lang='lat' dir='ltr'>nobs-,¹</span> <span class='ocrx_word' id='word_1_195' title='bbox 337 1775 419 1817; x_wconf 83' lang='lat' dir='ltr'>Sed</span> <span class='ocrx_word' id='word_1_196' title='bbox 456 1776 585 1826; x_wconf 80' lang='lat' dir='ltr'>magiS</span> <span class='ocrx_word' id='word_1_197' title='bbox 627 1777 830 1828; x_wconf 76' lang='lat' dir='ltr'>eprIcate</span> <span class='ocrx_word' id='word_1_198' title='bbox 872 1778 1073 1819; x_wconf 83' lang='lat' dir='ltr'>ArcadIus</span> <span class='ocrx_word' id='word_1_199' title='bbox 1112 1774 1163 1817; x_wconf 77' lang='grc' dir='ltr'>τὰ</span> <span class='ocrx_word' id='word_1_200' title='bbox 1201 1777 1255 1825; x_wconf 83' lang='grc' dir='ltr'>εἰς</span> <span class='ocrx_word' id='word_1_201' title='bbox 1299 1770 1374 1826; x_wconf 64' lang='lat' dir='ltr'>aco—g</span> <span class='ocrx_word' id='word_1_202' title='bbox 1408 1774 1510 1830; x_wconf 75' lang='grc' dir='ltr'>ὑπὲρ</span> <span class='ocrx_word' id='word_1_203' title='bbox 1541 1775 1620 1819; x_wconf 82' lang='grc' dir='ltr'><em>δύο</em></span> 
     </span>
     <span class='ocr_line' id='line_1_24' title="bbox 139 1835 1619 1897; baseline 0.001 -14"><span class='ocrx_word' id='word_1_204' title='bbox 139 1839 342 1895; x_wconf 78' lang='grc' dir='ltr'><em>συλλαβὰς</em></span> <span class='ocrx_word' id='word_1_205' title='bbox 370 1842 427 1897; x_wconf 75' lang='grc' dir='ltr'>τῷ</span> <span class='ocrx_word' id='word_1_206' title='bbox 457 1843 485 1880; x_wconf 78' lang='grc' dir='ltr'><strong><em>ἆ</em></strong></span> <span class='ocrx_word' id='word_1_207' title='bbox 514 1839 835 1894; x_wconf 70' lang='grc' dir='ltr'><em>παραληγόμενα</em></span> <span class='ocrx_word' id='word_1_208' title='bbox 864 1835 916 1883; x_wconf 78' lang='grc' dir='ltr'><em>οὗ</em></span> <span class='ocrx_word' id='word_1_209' title='bbox 947 1846 1183 1897; x_wconf 76' lang='grc' dir='ltr'><em>προηγεῖται</em></span> <span class='ocrx_word' id='word_1_210' title='bbox 1213 1841 1444 1897; x_wconf 82' lang='grc' dir='ltr'><em>σύμφωνον</em></span> <span class='ocrx_word' id='word_1_211' title='bbox 1461 1841 1488 1896; x_wconf 78' lang='grc' dir='ltr'><em>ἢ</em></span> <span class='ocrx_word' id='word_1_212' title='bbox 1511 1840 1619 1896; x_wconf 86' lang='grc' dir='ltr'><em>σύμ-</em></span> 
     </span>
     <span class='ocr_line' id='line_1_25' title="bbox 138 1903 1619 1962; baseline 0.001 -14"><span class='ocrx_word' id='word_1_213' title='bbox 138 1923 261 1962; x_wconf 81' lang='grc' dir='ltr'><em>φωνα</em></span> <span class='ocrx_word' id='word_1_214' title='bbox 290 1905 416 1958; x_wconf 81' lang='grc' dir='ltr'><em>κύρια</em></span> <span class='ocrx_word' id='word_1_215' title='bbox 446 1903 545 1947; x_wconf 82' lang='grc' dir='ltr'><em>ὄντα</em></span> <span class='ocrx_word' id='word_1_216' title='bbox 574 1904 813 1960; x_wconf 75' lang='grc' dir='ltr'><em>βαρύνεται,</em></span> <span class='ocrx_word' id='word_1_217' title='bbox 854 1905 1094 1960; x_wconf 76' lang='grc' dir='ltr'>Λάβδακος,</span> <span class='ocrx_word' id='word_1_218' title='bbox 1131 1910 1315 1957; x_wconf 81' lang='grc' dir='ltr'><em>Πίνακος</em></span> <span class='ocrx_word' id='word_1_219' title='bbox 1342 1908 1412 1950; x_wconf 84' lang='grc' dir='ltr'>καὶ</span> <span class='ocrx_word' id='word_1_220' title='bbox 1437 1905 1619 1962; x_wconf 83' lang='grc' dir='ltr'><em>Ἀμάρα-</em></span> 
     </span>
     <span class='ocr_line' id='line_1_26' title="bbox 137 1969 1618 2024; baseline 0.001 -10"><span class='ocrx_word' id='word_1_221' title='bbox 137 1988 220 2024; x_wconf 82' lang='grc' dir='ltr'><em>κος,</em></span> <span class='ocrx_word' id='word_1_222' title='bbox 248 1971 440 2020; x_wconf 75' lang='grc' dir='ltr'><em>Ἴθακος’</em></span> <span class='ocrx_word' id='word_1_223' title='bbox 481 1973 742 2024; x_wconf 71' lang='grc' dir='ltr'><em>σεσημείωται</em></span> <span class='ocrx_word' id='word_1_224' title='bbox 770 1969 816 2013; x_wconf 81' lang='grc' dir='ltr'>τὸ</span> <span class='ocrx_word' id='word_1_225' title='bbox 842 1969 1013 2022; x_wconf 80' lang='grc' dir='ltr'><em>Ἀσακός</em></span> <span class='ocrx_word' id='word_1_226' title='bbox 1042 1972 1111 2014; x_wconf 80' lang='grc' dir='ltr'>καὶ</span> <span class='ocrx_word' id='word_1_227' title='bbox 1135 1971 1302 2022; x_wconf 82' lang='grc' dir='ltr'><em>Ἀλακός</em></span> <span class='ocrx_word' id='word_1_228' title='bbox 1334 1974 1402 2016; x_wconf 81' lang='grc' dir='ltr'>καὶ</span> <span class='ocrx_word' id='word_1_229' title='bbox 1433 1977 1618 2016; x_wconf 77' lang='grc' dir='ltr'><em>Καλλια-</em></span> 
     </span>
     <span class='ocr_line' id='line_1_27' title="bbox 135 2037 1619 2093; baseline 0.001 -13"><span class='ocrx_word' id='word_1_230' title='bbox 135 2037 220 2087; x_wconf 85' lang='grc' dir='ltr'>κός.</span> <span class='ocrx_word' id='word_1_231' title='bbox 277 2040 486 2089; x_wconf 79' lang='lat' dir='ltr'>Barytona</span> <span class='ocrx_word' id='word_1_232' title='bbox 533 2039 654 2089; x_wconf 81' lang='lat' dir='ltr'>igitur</span> <span class='ocrx_word' id='word_1_233' title='bbox 697 2043 792 2078; x_wconf 84' lang='lat' dir='ltr'>sunt</span> <span class='ocrx_word' id='word_1_234' title='bbox 830 2040 994 2080; x_wconf 86' lang='lat' dir='ltr'>nomina</span> <span class='ocrx_word' id='word_1_235' title='bbox 1035 2052 1206 2092; x_wconf 86' lang='lat' dir='ltr'>quorum</span> <span class='ocrx_word' id='word_1_236' title='bbox 1248 2041 1369 2093; x_wconf 84' lang='lat' dir='ltr'>alpha</span> <span class='ocrx_word' id='word_1_237' title='bbox 1409 2041 1619 2093; x_wconf 82' lang='lat' dir='ltr'>praecedit</span> 
     </span>
     <span class='ocr_line' id='line_1_28' title="bbox 137 2104 1617 2158; baseline 0.001 -12"><span class='ocrx_word' id='word_1_238' title='bbox 137 2116 326 2146; x_wconf 84' lang='lat' dir='ltr'>consona</span> <span class='ocrx_word' id='word_1_239' title='bbox 359 2115 439 2144; x_wconf 83' lang='lat' dir='ltr'>una</span> <span class='ocrx_word' id='word_1_240' title='bbox 469 2107 512 2143; x_wconf 75' lang='lat' dir='ltr'>ut</span> <span class='ocrx_word' id='word_1_241' title='bbox 546 2104 729 2150; x_wconf 79' lang='grc' dir='ltr'><em>Πίνακος</em></span> <span class='ocrx_word' id='word_1_242' title='bbox 766 2105 859 2145; x_wconf 79' lang='lat' dir='ltr'>Soli.</span> <span class='ocrx_word' id='word_1_243' title='bbox 898 2105 1077 2148; x_wconf 80' lang='lat' dir='ltr'>Phoenn.</span> <span class='ocrx_word' id='word_1_244' title='bbox 1106 2119 1141 2147; x_wconf 89' lang='lat' dir='ltr'>v.</span> <span class='ocrx_word' id='word_1_245' title='bbox 1171 2106 1208 2148; x_wconf 79' lang='lat'>8.</span> <span class='ocrx_word' id='word_1_246' title='bbox 1263 2106 1471 2158; x_wconf 80' lang='grc' dir='ltr'><em>Κρίνακος</em></span> <span class='ocrx_word' id='word_1_247' title='bbox 1500 2106 1617 2148; x_wconf 87' lang='lat' dir='ltr'>Diod.</span> 
     </span>
     <span class='ocr_line' id='line_1_29' title="bbox 137 2167 1618 2225; baseline 0.001 -15"><span class='ocrx_word' id='word_1_248' title='bbox 137 2171 182 2210; x_wconf 92' lang='lat' dir='ltr'>V.</span> <span class='ocrx_word' id='word_1_249' title='bbox 213 2170 279 2212; x_wconf 80' lang='lat'>81.</span> <span class='ocrx_word' id='word_1_250' title='bbox 325 2167 514 2215; x_wconf 80' lang='grc' dir='ltr'><em>Θύλοικος</em></span> <span class='ocrx_word' id='word_1_251' title='bbox 544 2168 662 2209; x_wconf 84' lang='lat' dir='ltr'>Paus.</span> <span class='ocrx_word' id='word_1_252' title='bbox 695 2169 738 2209; x_wconf 88' lang='lat' dir='ltr'>V.</span> <span class='ocrx_word' id='word_1_253' title='bbox 771 2170 834 2211; x_wconf 78' lang='lat'>23.</span> <span class='ocrx_word' id='word_1_254' title='bbox 865 2168 1116 2225; x_wconf 82' lang='grc' dir='ltr'><em>Στρόφακος</em></span> <span class='ocrx_word' id='word_1_255' title='bbox 1146 2171 1268 2212; x_wconf 78' lang='lat' dir='ltr'>Thuc,</span> <span class='ocrx_word' id='word_1_256' title='bbox 1298 2172 1360 2213; x_wconf 87' lang='lat' dir='ltr'>IV.</span> <span class='ocrx_word' id='word_1_257' title='bbox 1392 2172 1456 2213; x_wconf 77' lang='lat'>78.</span> <span class='ocrx_word' id='word_1_258' title='bbox 1484 2168 1618 2211; x_wconf 69' lang='lat' dir='ltr'>‘&#39;Yfioc-</span> 
     </span>
     <span class='ocr_line' id='line_1_30' title="bbox 136 2231 1618 2288; baseline 0.001 -13"><span class='ocrx_word' id='word_1_259' title='bbox 136 2249 209 2282; x_wconf 85' lang='grc' dir='ltr'><em>κος</em></span> <span class='ocrx_word' id='word_1_260' title='bbox 246 2234 377 2275; x_wconf 82' lang='grc' dir='ltr'><em>Νοηη.</em></span> <span class='ocrx_word' id='word_1_261' title='bbox 408 2234 581 2275; x_wconf 80' lang='lat' dir='ltr'>XXXIV.</span> <span class='ocrx_word' id='word_1_262' title='bbox 615 2234 678 2275; x_wconf 89' lang='lat'>23.</span> <span class='ocrx_word' id='word_1_263' title='bbox 712 2231 923 2284; x_wconf 78' lang='grc' dir='ltr'><em>Ὄπλακος</em></span> <span class='ocrx_word' id='word_1_264' title='bbox 961 2237 1064 2278; x_wconf 81' lang='lat' dir='ltr'>Plut.</span> <span class='ocrx_word' id='word_1_265' title='bbox 1095 2238 1138 2279; x_wconf 90' lang='lat' dir='ltr'>V.</span> <span class='ocrx_word' id='word_1_266' title='bbox 1168 2237 1307 2288; x_wconf 72' lang='lat' dir='ltr'>Pyrrh.</span> <span class='ocrx_word' id='word_1_267' title='bbox 1339 2249 1372 2278; x_wconf 86' lang='lat' dir='ltr'>c.</span> <span class='ocrx_word' id='word_1_268' title='bbox 1412 2237 1474 2278; x_wconf 89' lang='lat'>16.</span> <span class='ocrx_word' id='word_1_269' title='bbox 1523 2234 1618 2277; x_wconf 84' lang='grc' dir='ltr'>Φύ-</span> 
     </span>
     <span class='ocr_line' id='line_1_31' title="bbox 136 2299 1620 2355; baseline 0.002 -15"><span class='ocrx_word' id='word_1_270' title='bbox 136 2302 261 2347; x_wconf 83' lang='grc' dir='ltr'><em>λακος</em></span> <span class='ocrx_word' id='word_1_271' title='bbox 302 2300 439 2341; x_wconf 73' lang='lat' dir='ltr'>Galen.</span> <span class='ocrx_word' id='word_1_272' title='bbox 471 2301 609 2352; x_wconf 86' lang='lat' dir='ltr'>Comp.</span> <span class='ocrx_word' id='word_1_273' title='bbox 641 2299 745 2340; x_wconf 83' lang='lat' dir='ltr'>Med.</span> <span class='ocrx_word' id='word_1_274' title='bbox 776 2313 813 2352; x_wconf 91' lang='lat' dir='ltr'>p.</span> <span class='ocrx_word' id='word_1_275' title='bbox 849 2301 944 2341; x_wconf 78' lang='lat' dir='ltr'>Gen.</span> <span class='ocrx_word' id='word_1_276' title='bbox 977 2302 1021 2343; x_wconf 88' lang='lat' dir='ltr'>V.</span> <span class='ocrx_word' id='word_1_277' title='bbox 1051 2303 1144 2344; x_wconf 77' lang='lat'>805.</span> <span class='ocrx_word' id='word_1_278' title='bbox 1185 2303 1226 2343; x_wconf 89' lang='grc' dir='ltr'>Τ.</span> <span class='ocrx_word' id='word_1_279' title='bbox 1257 2302 1357 2344; x_wconf 83' lang='lat' dir='ltr'>XIII.</span> <span class='ocrx_word' id='word_1_280' title='bbox 1412 2299 1620 2355; x_wconf 78' lang='grc' dir='ltr'><em>Νώρακος</em></span> 
     </span>
     <span class='ocr_line' id='line_1_32' title="bbox 137 2364 1616 2421; baseline 0.001 -14"><span class='ocrx_word' id='word_1_281' title='bbox 137 2367 250 2407; x_wconf 89' lang='lat' dir='ltr'>urbis</span> <span class='ocrx_word' id='word_1_282' title='bbox 281 2376 429 2406; x_wconf 80' lang='lat' dir='ltr'><strong>nomen</strong></span> <span class='ocrx_word' id='word_1_283' title='bbox 469 2366 578 2406; x_wconf 86' lang='lat' dir='ltr'>Suid.</span> <span class='ocrx_word' id='word_1_284' title='bbox 610 2371 649 2406; x_wconf 81' lang='lat' dir='ltr'>et</span> <span class='ocrx_word' id='word_1_285' title='bbox 681 2365 988 2418; x_wconf 79' lang='lat' dir='ltr'>quadrisyllaba</span> <span class='ocrx_word' id='word_1_286' title='bbox 1023 2364 1296 2421; x_wconf 73' lang='grc' dir='ltr'><em>Ἀστράβακος</em></span> <span class='ocrx_word' id='word_1_287' title='bbox 1334 2369 1453 2409; x_wconf 80' lang='lat' dir='ltr'>Paus.</span> <span class='ocrx_word' id='word_1_288' title='bbox 1482 2369 1545 2409; x_wconf 92' lang='lat' dir='ltr'>III.</span> <span class='ocrx_word' id='word_1_289' title='bbox 1582 2368 1616 2410; x_wconf 87' lang='lat'>1.</span> 
     </span>
     <span class='ocr_line' id='line_1_33' title="bbox 134 2428 1618 2484; baseline 0.001 -12"><span class='ocrx_word' id='word_1_290' title='bbox 134 2428 387 2482; x_wconf 75' lang='grc' dir='ltr'><em>Ἀσσάρακος</em></span> <span class='ocrx_word' id='word_1_291' title='bbox 416 2431 530 2472; x_wconf 86' lang='lat' dir='ltr'>Hom.</span> <span class='ocrx_word' id='word_1_292' title='bbox 562 2428 808 2484; x_wconf 79' lang='grc' dir='ltr'><em>Σοβάὸακος</em></span> <span class='ocrx_word' id='word_1_293' title='bbox 837 2433 1011 2484; x_wconf 84' lang='lat' dir='ltr'>Appian.</span> <span class='ocrx_word' id='word_1_294' title='bbox 1045 2434 1177 2474; x_wconf 77' lang='lat' dir='ltr'>Mithr.</span> <span class='ocrx_word' id='word_1_295' title='bbox 1212 2446 1243 2475; x_wconf 86' lang='lat' dir='ltr'>c.</span> <span class='ocrx_word' id='word_1_296' title='bbox 1269 2433 1331 2475; x_wconf 76' lang='lat'>79.</span> <span class='ocrx_word' id='word_1_297' title='bbox 1384 2435 1618 2482; x_wconf 79' lang='grc' dir='ltr'><em>Σεσίθακος</em></span> 
     </span>
     <span class='ocr_line' id='line_1_34' title="bbox 142 2494 1617 2553; baseline 0.001 -14"><span class='ocrx_word' id='word_1_298' title='bbox 142 2497 276 2539; x_wconf 77' lang='lat' dir='ltr'>Strab.</span> <span class='ocrx_word' id='word_1_299' title='bbox 297 2497 375 2537; x_wconf 87' lang='lat' dir='ltr'>VII.</span> <span class='ocrx_word' id='word_1_300' title='bbox 394 2496 486 2538; x_wconf 77' lang='lat'>297.</span> <span class='ocrx_word' id='word_1_301' title='bbox 511 2508 637 2549; x_wconf 82' lang='lat' dir='ltr'>quare</span> <span class='ocrx_word' id='word_1_302' title='bbox 665 2494 919 2546; x_wconf 78' lang='grc' dir='ltr'><em>Πιττάλακος</em></span> <span class='ocrx_word' id='word_1_303' title='bbox 946 2499 1155 2540; x_wconf 75' lang='grc' dir='ltr'><em>Βοηιοεῑὴ.</em></span> <span class='ocrx_word' id='word_1_304' title='bbox 1181 2500 1273 2553; x_wconf 76' lang='grc'>471,</span> <span class='ocrx_word' id='word_1_305' title='bbox 1294 2499 1357 2541; x_wconf 81' lang='grc'>21.</span> <span class='ocrx_word' id='word_1_306' title='bbox 1378 2502 1470 2552; x_wconf 83' lang='lat' dir='ltr'>jure</span> <span class='ocrx_word' id='word_1_307' title='bbox 1491 2511 1617 2553; x_wconf 85' lang='lat' dir='ltr'><strong>prae-</strong></span> 
     </span>
    </p>
   </div>
   <div class='ocr_carea' id='block_1_5' title="bbox 138 2661 1616 2759">
    <p class='ocr_par' dir='ltr' id='par_1_5' title="bbox 138 2661 1616 2759">
     <span class='ocr_line' id='line_1_35' title="bbox 168 2661 1616 2706; baseline 0.004 -12"><span class='ocrx_word' id='word_1_308' title='bbox 168 2700 171 2703; x_wconf 17' lang='lat'><em>*</em></span> <span class='ocrx_word' id='word_1_309' title='bbox 230 2662 264 2703; x_wconf 82' lang='lat'>1]</span> <span class='ocrx_word' id='word_1_310' title='bbox 293 2661 476 2696; x_wconf 79' lang='lat' dir='ltr'>Piersonus</span> <span class='ocrx_word' id='word_1_311' title='bbox 503 2661 544 2695; x_wconf 84' lang='lat' dir='ltr'>ad</span> <span class='ocrx_word' id='word_1_312' title='bbox 570 2661 677 2697; x_wconf 78' lang='lat' dir='ltr'>Moer.</span> <span class='ocrx_word' id='word_1_313' title='bbox 704 2673 737 2706; x_wconf 81' lang='lat' dir='ltr'>p.</span> <span class='ocrx_word' id='word_1_314' title='bbox 766 2664 820 2700; x_wconf 78' lang='lat'>78.</span> <span class='ocrx_word' id='word_1_315' title='bbox 849 2666 988 2706; x_wconf 74' lang='lat' dir='ltr'>corrIgit</span> <span class='ocrx_word' id='word_1_316' title='bbox 1014 2664 1182 2703; x_wconf 67' lang='grc' dir='ltr'>«ἐκακοίς.</span> <span class='ocrx_word' id='word_1_317' title='bbox 1224 2665 1293 2702; x_wconf 82' lang='lat' dir='ltr'>Sed</span> <span class='ocrx_word' id='word_1_318' title='bbox 1318 2666 1377 2702; x_wconf 81' lang='lat' dir='ltr'>ille</span> <span class='ocrx_word' id='word_1_319' title='bbox 1404 2665 1446 2701; x_wconf 76' lang='lat' dir='ltr'>(le</span> <span class='ocrx_word' id='word_1_320' title='bbox 1470 2671 1616 2701; x_wconf 74' lang='lat' dir='ltr'>accentu</span> 
     </span>
     <span class='ocr_line' id='line_1_36' title="bbox 138 2716 406 2759; baseline -0.011 -8"><span class='ocrx_word' id='word_1_321' title='bbox 138 2717 231 2759; x_wconf 76' lang='lat' dir='ltr'>loqui</span> <span class='ocrx_word' id='word_1_322' title='bbox 259 2716 406 2751; x_wconf 70' lang='lat' dir='ltr'>videtur.</span> 
     </span>
    </p>
   </div>
   <div class='ocr_carea' id='block_1_6' title="bbox 1249 2776 1336 2820">
    <p class='ocr_par' dir='ltr' id='par_1_6' title="bbox 1249 2776 1336 2820">
     <span class='ocr_line' id='line_1_37' title="bbox 1249 2776 1336 2820; baseline -0.023 0"><span class='ocrx_word' id='word_1_323' title='bbox 1249 2776 1336 2820; x_wconf 64' lang='lat'>20*</span> 
     </span>
    </p>
   </div>
  </div>
 </body>
</html>
