1699 3021
105 171 171 214 DE
202 169 614 213 AFFECTIONIBUS
643 168 826 212 NOMIN.
862 166 916 209 IN
946 155 1003 209 ἇλ
1027 167 1141 209 ETC.
1176 168 1218 210 C.
1241 169 1304 211 Vl.
1329 174 1367 218 §.
1393 168 1430 211 2.
1485 170 1572 213 137

96 283 264 329 στυλλος
286 280 468 332 Alciphr.
500 280 564 321 ΙΙΙ.
595 278 669 331 Ερ.
699 277 763 319 31.
795 276 955 329 (omiss
985 276 1027 317 in
1057 277 1150 328 Th.)
1188 276 1330 329 Itaque
1361 277 1410 319 de
1438 279 1575 321 rario-

97 347 210 388 ribus
241 346 484 399 praesertim
515 349 558 385 ut
592 341 771 391 Βύκελος
810 347 850 384 et
883 340 1099 392 Βύκελλος,
1140 339 1316 389 Βάσιλος
1350 348 1389 387 et
1420 343 1577 386 Βάσιλ-

95 413 178 462 λος,
209 407 419 463 Δερκύλος
448 409 558 461 quod
590 409 751 451 Gratius
793 411 928 449 tuetur
967 409 1121 459 Cyneg.
1161 419 1198 448 v.
1231 407 1352 449 103.3
1388 413 1428 449 et
1466 408 1577 464 Δέρ-

96 478 255 529 κυλλος,
286 477 349 516 cui
381 475 498 516 adest
528 474 751 515 derivatum
772 472 1059 525 Δερκυλλίδής,
1090 473 1158 513 vix
1189 472 1267 513 dici
1298 475 1450 524 poterit
1480 477 1575 527 quid

98 543 245 593 cuique
274 541 368 581 loco
403 541 631 581 conveniat.
693 537 912 586 Βάθυλλος
942 538 1049 590 apud
1080 542 1226 590 poetas
1258 549 1385 590 saepe
1415 539 1575 595 legitur,

100 606 207 659 apud
238 606 467 659 scriptores
500 603 736 658 Βράχυλλος
775 609 814 646 et
846 603 1124 656 Βραχυλλίδης
1158 604 1199 643 in
1228 614 1390 644 nummo
1424 606 1576 649 Sestini

98 673 248 714 Letter.
292 672 478 711 numism.
521 672 563 712 T.
596 671 659 713 ΙΧ.
693 672 757 712 44.
799 681 999 722 nusquam
1039 666 1252 722 Βραχύλος
1290 673 1329 709 et
1367 668 1576 725 Βαθύλος,

101 740 219 789 cujus
250 737 454 788 genitivus
497 747 592 778 esse
629 737 789 778 videtur
820 733 1023 777 Βαθύλου
1053 736 1179 776 Inscr.
1208 745 1247 774 n.
1280 734 1397 777 1278.
1427 748 1451 777 a
1480 739 1578 780 Kei-

100 802 156 843 lio
187 803 228 842 in
259 802 490 843 Onomatol.
530 814 568 854 p.
602 802 666 845 08.
701 802 752 843 ad
783 799 983 849 Βαθύλας
1011 801 1178 842 relatus.
1236 799 1322 840 Nec
1351 803 1455 843 satis
1485 808 1577 846 sta-

100 868 257 908 bilitum
291 864 507 919 Θρασύλος
536 868 732 920 Porphyr.
769 868 872 920 Isag.
902 869 943 907 in
973 867 1106 907 Ilarm.
1140 866 1309 907 Ptolem.
1341 878 1375 907 c.
1407 869 1452 908 V.
1483 871 1576 914 206.

102 932 212 984 quod
252 932 561 973 Schoeniannus
601 933 651 974 ad
682 934 839 974 Isaeum
871 945 907 985 p.
938 932 1030 974 354.
1073 931 1189 973 codd.
1231 934 1477 976 auctoritate
1508 948 1580 978 re-

98 999 211 1050 jecit.
279 999 333 1038 At
374 994 614 1049 Κράτυλλος
649 1009 732 1038 non
770 999 906 1038 inveni
945 998 1025 1037 nisi
1056 998 1182 1037 semel
1210 998 1251 1037 in
1280 998 1406 1040 Inscr,
1438 1002 1576 1045 Noint.

101 1074 140 1104 n.
174 1062 264 1105 165.
292 1075 329 1104 v.
360 1063 425 1104 45.
459 1068 499 1104 et
527 1064 568 1103 in
597 1063 687 1104 cod.
719 1063 821 1103 Plat.
855 1063 962 1103 Crat.
986 1062 1078 1103 427.
1103 1063 1149 1103 D.
1181 1063 1250 1102 ubi
1279 1065 1423 1105 merito
1455 1078 1579 1119 spre-

103 1135 185 1170 tum
217 1134 302 1183 est,
342 1129 415 1170 sed
446 1129 776 1181 frequentissime
812 1125 1029 1179 Κρατύλος
1059 1139 1082 1168 a
1109 1124 1263 1178 κρατύς
1291 1129 1355 1168 vel
1386 1130 1578 1186 Κράτων,

105 1200 148 1236 ut
180 1196 278 1249 dixi,
309 1195 553 1245 derivatum3
600 1194 670 1234 illa
704 1205 802 1234 vero
845 1205 949 1246 quae
978 1205 1059 1233 una
1090 1204 1277 1234 consona
1306 1193 1398 1244 plus
1428 1197 1580 1241 habent

104 1272 127 1301 a
157 1260 333 1301 diversis
365 1264 456 1300 orta
485 1263 580 1300 sunt
610 1260 834 1313 principiis,
865 1256 1084 1311 Δάμυλλος
1112 1271 1135 1299 a
1157 1261 1378 1313 Δαμοκλῆς
1395 1263 1467 1303 sed
1486 1268 1579 1319 Δη-

103 1322 232 1379 μύλος
261 1337 286 1367 a
313 1326 458 1378 Δῆμος
486 1325 551 1365 vel
581 1323 741 1378 Δήμων
780 1330 823 1365 ul
855 1323 1049 1378 Σιμύλος,
1087 1322 1323 1376 Θράσυλλος
1351 1337 1375 1366 a
1409 1330 1579 1382 Θρασυ-

103 1393 202 1445 κλῆς
237 1393 376 1444 potius
416 1403 535 1444 quam
575 1404 599 1432 a
633 1388 896 1445 Θρασύλαος,
947 1392 1025 1431 etsi
1063 1396 1237 1442 utroque
1275 1393 1438 1433 nomine
1474 1395 1579 1439 idern

104 1457 227 1498 homo
268 1458 501 1509 appellatus
539 1461 602 1498 est
633 1470 669 1498 v.
702 1458 887 1499 Perizon.
918 1457 968 1498 ad
997 1457 1155 1497 Aelian.
1188 1457 1232 1497 V.
1263 1457 1309 1497 H.
1340 1458 1401 1499 IV.
1432 1459 1495 1501 25.
1538 1467 1581 1504 ut

103 1523 289 1564 Perilaus
320 1527 360 1563 et
388 1523 561 1564 Perillus
593 1524 753 1576 aliaque
784 1535 911 1575 supra
939 1523 1158 1576 disputata.
1219 1519 1466 1576 Πρέπελλος,
1499 1539 1580 1580 quo

103 1588 281 1630 Ebertus
324 1589 449 1628 utitur
483 1589 525 1629 in
565 1590 686 1630 Sicel.
727 1590 859 1630 Pracs.
901 1601 939 1642 p.
981 1588 1026 1629 X.
1064 1599 1211 1628 vereor
1251 1600 1302 1629 ne
1346 1589 1581 1642 Πρεπέλαος

107 1652 366 1694 scribendum
401 1654 454 1694 sit
484 1654 685 1706 planeque
716 1654 880 1695 diversa
910 1659 1009 1706 puto
1037 1651 1201 1705 Ἔχελος
1234 1651 1476 1706 θῑἝχελλος
1505 1670 1582 1701 nec

108 1721 322 1758 contracta
343 1729 393 1758 ex
409 1714 594 1770 Έχέλαος
615 1720 721 1760 unde
747 1716 918 1771 Ἐχέλας.
977 1720 1086 1759 Inter
1112 1715 1288 1770 Ὀφέλας
1312 1715 1512 1772 Ὀφέλλας
1541 1728 1582 1765 et

100 1779 297 1835 Ὀφὲλτας
318 1788 523 1825 certamen
545 1796 721 1837 anceps;
742 1786 911 1836 primum
931 1784 1048 1824 metri
1071 1784 1176 1823 ratio
1200 1783 1378 1825 defendit
1398 1787 1438 1827 iii
1458 1800 1581 1830 versu

106 1848 352 1900 Apollodori
373 1850 482 1890 Com.
505 1851 563 1890 Fr.
585 1850 750 1891 IV.448.
773 1851 944 1891 alterum
963 1861 1052 1890 cum
1077 1850 1260 1902 aliorum,
1287 1855 1368 1891 tum
1382 1852 1582 1903 Cyrenaei

108 1914 304 1965 principis
331 1925 479 1954 nomen
509 1920 572 1955 est
596 1917 762 1968 saepius
787 1916 958 1967 lectum3
990 1914 1063 1956 sed
1092 1915 1156 1955 hic
1184 1914 1287 1955 idem
1314 1928 1337 1956 a
1363 1917 1581 1961 Plutarcho

103 1974 301 2031 Ὀφέλτας
331 1984 503 2020 vocatur
532 1981 571 2020 in
605 1982 646 2020 V.
679 1982 790 2022 Dcm.
823 1982 922 2022 XlV.
956 1993 991 2021 v.
1014 1980 1173 2020 Remos.
1200 1980 1248 2020 ad
1278 1982 1388 2023 Suid.
1421 1996 1454 2024 s.
1488 1986 1512 2025 l.
1544 1989 1584 2026 et

107 2045 354 2095 interpretes
385 2046 632 2097 scriptorum
662 2058 766 2098 quos
798 2047 862 2086 liic
884 2047 1076 2086 nominat.
1125 2045 1196 2085 llis
1227 2046 1446 2089 subtexere
1477 2062 1584 2091 con-

107 2111 245 2151 veniat
282 2107 544 2158 Μαύσωλλος
583 2112 623 2151 in
660 2113 831 2152 nummis
877 2116 915 2151 et
959 2110 1162 2162 lapidibus
1202 2112 1399 2164 scriptum
1439 2122 1584 2158 contra

108 2175 289 2227 regulam
321 2175 449 2216 Cram.
484 2176 510 2216 I.
542 2176 606 2217 60.
638 2174 688 2217 τὰ
716 2173 785 2217 διὰ
813 2177 888 2217 τοῦ
912 2167 963 2216 λλ
991 2173 1232 2229 παραλήξεις
1261 2175 1336 2230 ἔχει
1364 2181 1448 2219 τῶν
1482 2181 1580 2233 (scr.

108 2238 294 2293 πάντων)
325 2237 578 2294 φωνηέντων
605 2241 729 2294 χωρὶς
756 2243 831 2282 τοῦ
861 2247 888 2295 ῆ
918 2239 987 2282 καὶ
1015 2242 1050 2281 ὦ
1079 2241 1293 2282 παύταλλα
1315 2243 1410 2291 (scr.
1434 2242 1584 2292 πάλλα)

109 2301 135 2358 ἡ
166 2309 334 2358 σφαῖρα,
366 2306 524 2347 ὁίκελλα
553 2332 608 2337 -
635 2305 685 2347 τὰ
715 2305 759 2348 ὁὲ
788 2305 912 2361 φύσει
939 2304 1076 2360 μακρὰ
1112 2305 1376 2362 παρῃτήσατο
1414 2306 1440 2364 ἡ
1482 2314 1585 2352 συλ-

109 2368 212 2424 λαβὴ
241 2367 345 2424 ὑπὲρ
373 2372 449 2412 τοῦ
478 2368 533 2424 μὴ
563 2369 700 2425 μακρὰ
730 2371 795 2414 ἐπὶ
823 2376 994 2426 μακροῖς
1021 2371 1224 2426 γενέσθαι.

222 2453 260 2497 §.
295 2448 333 2489 2.
393 2448 452 2489 Dc
482 2449 685 2490 vocalium
716 2449 821 2490 inter
851 2462 897 2491 sc
929 2451 1260 2500 commutatione,
1293 2452 1408 2502 cujus
1432 2451 1589 2504 aliquot

113 2514 299 2566 exempla
336 2513 679 2566 praecedentibus
716 2515 951 2556 intermixta
990 2520 1106 2569 sunt,
1148 2527 1255 2557 nunc
1284 2515 1496 2558 dicendum
1526 2520 1591 2558 est

200 2657 238 2699 3)
271 2657 345 2692 Nisi
369 2659 428 2695 ille
454 2659 578 2695 retium
606 2660 762 2696 inventor
786 2659 964 2694 fabulosus
984 2659 1129 2702 Arcylus
1145 2659 1260 2702 potius
1281 2659 1394 2695 dictus
1415 2663 1468 2696 est
1488 2670 1582 2704 quan

113 2712 293 2756 Dercyius.
