1731 3021
123 157 213 199 362
574 153 1017 198 DISSERTATIO
1049 156 1148 198 VIII.

124 280 232 306 νεται
262 266 464 315 Σκίαθος,
495 265 642 313 κίαθος
683 263 881 318 (κύαθος)
912 262 1109 315 κάλαθος,
1140 262 1397 317 Κράπαθος,
1427 265 1592 312 ψίαθος.

120 328 360 372 Ἀντιπίπτει
387 328 434 371 τὸ
464 327 660 384 ὃρμαθός,
691 333 876 371 nimirum
915 331 965 371 Ob
1012 331 1174 382 longam
1216 332 1382 383 primam
1420 333 1463 369 ut
1500 343 1595 381 γυρ-

125 393 281 450 γαθός,
313 396 422 448 quod
451 398 652 438 Arcadius
684 397 813 449 addit,
852 408 984 448 neque
1014 397 1081 436 ille
1113 396 1398 448 praetermisit,
1429 406 1595 447 censeo,

129 462 201 505 sed
240 463 404 503 librarii.
471 462 698 502 Allatorum
727 474 855 515 unum
898 464 1114 502 manifesta
1153 461 1321 512 praebet
1363 471 1596 512 paragogae

127 529 302 579 vestigia
341 522 527 580 ὁρμαθός
566 528 615 567 ab
648 525 792 579 ὅρμος,
832 528 910 568 hoc
952 528 1000 567 ab
1032 527 1125 574 εἴρω
1159 531 1201 565 ut
1232 528 1361 566 series
1394 530 1432 565 et
1464 525 1599 565 servia

128 606 164 635 v.
201 593 401 645 Aglaoph.
437 593 527 635 643.
570 605 701 644 eoque
742 594 974 633 credibilius
1019 595 1059 634 fil
1089 604 1112 632 a
1138 589 1304 642 ψάμμος
1334 591 1597 643 processisse

128 656 325 710 ψάμαθος
364 664 403 699 et
444 671 493 699 ex
537 659 616 698 hoc
655 656 786 710 ἄμμος
825 663 863 699 et
903 657 1075 711 ἄμαθος.
1145 657 1400 698 Grammatici
1438 654 1598 707 quidem

130 725 377 765 contrarium
409 723 670 776 contendunt,
701 720 818 775 diuiso
850 722 979 776 ἄμμος
1010 730 1048 764 et
1088 721 1270 775 ἄμαθος,
1311 722 1403 761 hinc
1442 720 1599 760 demum

129 787 326 841 ψάμαθος
356 790 503 828 sactum
535 799 642 841 esse,
674 790 767 839 quia
798 790 847 829 ab
879 790 958 829 hoc
987 790 1169 830 derivata
1200 792 1293 828 suut
1323 783 1528 839 ἁμαθύνω
1559 789 1600 825 et

130 851 340 908 ἠμοθοεις,
372 854 421 893 ab
455 853 580 893 altero
620 854 770 893 nullum
801 855 1018 895 Herodian.
1047 857 1131 895 EM.
1162 854 1253 906 817,
1294 853 1358 893 41.
1402 852 1531 892 Cram.
1570 850 1599 890 I.

130 921 221 961 444.
253 919 326 959 sed
357 919 491 969 aplius
522 919 654 959 thema
683 918 839 958 videtur
866 916 974 968 ψάω,
1009 920 1115 959 unde
1146 920 1271 959 latina
1301 917 1486 959 sabulum
1527 928 1601 956 sa-

129 985 224 1026 bulo
258 984 441 1034 saburra,
474 983 623 1035 duplici
653 985 693 1023 in
723 986 853 1034 sigma
884 989 1097 1024 extenuata
1125 989 1168 1024 ut
1196 982 1322 1035 ψώχω
1353 981 1483 1034 σώχω,
1516 993 1597 1033 po-

131 1055 282 1092 slremo
316 1049 491 1089 funditus
523 1051 666 1090 avulsa
695 1061 776 1089 nou
809 1050 897 1089 sine
930 1049 1105 1101 quodam
1135 1050 1443 1100 significationis
1484 1059 1602 1088 emo-

129 1117 326 1157 lumento:
358 1113 521 1165 ἄμαθος
549 1112 574 1168 ἡ
606 1113 649 1155 ἐν
675 1116 799 1171 πεόίῳ
829 1112 954 1164 κόνις,
986 1113 1184 1167 ψάμαθος
1214 1111 1255 1154 o}
1284 1109 1306 1165 ἡ
1335 1112 1424 1164 περὶ
1446 1110 1600 1152 θάλασ-

131 1193 209 1222 σαν
241 1181 332 1222 Sch.
365 1180 437 1221 Od.
468 1180 512 1221 II.
545 1180 636 1221 326.
677 1182 725 1221 cs.
764 1181 903 1221 Lehrs.
942 1182 1065 1221 Arist.
1108 1181 1196 1222 128.
1262 1180 1364 1219 Huic
1403 1178 1602 1219 adnexum

130 1246 342 1302 γύργαθος
370 1246 410 1286 id
441 1251 503 1286 est
532 1246 676 1297 qualus
708 1247 904 1286 vimineus
935 1251 974 1286 el
1007 1258 1132 1286 cavea
1161 1246 1348 1297 craticia,
1378 1241 1422 1284 ἐν
1449 1236 1475 1297 ᾗ
1504 1239 1603 1289 τοὺς

130 1311 346 1366 μανιώδεις
383 1312 603 1363 στροβοῦσι
642 1311 751 1352 Suid.
790 1324 813 1351 a
850 1312 975 1362 γῦρος
1018 1311 1241 1351 derivatum
1277 1322 1371 1350 esse
1411 1309 1602 1360 suspicor

130 1379 376 1430 interposito
407 1388 577 1428 gamma,
617 1376 952 1427 quemadmodum
992 1376 1121 1416 simile
1158 1376 1341 1427 girgillus
1382 1374 1600 1425 (alabrum)

130 1445 314 1486 Isidorus
345 1447 453 1483 recte
484 1453 505 1480 a
535 1441 717 1492 gyrando
756 1441 899 1481 dictum
940 1446 1066 1492 putat.
1132 1442 1427 1491 Baryionorum
1471 1440 1600 1491 primo

134 1511 322 1555 Σκίαθος
362 1508 555 1558 apposita
596 1511 690 1546 sunt
720 1504 851 1553 ,Σκιάς
887 1504 999 1559 χώρα
1032 1503 1246 1557 Ἀρκαδίας
1285 1504 1353 1545 καὶ
1393 1501 1501 1544 Σκια
1530 1518 1602 1544 πο-

132 1578 286 1629 λίχνιον
326 1569 510 1624 Εὐβοίας
550 1572 688 1623 Steph.
730 1577 768 1612 et
806 1573 933 1623 piscis
964 1583 1111 1612 nomen
1143 1571 1313 1617 σκιαθίς.
1374 1570 1603 1611 Secundum

131 1640 293 1687 κύαθος
332 1639 534 1690 primitivo
584 1642 696 1676 caret
735 1637 807 1677 sed
847 1638 974 1688 stirps
1013 1636 1118 1676 haud
1166 1637 1341 1677 obscure
1380 1635 1513 1675 elucet
1554 1646 1604 1675 cx

135 1708 224 1748 aliis
255 1702 375 1755 κύαρ,
406 1700 542 1749 κύτος,
575 1699 726 1751 κύστις,
758 1700 885 1752 κύλιξ,
919 1702 1065 1754 quibus
1107 1702 1293 1742 omnibus
1324 1701 1511 1752 subjecta
1540 1704 1604 1740 est

134 1772 374 1825 significatio
408 1769 495 1809 cavi
527 1772 566 1808 el
597 1769 782 1809 convexi.
840 1765 1041 1815 Κάλαθος
1064 1779 1152 1807 cum
1173 1768 1308 1807 latinis
1329 1766 1473 1818 qualus
1499 1777 1604 1816 qua-

134 1839 250 1881 sillus
283 1836 414 1877 colum
446 1833 655 1886 contendi,
686 1845 790 1885 quae
822 1846 845 1874 a
875 1834 1055 1885 calamis,
1087 1833 1192 1873 unde
1224 1836 1425 1884 texuntur,
1455 1842 1604 1871 nomen

134 1904 349 1956 accepisse
379 1900 510 1940 rebar.
569 1896 802 1950 Κράπαθος
834 1899 1089 1940 Grammatici
1126 1910 1199 1950 pro
1240 1899 1377 1937 nativo
1409 1897 1604 1937 habuisse

132 1970 331 2020 videntur,
362 1963 595 2018 Κάρπαθος
624 1977 697 2017 pro
731 1966 888 2017 affecto,
922 1965 1016 2016 quia
1045 1975 1127 2004 non
1158 1964 1289 2003 affecti
1320 1968 1511 2003 accentus
1538 1963 1605 2002 fo-

136 2042 196 2077 ret
233 2035 347 2075 alius.
404 2031 605 2072 Arcadius
646 2030 755 2070 addit,
794 2028 992 2077 λάπαθος.
1051 2029 1139 2069 Hoc
1180 2030 1283 2069 enim
1324 2040 1396 2080 pro
1428 2024 1604 2074 λέκυθος

136 2097 461 2142 substituendum
498 2109 547 2137 ex
577 2097 706 2137 Cram.
737 2096 763 2136 I.
794 2096 858 2148 55,
893 2096 952 2137 14.
1013 2095 1308 2145 Glossographi
1339 2098 1378 2134 et
1409 2093 1604 2133 Scholia-

136 2172 226 2208 stae
253 2165 419 2205 verbum
449 2160 669 2202 λαπασσειν
700 2166 739 2201 et
770 2158 986 2210 ἀλαπάζειν
1017 2161 1199 2200 certatim
1236 2159 1441 2198 illustrant.
1471 2158 1604 2197 colla-

135 2234 246 2274 tione
275 2230 481 2270 nominum
510 2225 697 2273 λάπαθος
726 2223 771 2266 τὸ
791 2228 983 2278 κοίλωμα,
1015 2220 1396 2264 ἀλάπαθαῖκῖττικοὶ
1416 2220 1465 2263 τὰ
1482 2221 1604 2263 πενώ-

134 2312 252 2351 ματα,
283 2293 472 2340 λάπαθος
500 2290 527 2345 ἢ
557 2289 772 2338 ἀλάπαθος
790 2289 942 2343 βοτάνη
960 2287 1170 2341 κενωτική,
1199 2286 1363 2339 λαπάρα
1393 2285 1414 2329 ὁ
1440 2287 1602 2340 κενεῶν,

137 2362 210 2405 sed
239 2363 278 2401 in
301 2358 536 2400 extricanda
556 2359 683 2409 stirpe
715 2368 855 2408 parum
880 2357 1106 2408 proficiunt.
1146 2355 1310 2401 Ψίαθος
1329 2366 1379 2395 ne
1408 2359 1604 2395 tentatum

136 2427 295 2481 quidem
327 2429 400 2465 est.
458 2424 520 2463 Ab
547 2427 719 2473 utroque
751 2422 909 2461 illorum
942 2421 1273 2474 praetermissum
1296 2418 1511 2470 σπύραθος
1531 2432 1605 2460 seu

135 2491 327 2545 πύραθος
354 2502 390 2530 v,
419 2489 546 2529 Piers.
579 2487 629 2528 ad
658 2488 783 2528 Moer.
814 2487 905 2527 311.
937 2492 974 2527 et
1006 2498 1109 2537 quae
1137 2490 1231 2525 sunl
1254 2497 1481 2537 synonyma
1502 2497 1605 2538 σφυ-

136 2556 210 2612 od&
239 2558 325 2597 sive
353 2551 522 2606 σπυράς,
553 2549 804 2604 σπύρὸανον,
834 2553 1063 2604 πορθυγγίς
1093 2551 1299 2603 (σπατίλη)
1321 2548 1604 2603 σπορθύγγιον

138 2625 249 2665 ovilli
280 2626 319 2663 et
350 2621 505 2673 caprini
535 2619 732 2660 stercoris
763 2617 913 2657 baccas
946 2622 984 2657 et
1015 2616 1191 2668 pillulas,
1224 2621 1265 2656 ut
1289 2617 1420 2657 Latini
1454 2617 1603 2669 dicunt,

140 2689 389 2743 significant3
421 2697 500 2739 quo
532 2683 744 2736 probabile
761 2682 801 2723 fit
824 2694 971 2723 nomen
999 2694 1022 2722 a
1044 2685 1201 2735 σφαῖρα
1222 2687 1261 2722 et
1281 2686 1423 2737 σπεῖρα
1440 2683 1601 2724 ductum
