<?xml version="1.0" encoding="UTF-8"?>
<!DOCTYPE html PUBLIC "-//W3C//DTD XHTML 1.0 Transitional//EN"
    "http://www.w3.org/TR/xhtml1/DTD/xhtml1-transitional.dtd">
<html xmlns="http://www.w3.org/1999/xhtml" xml:lang="en" lang="en">
 <head>
  <title>
</title>
<meta http-equiv="Content-Type" content="text/html;charset=utf-8" />
  <meta name='ocr-system' content='tesseract 3.04.00' />
  <meta name='ocr-capabilities' content='ocr_page ocr_carea ocr_par ocr_line ocrx_word'/>
</head>
<body>
  <div class='ocr_page' id='page_1' title='image "./pathologiaesermo00lobeuoft_0417.png"; bbox 0 0 1747 3005; ppageno 0'>
   <div class='ocr_carea' id='block_1_1' title="bbox 179 149 1629 203">
    <p class='ocr_par' dir='ltr' id='par_1_1' title="bbox 179 149 1629 203">
     <span class='ocr_line' id='line_1_1' title="bbox 179 149 1629 203; baseline -0.006 -6"><span class='ocrx_word' id='word_1_1' title='bbox 179 155 247 197; x_wconf 92' lang='lat' dir='ltr'>DE</span> <span class='ocrx_word' id='word_1_2' title='bbox 278 154 404 197; x_wconf 90' lang='lat' dir='ltr'><strong>NOM.</strong></span> <span class='ocrx_word' id='word_1_3' title='bbox 438 153 657 203; x_wconf 85' lang='lat' dir='ltr'><strong>QUORUM</strong></span> <span class='ocrx_word' id='word_1_4' title='bbox 678 153 828 194; x_wconf 72' lang='lat' dir='ltr'><strong>CHAR.</strong></span> <span class='ocrx_word' id='word_1_5' title='bbox 853 151 953 193; x_wconf 90' lang='lat' dir='ltr'>EST</span> <span class='ocrx_word' id='word_1_6' title='bbox 974 149 1248 192; x_wconf 80' lang='lat' dir='ltr'><strong>DENTALIS.</strong></span> <span class='ocrx_word' id='word_1_7' title='bbox 1282 149 1323 192; x_wconf 91' lang='lat' dir='ltr'>C.</span> <span class='ocrx_word' id='word_1_8' title='bbox 1343 150 1386 191; x_wconf 89' lang='lat' dir='ltr'>V.</span> <span class='ocrx_word' id='word_1_9' title='bbox 1409 149 1497 198; x_wconf 70' lang='lat'>§.2</span> <span class='ocrx_word' id='word_1_10' title='bbox 1538 149 1629 192; x_wconf 75' lang='lat'>399</span> 
     </span>
    </p>
   </div>
   <div class='ocr_carea' id='block_1_2' title="bbox 148 258 1633 2088">
    <p class='ocr_par' dir='ltr' id='par_1_2' title="bbox 148 258 1633 2088">
     <span class='ocr_line' id='line_1_2' title="bbox 150 258 1629 318; baseline -0.005 -12"><span class='ocrx_word' id='word_1_11' title='bbox 150 262 281 318; x_wconf 77' lang='grc' dir='ltr'><em>νάβλα</em></span> <span class='ocrx_word' id='word_1_12' title='bbox 309 264 397 305; x_wconf 85' lang='lat' dir='ltr'>sive</span> <span class='ocrx_word' id='word_1_13' title='bbox 426 260 582 316; x_wconf 78' lang='grc' dir='ltr'><em>νάβλον</em></span> <span class='ocrx_word' id='word_1_14' title='bbox 612 262 761 303; x_wconf 87' lang='lat' dir='ltr'>dictum</span> <span class='ocrx_word' id='word_1_15' title='bbox 793 273 888 303; x_wconf 84' lang='lat' dir='ltr'>esse</span> <span class='ocrx_word' id='word_1_16' title='bbox 919 258 1135 314; x_wconf 77' lang='grc' dir='ltr'><em>νάβλιστον</em></span> <span class='ocrx_word' id='word_1_17' title='bbox 1164 272 1214 300; x_wconf 85' lang='lat' dir='ltr'>ex</span> <span class='ocrx_word' id='word_1_18' title='bbox 1244 260 1474 312; x_wconf 85' lang='lat' dir='ltr'>composito</span> <span class='ocrx_word' id='word_1_19' title='bbox 1495 260 1629 312; x_wconf 76' lang='grc' dir='ltr'><em>ναβλι-</em></span> 
     </span>
     <span class='ocr_line' id='line_1_3' title="bbox 151 325 1629 382; baseline -0.003 -11"><span class='ocrx_word' id='word_1_20' title='bbox 151 327 384 382; x_wconf 82' lang='grc' dir='ltr'><em>στοκτυπής</em></span> <span class='ocrx_word' id='word_1_21' title='bbox 423 329 599 370; x_wconf 86' lang='lat' dir='ltr'>Maneth.</span> <span class='ocrx_word' id='word_1_22' title='bbox 639 329 701 369; x_wconf 88' lang='lat' dir='ltr'>IV.</span> <span class='ocrx_word' id='word_1_23' title='bbox 736 328 824 370; x_wconf 75' lang='lat'>185.</span> <span class='ocrx_word' id='word_1_24' title='bbox 856 329 1059 380; x_wconf 81' lang='lat' dir='ltr'>sequitur,</span> <span class='ocrx_word' id='word_1_25' title='bbox 1100 325 1173 367; x_wconf 89' lang='lat' dir='ltr'>sed</span> <span class='ocrx_word' id='word_1_26' title='bbox 1205 330 1299 366; x_wconf 85' lang='lat' dir='ltr'>sunt</span> <span class='ocrx_word' id='word_1_27' title='bbox 1341 326 1408 377; x_wconf 87' lang='lat' dir='ltr'>qui</span> <span class='ocrx_word' id='word_1_28' title='bbox 1441 327 1629 379; x_wconf 76' lang='grc' dir='ltr'><em>ναβλειο-</em></span> 
     </span>
     <span class='ocr_line' id='line_1_4' title="bbox 149 390 1628 449; baseline -0.004 -13"><span class='ocrx_word' id='word_1_29' title='bbox 149 393 303 449; x_wconf 77' lang='grc' dir='ltr'><em>κτυπής</em></span> <span class='ocrx_word' id='word_1_30' title='bbox 343 395 601 436; x_wconf 80' lang='lat' dir='ltr'>scribendum</span> <span class='ocrx_word' id='word_1_31' title='bbox 641 398 794 446; x_wconf 77' lang='lat' dir='ltr'>putent.</span> <span class='ocrx_word' id='word_1_32' title='bbox 862 394 1013 445; x_wconf 66' lang='grc' dir='ltr'><em>Δολίχῃ</em></span> <span class='ocrx_word' id='word_1_33' title='bbox 1056 391 1189 431; x_wconf 78' lang='lat' dir='ltr'>insula</span> <span class='ocrx_word' id='word_1_34' title='bbox 1227 390 1367 431; x_wconf 75' lang='lat' dir='ltr'>eadem</span> <span class='ocrx_word' id='word_1_35' title='bbox 1412 392 1628 444; x_wconf 76' lang='grc' dir='ltr'><em>Δολιχίστη</em></span> 
     </span>
     <span class='ocr_line' id='line_1_5' title="bbox 149 458 1629 513; baseline -0.005 -10"><span class='ocrx_word' id='word_1_36' title='bbox 149 468 299 504; x_wconf 80' lang='lat' dir='ltr'>vocata</span> <span class='ocrx_word' id='word_1_37' title='bbox 329 467 392 502; x_wconf 83' lang='lat' dir='ltr'>est</span> <span class='ocrx_word' id='word_1_38' title='bbox 424 462 564 513; x_wconf 83' lang='lat' dir='ltr'>Stepli.</span> <span class='ocrx_word' id='word_1_39' title='bbox 604 461 678 501; x_wconf 84' lang='lat' dir='ltr'>sed</span> <span class='ocrx_word' id='word_1_40' title='bbox 720 461 900 500; x_wconf 85' lang='lat' dir='ltr'>sortasse</span> <span class='ocrx_word' id='word_1_41' title='bbox 941 459 1238 498; x_wconf 72' lang='lat' dir='ltr'>intercurrente</span> <span class='ocrx_word' id='word_1_42' title='bbox 1277 458 1472 497; x_wconf 83' lang='lat' dir='ltr'>memoria</span> <span class='ocrx_word' id='word_1_43' title='bbox 1510 458 1629 497; x_wconf 87' lang='lat' dir='ltr'>insu-</span> 
     </span>
     <span class='ocr_line' id='line_1_6' title="bbox 150 522 1626 582; baseline -0.005 -14"><span class='ocrx_word' id='word_1_44' title='bbox 150 529 300 582; x_wconf 82' lang='lat' dir='ltr'>larum,</span> <span class='ocrx_word' id='word_1_45' title='bbox 340 539 509 580; x_wconf 87' lang='lat' dir='ltr'>quarum</span> <span class='ocrx_word' id='word_1_46' title='bbox 548 527 711 567; x_wconf 87' lang='lat' dir='ltr'>nomina</span> <span class='ocrx_word' id='word_1_47' title='bbox 750 536 846 564; x_wconf 85' lang='lat' dir='ltr'>vere</span> <span class='ocrx_word' id='word_1_48' title='bbox 895 524 1146 577; x_wconf 82' lang='lat' dir='ltr'>superlativa</span> <span class='ocrx_word' id='word_1_49' title='bbox 1195 526 1289 563; x_wconf 81' lang='lat' dir='ltr'>sunt</span> <span class='ocrx_word' id='word_1_50' title='bbox 1338 526 1381 561; x_wconf 87' lang='lat' dir='ltr'>ut</span> <span class='ocrx_word' id='word_1_51' title='bbox 1426 522 1626 575; x_wconf 76' lang='grc' dir='ltr'><em>Μεγίστη,</em></span> 
     </span>
     <span class='ocr_line' id='line_1_7' title="bbox 150 587 1629 647; baseline -0.004 -12"><span class='ocrx_word' id='word_1_52' title='bbox 150 595 356 647; x_wconf 74' lang='grc' dir='ltr'>Καλλίστη</span> <span class='ocrx_word' id='word_1_53' title='bbox 388 599 464 634; x_wconf 81' lang='lat' dir='ltr'>etc.</span> <span class='ocrx_word' id='word_1_54' title='bbox 505 594 557 633; x_wconf 72' lang='lat' dir='ltr'>At</span> <span class='ocrx_word' id='word_1_55' title='bbox 596 588 858 643; x_wconf 75' lang='grc' dir='ltr'><em>τετρώριστος</em></span> <span class='ocrx_word' id='word_1_56' title='bbox 899 591 939 629; x_wconf 88' lang='lat' dir='ltr'>in</span> <span class='ocrx_word' id='word_1_57' title='bbox 974 589 1119 630; x_wconf 83' lang='lat' dir='ltr'>Parall.</span> <span class='ocrx_word' id='word_1_58' title='bbox 1150 588 1241 629; x_wconf 72' lang='grc'>268.</span> <span class='ocrx_word' id='word_1_59' title='bbox 1280 599 1364 627; x_wconf 84' lang='grc' dir='ltr'>11οΠ</span> <span class='ocrx_word' id='word_1_60' title='bbox 1395 587 1574 628; x_wconf 83' lang='lat' dir='ltr'>dubitavi</span> <span class='ocrx_word' id='word_1_61' title='bbox 1606 600 1629 629; x_wconf 80' lang='lat' dir='ltr'>a</span> 
     </span>
     <span class='ocr_line' id='line_1_8' title="bbox 148 653 1627 713; baseline -0.005 -12"><span class='ocrx_word' id='word_1_62' title='bbox 148 658 348 713; x_wconf 74' lang='grc' dir='ltr'><em>τέτρωρος</em></span> <span class='ocrx_word' id='word_1_63' title='bbox 376 662 564 710; x_wconf 85' lang='lat' dir='ltr'>repetere</span> <span class='ocrx_word' id='word_1_64' title='bbox 596 662 783 708; x_wconf 85' lang='lat' dir='ltr'>tanquam</span> <span class='ocrx_word' id='word_1_65' title='bbox 815 666 1066 708; x_wconf 67' lang='lat' dir='ltr'>paragogon,</span> <span class='ocrx_word' id='word_1_66' title='bbox 1098 666 1173 694; x_wconf 85' lang='lat' dir='ltr'>nec</span> <span class='ocrx_word' id='word_1_67' title='bbox 1205 654 1404 694; x_wconf 83' lang='lat' dir='ltr'>dissentio</span> <span class='ocrx_word' id='word_1_68' title='bbox 1437 665 1459 693; x_wconf 86' lang='lat' dir='ltr'>a</span> <span class='ocrx_word' id='word_1_69' title='bbox 1490 653 1627 695; x_wconf 85' lang='lat' dir='ltr'>Schol.</span> 
     </span>
     <span class='ocr_line' id='line_1_9' title="bbox 149 715 1627 775; baseline -0.007 -7"><span class='ocrx_word' id='word_1_70' title='bbox 149 727 329 767; x_wconf 82' lang='lat' dir='ltr'>Phoenss.</span> <span class='ocrx_word' id='word_1_71' title='bbox 363 724 478 766; x_wconf 81' lang='lat'>1151.</span> <span class='ocrx_word' id='word_1_72' title='bbox 509 720 756 775; x_wconf 70' lang='grc' dir='ltr'><em>κυβιστητήρ</em></span> <span class='ocrx_word' id='word_1_73' title='bbox 786 717 866 761; x_wconf 76' lang='grc' dir='ltr'>ἀπὸ</span> <span class='ocrx_word' id='word_1_74' title='bbox 896 723 971 761; x_wconf 85' lang='grc' dir='ltr'>τοῦ</span> <span class='ocrx_word' id='word_1_75' title='bbox 1010 718 1114 773; x_wconf 75' lang='grc' dir='ltr'><em>κύβη</em></span> <span class='ocrx_word' id='word_1_76' title='bbox 1155 716 1177 773; x_wconf 77' lang='grc' dir='ltr'>ἡ·</span> <span class='ocrx_word' id='word_1_77' title='bbox 1216 715 1386 771; x_wconf 62' lang='grc' dir='ltr'><em>κεφαλή.</em></span> <span class='ocrx_word' id='word_1_78' title='bbox 1444 718 1547 759; x_wconf 81' lang='lat' dir='ltr'>Nam</span> <span class='ocrx_word' id='word_1_79' title='bbox 1586 724 1627 759; x_wconf 80' lang='lat' dir='ltr'>ut</span> 
     </span>
     <span class='ocr_line' id='line_1_10' title="bbox 151 784 1628 843; baseline -0.005 -11"><span class='ocrx_word' id='word_1_80' title='bbox 151 804 174 831; x_wconf 88' lang='lat' dir='ltr'>a</span> <span class='ocrx_word' id='word_1_81' title='bbox 214 802 443 843; x_wconf 71' lang='lat' dir='ltr'>synonymo</span> <span class='ocrx_word' id='word_1_82' title='bbox 482 786 588 839; x_wconf 68' lang='grc' dir='ltr'>κάρα</span> <span class='ocrx_word' id='word_1_83' title='bbox 622 789 790 828; x_wconf 78' lang='lat' dir='ltr'>verbum</span> <span class='ocrx_word' id='word_1_84' title='bbox 828 787 1014 838; x_wconf 75' lang='grc' dir='ltr'><em>κρανίξαι</em></span> <span class='ocrx_word' id='word_1_85' title='bbox 1056 786 1355 839; x_wconf 82' lang='lat' dir='ltr'>proficiscitur,</span> <span class='ocrx_word' id='word_1_86' title='bbox 1394 784 1503 836; x_wconf 87' lang='lat' dir='ltr'>quod</span> <span class='ocrx_word' id='word_1_87' title='bbox 1542 784 1628 825; x_wconf 87' lang='lat' dir='ltr'>He-</span> 
     </span>
     <span class='ocr_line' id='line_1_11' title="bbox 152 852 1628 908; baseline -0.004 -10"><span class='ocrx_word' id='word_1_88' title='bbox 152 857 318 908; x_wconf 76' lang='lat' dir='ltr'>sychius</span> <span class='ocrx_word' id='word_1_89' title='bbox 347 856 640 906; x_wconf 78' lang='lat' dir='ltr'>interpretatur</span> <span class='ocrx_word' id='word_1_90' title='bbox 670 855 929 907; x_wconf 74' lang='grc' dir='ltr'>κυβιστῆσαι,</span> <span class='ocrx_word' id='word_1_91' title='bbox 970 855 1026 893; x_wconf 90' lang='lat' dir='ltr'>ita</span> <span class='ocrx_word' id='word_1_92' title='bbox 1068 864 1171 904; x_wconf 81' lang='lat' dir='ltr'>quae</span> <span class='ocrx_word' id='word_1_93' title='bbox 1212 854 1433 903; x_wconf 74' lang='lat' dir='ltr'>conjuncta</span> <span class='ocrx_word' id='word_1_94' title='bbox 1462 855 1556 892; x_wconf 86' lang='lat' dir='ltr'>sunt</span> <span class='ocrx_word' id='word_1_95' title='bbox 1586 852 1628 892; x_wconf 89' lang='lat' dir='ltr'>in</span> 
     </span>
     <span class='ocr_line' id='line_1_12' title="bbox 153 913 1627 971; baseline -0.004 -9"><span class='ocrx_word' id='word_1_96' title='bbox 153 920 388 963; x_wconf 76' lang='lat' dir='ltr'>Callimachi</span> <span class='ocrx_word' id='word_1_97' title='bbox 428 931 551 959; x_wconf 82' lang='lat' dir='ltr'>versu</span> <span class='ocrx_word' id='word_1_98' title='bbox 591 920 719 961; x_wconf 83' lang='lat' dir='ltr'>Cram.</span> <span class='ocrx_word' id='word_1_99' title='bbox 760 920 821 961; x_wconf 87' lang='lat' dir='ltr'>IV.</span> <span class='ocrx_word' id='word_1_100' title='bbox 860 919 951 960; x_wconf 75' lang='lat'>300.</span> <span class='ocrx_word' id='word_1_101' title='bbox 989 915 1044 971; x_wconf 80' lang='grc' dir='ltr'>μὴ</span> <span class='ocrx_word' id='word_1_102' title='bbox 1084 918 1278 970; x_wconf 66' lang='grc' dir='ltr'><em>κυβιστῇς</em></span> <span class='ocrx_word' id='word_1_103' title='bbox 1316 913 1542 969; x_wconf 76' lang='grc' dir='ltr'><em>κύμβαχος,</em></span> <span class='ocrx_word' id='word_1_104' title='bbox 1588 921 1627 958; x_wconf 90' lang='lat' dir='ltr'>et</span> 
     </span>
     <span class='ocr_line' id='line_1_13' title="bbox 152 981 1625 1041; baseline -0.003 -14"><span class='ocrx_word' id='word_1_105' title='bbox 152 988 257 1027; x_wconf 89' lang='lat' dir='ltr'>inter</span> <span class='ocrx_word' id='word_1_106' title='bbox 289 998 334 1027; x_wconf 85' lang='lat' dir='ltr'>se</span> <span class='ocrx_word' id='word_1_107' title='bbox 365 989 404 1025; x_wconf 85' lang='lat' dir='ltr'>et</span> <span class='ocrx_word' id='word_1_108' title='bbox 439 996 526 1025; x_wconf 88' lang='lat' dir='ltr'>cum</span> <span class='ocrx_word' id='word_1_109' title='bbox 560 986 706 1041; x_wconf 73' lang='grc' dir='ltr'><em>Γυβᾷν</em></span> <span class='ocrx_word' id='word_1_110' title='bbox 735 985 947 1040; x_wconf 74' lang='grc' dir='ltr'><em>κολυμβᾷν</em></span> <span class='ocrx_word' id='word_1_111' title='bbox 966 985 1061 1025; x_wconf 82' lang='lat' dir='ltr'>Hes.</span> <span class='ocrx_word' id='word_1_112' title='bbox 1084 984 1347 1024; x_wconf 80' lang='lat' dir='ltr'>cohaere11t.⁵</span> <span class='ocrx_word' id='word_1_113' title='bbox 1407 982 1487 1024; x_wconf 85' lang='lat' dir='ltr'>Sed</span> <span class='ocrx_word' id='word_1_114' title='bbox 1507 981 1625 1022; x_wconf 80' lang='lat' dir='ltr'>video</span> 
     </span>
     <span class='ocr_line' id='line_1_14' title="bbox 153 1048 1627 1101; baseline -0.003 -8"><span class='ocrx_word' id='word_1_115' title='bbox 153 1064 216 1093; x_wconf 86' lang='lat' dir='ltr'>me</span> <span class='ocrx_word' id='word_1_116' title='bbox 251 1064 274 1092; x_wconf 90' lang='lat' dir='ltr'>a</span> <span class='ocrx_word' id='word_1_117' title='bbox 303 1052 369 1091; x_wconf 79' lang='lat' dir='ltr'>via</span> <span class='ocrx_word' id='word_1_118' title='bbox 398 1051 438 1090; x_wconf 92' lang='lat' dir='ltr'>in</span> <span class='ocrx_word' id='word_1_119' title='bbox 469 1051 654 1091; x_wconf 78' lang='lat' dir='ltr'>semitam</span> <span class='ocrx_word' id='word_1_120' title='bbox 686 1050 974 1100; x_wconf 78' lang='lat' dir='ltr'>descendisse3</span> <span class='ocrx_word' id='word_1_121' title='bbox 1015 1061 1107 1089; x_wconf 88' lang='lat' dir='ltr'>nam</span> <span class='ocrx_word' id='word_1_122' title='bbox 1150 1050 1407 1101; x_wconf 85' lang='lat' dir='ltr'>propositum</span> <span class='ocrx_word' id='word_1_123' title='bbox 1450 1053 1537 1089; x_wconf 87' lang='lat' dir='ltr'>erat</span> <span class='ocrx_word' id='word_1_124' title='bbox 1579 1048 1627 1088; x_wconf 89' lang='lat' dir='ltr'>de</span> 
     </span>
     <span class='ocr_line' id='line_1_15' title="bbox 155 1114 1629 1170; baseline -0.003 -11"><span class='ocrx_word' id='word_1_125' title='bbox 155 1119 284 1170; x_wconf 80' lang='lat' dir='ltr'>sigma</span> <span class='ocrx_word' id='word_1_126' title='bbox 312 1117 450 1157; x_wconf 84' lang='lat' dir='ltr'>mobili</span> <span class='ocrx_word' id='word_1_127' title='bbox 482 1116 638 1166; x_wconf 77' lang='lat' dir='ltr'>dicere,</span> <span class='ocrx_word' id='word_1_128' title='bbox 679 1119 795 1167; x_wconf 84' lang='lat' dir='ltr'>cujus</span> <span class='ocrx_word' id='word_1_129' title='bbox 836 1117 970 1156; x_wconf 86' lang='lat' dir='ltr'>locum</span> <span class='ocrx_word' id='word_1_130' title='bbox 1011 1115 1209 1154; x_wconf 88' lang='lat' dir='ltr'>interdum</span> <span class='ocrx_word' id='word_1_131' title='bbox 1251 1115 1407 1154; x_wconf 82' lang='lat' dir='ltr'>obtinet</span> <span class='ocrx_word' id='word_1_132' title='bbox 1436 1114 1522 1154; x_wconf 86' lang='lat' dir='ltr'>iota</span> <span class='ocrx_word' id='word_1_133' title='bbox 1553 1125 1629 1154; x_wconf 83' lang='lat' dir='ltr'>ex-</span> 
     </span>
     <span class='ocr_line' id='line_1_16' title="bbox 156 1176 1627 1236; baseline -0.003 -13"><span class='ocrx_word' id='word_1_134' title='bbox 156 1184 372 1236; x_wconf 82' lang='lat' dir='ltr'>pletivum;</span> <span class='ocrx_word' id='word_1_135' title='bbox 396 1178 570 1234; x_wconf 80' lang='grc' dir='ltr'><em>Ὀυείτης</em></span> <span class='ocrx_word' id='word_1_136' title='bbox 598 1181 702 1221; x_wconf 89' lang='lat' dir='ltr'>idem</span> <span class='ocrx_word' id='word_1_137' title='bbox 724 1182 881 1222; x_wconf 78' lang='lat' dir='ltr'>videtur</span> <span class='ocrx_word' id='word_1_138' title='bbox 912 1186 1034 1233; x_wconf 87' lang='lat' dir='ltr'>atque</span> <span class='ocrx_word' id='word_1_139' title='bbox 1060 1176 1252 1232; x_wconf 64' lang='grc' dir='ltr'><em>’Θυέστης</em></span> <span class='ocrx_word' id='word_1_140' title='bbox 1278 1184 1315 1220; x_wconf 89' lang='lat' dir='ltr'>et</span> <span class='ocrx_word' id='word_1_141' title='bbox 1341 1179 1627 1232; x_wconf 78' lang='lat' dir='ltr'>Callimachus,</span> 
     </span>
     <span class='ocr_line' id='line_1_17' title="bbox 155 1240 1627 1300; baseline -0.003 -11"><span class='ocrx_word' id='word_1_142' title='bbox 155 1253 197 1290; x_wconf 84' lang='lat' dir='ltr'>ut</span> <span class='ocrx_word' id='word_1_143' title='bbox 227 1248 483 1300; x_wconf 72' lang='lat' dir='ltr'>suspicabar,</span> <span class='ocrx_word' id='word_1_144' title='bbox 515 1244 671 1299; x_wconf 72' lang='grc' dir='ltr'><em>ἁλείτης</em></span> <span class='ocrx_word' id='word_1_145' title='bbox 701 1249 868 1299; x_wconf 79' lang='lat' dir='ltr'>scripsit</span> <span class='ocrx_word' id='word_1_146' title='bbox 900 1259 973 1299; x_wconf 87' lang='lat' dir='ltr'>pro</span> <span class='ocrx_word' id='word_1_147' title='bbox 1006 1241 1172 1298; x_wconf 74' lang='grc' dir='ltr'><em>ιἰλεστης</em></span> <span class='ocrx_word' id='word_1_148' title='bbox 1202 1247 1289 1285; x_wconf 81' lang='lat' dir='ltr'>sive</span> <span class='ocrx_word' id='word_1_149' title='bbox 1319 1240 1469 1297; x_wconf 79' lang='grc' dir='ltr'><em>άλὲτης.</em></span> <span class='ocrx_word' id='word_1_150' title='bbox 1519 1246 1627 1285; x_wconf 82' lang='lat' dir='ltr'>Ante</span> 
     </span>
     <span class='ocr_line' id='line_1_18' title="bbox 155 1307 1630 1365; baseline -0.003 -11"><span class='ocrx_word' id='word_1_151' title='bbox 155 1314 263 1355; x_wconf 86' lang='lat' dir='ltr'>delta</span> <span class='ocrx_word' id='word_1_152' title='bbox 295 1318 333 1353; x_wconf 85' lang='lat' dir='ltr'>et</span> <span class='ocrx_word' id='word_1_153' title='bbox 364 1313 471 1353; x_wconf 84' lang='lat' dir='ltr'>theta</span> <span class='ocrx_word' id='word_1_154' title='bbox 499 1313 657 1352; x_wconf 83' lang='lat' dir='ltr'>literam</span> <span class='ocrx_word' id='word_1_155' title='bbox 687 1311 714 1352; x_wconf 78' lang='grc' dir='ltr'>ῦ</span> <span class='ocrx_word' id='word_1_156' title='bbox 750 1314 956 1365; x_wconf 82' lang='lat' dir='ltr'>interponi</span> <span class='ocrx_word' id='word_1_157' title='bbox 995 1311 1181 1363; x_wconf 77' lang='lat' dir='ltr'>exemplo</span> <span class='ocrx_word' id='word_1_158' title='bbox 1219 1314 1313 1350; x_wconf 84' lang='lat' dir='ltr'>sunt</span> <span class='ocrx_word' id='word_1_159' title='bbox 1350 1307 1548 1362; x_wconf 77' lang='grc' dir='ltr'><em>χαμάυὸις</em></span> <span class='ocrx_word' id='word_1_160' title='bbox 1587 1315 1630 1350; x_wconf 88' lang='lat' dir='ltr'>ut.</span> 
     </span>
     <span class='ocr_line' id='line_1_19' title="bbox 154 1373 1631 1430; baseline -0.003 -9"><span class='ocrx_word' id='word_1_161' title='bbox 154 1381 287 1421; x_wconf 80' lang='lat' dir='ltr'>DOI&#39;eS</span> <span class='ocrx_word' id='word_1_162' title='bbox 319 1378 505 1418; x_wconf 76' lang='lat' dir='ltr'>dixerunt</span> <span class='ocrx_word' id='word_1_163' title='bbox 536 1389 609 1430; x_wconf 83' lang='lat' dir='ltr'>pro</span> <span class='ocrx_word' id='word_1_164' title='bbox 640 1375 812 1430; x_wconf 73' lang='grc' dir='ltr'><em>χαμάδις</em></span> <span class='ocrx_word' id='word_1_165' title='bbox 841 1390 875 1419; x_wconf 86' lang='lat' dir='ltr'>V.</span> <span class='ocrx_word' id='word_1_166' title='bbox 915 1377 1062 1417; x_wconf 80' lang='lat' dir='ltr'>Parall.</span> <span class='ocrx_word' id='word_1_167' title='bbox 1108 1377 1230 1418; x_wconf 61' lang='grc' dir='ltr'>154.υ</span> <span class='ocrx_word' id='word_1_168' title='bbox 1267 1373 1455 1429; x_wconf 67' lang='grc' dir='ltr'><em>κύμινδις</em></span> <span class='ocrx_word' id='word_1_169' title='bbox 1493 1377 1550 1429; x_wconf 81' lang='lat' dir='ltr'>Si,</span> <span class='ocrx_word' id='word_1_170' title='bbox 1589 1381 1631 1417; x_wconf 88' lang='lat' dir='ltr'>ut</span> 
     </span>
     <span class='ocr_line' id='line_1_20' title="bbox 153 1438 1632 1496; baseline -0.002 -11"><span class='ocrx_word' id='word_1_171' title='bbox 153 1450 314 1485; x_wconf 84' lang='lat' dir='ltr'>veteres</span> <span class='ocrx_word' id='word_1_172' title='bbox 346 1443 521 1496; x_wconf 78' lang='lat' dir='ltr'>tradunt,</span> <span class='ocrx_word' id='word_1_173' title='bbox 553 1443 694 1484; x_wconf 84' lang='lat' dir='ltr'>eadem</span> <span class='ocrx_word' id='word_1_174' title='bbox 725 1445 812 1484; x_wconf 82' lang='lat' dir='ltr'>avis</span> <span class='ocrx_word' id='word_1_175' title='bbox 845 1448 906 1483; x_wconf 82' lang='lat' dir='ltr'>est</span> <span class='ocrx_word' id='word_1_176' title='bbox 935 1444 1118 1496; x_wconf 84' lang='grc' dir='ltr'><em>κικυμίς,</em></span> <span class='ocrx_word' id='word_1_177' title='bbox 1158 1438 1302 1496; x_wconf 77' lang='grc' dir='ltr'><em>ὀρίνδα</em></span> <span class='ocrx_word' id='word_1_178' title='bbox 1337 1441 1391 1495; x_wconf 77' lang='grc' dir='ltr'>ἣν</span> <span class='ocrx_word' id='word_1_179' title='bbox 1420 1441 1460 1483; x_wconf 79' lang='grc' dir='ltr'>οἱ</span> <span class='ocrx_word' id='word_1_180' title='bbox 1487 1440 1632 1483; x_wconf 86' lang='grc' dir='ltr'><em>πολλοὶ</em></span> 
     </span>
     <span class='ocr_line' id='line_1_21' title="bbox 153 1507 1630 1561; baseline -0.001 -10"><span class='ocrx_word' id='word_1_181' title='bbox 153 1507 305 1561; x_wconf 81' lang='grc' dir='ltr'><em>ὄρυζαν</em></span> <span class='ocrx_word' id='word_1_182' title='bbox 333 1510 506 1549; x_wconf 81' lang='grc' dir='ltr'><em>καλοῦσι</em></span> <span class='ocrx_word' id='word_1_183' title='bbox 534 1510 680 1560; x_wconf 68' lang='lat' dir='ltr'>Phryn.</span> <span class='ocrx_word' id='word_1_184' title='bbox 711 1510 816 1561; x_wconf 86' lang='lat' dir='ltr'>App.</span> <span class='ocrx_word' id='word_1_185' title='bbox 855 1509 919 1549; x_wconf 73' lang='lat'>54.</span> <span class='ocrx_word' id='word_1_186' title='bbox 970 1508 1028 1548; x_wconf 84' lang='lat' dir='ltr'>lta</span> <span class='ocrx_word' id='word_1_187' title='bbox 1066 1510 1308 1561; x_wconf 81' lang='lat' dir='ltr'>Spitznerus</span> <span class='ocrx_word' id='word_1_188' title='bbox 1338 1509 1509 1550; x_wconf 86' lang='lat' dir='ltr'>Observ.</span> <span class='ocrx_word' id='word_1_189' title='bbox 1539 1507 1630 1550; x_wconf 81' lang='lat'>256.</span> 
     </span>
     <span class='ocr_line' id='line_1_22' title="bbox 158 1571 1629 1627; baseline -0.001 -11"><span class='ocrx_word' id='word_1_190' title='bbox 158 1573 392 1622; x_wconf 80' lang='grc' dir='ltr'><em>Πολύινδος</em></span> <span class='ocrx_word' id='word_1_191' title='bbox 431 1575 536 1627; x_wconf 89' lang='lat' dir='ltr'>apud</span> <span class='ocrx_word' id='word_1_192' title='bbox 585 1575 774 1623; x_wconf 85' lang='lat' dir='ltr'>Quintum</span> <span class='ocrx_word' id='word_1_193' title='bbox 820 1575 970 1626; x_wconf 79' lang='lat' dir='ltr'>accipit</span> <span class='ocrx_word' id='word_1_194' title='bbox 1018 1586 1092 1626; x_wconf 87' lang='lat' dir='ltr'>pro</span> <span class='ocrx_word' id='word_1_195' title='bbox 1144 1575 1352 1615; x_wconf 84' lang='lat' dir='ltr'>homerico</span> <span class='ocrx_word' id='word_1_196' title='bbox 1408 1571 1629 1623; x_wconf 79' lang='grc' dir='ltr'><em>Πολύιδος,</em></span> 
     </span>
     <span class='ocr_line' id='line_1_23' title="bbox 154 1637 1630 1694; baseline -0.001 -13"><span class='ocrx_word' id='word_1_197' title='bbox 154 1641 265 1694; x_wconf 87' lang='lat' dir='ltr'>quod</span> <span class='ocrx_word' id='word_1_198' title='bbox 294 1641 464 1681; x_wconf 83' lang='lat' dir='ltr'>Wolfius</span> <span class='ocrx_word' id='word_1_199' title='bbox 495 1652 576 1680; x_wconf 89' lang='lat' dir='ltr'>non</span> <span class='ocrx_word' id='word_1_200' title='bbox 608 1653 732 1681; x_wconf 83' lang='lat' dir='ltr'>ausus</span> <span class='ocrx_word' id='word_1_201' title='bbox 765 1645 828 1681; x_wconf 87' lang='lat' dir='ltr'>est</span> <span class='ocrx_word' id='word_1_202' title='bbox 858 1641 897 1680; x_wconf 92' lang='lat' dir='ltr'>in</span> <span class='ocrx_word' id='word_1_203' title='bbox 931 1637 1158 1686; x_wconf 76' lang='grc' dir='ltr'><em>Πολύειόος</em></span> <span class='ocrx_word' id='word_1_204' title='bbox 1187 1644 1359 1680; x_wconf 78' lang='lat' dir='ltr'>vertere.</span> <span class='ocrx_word' id='word_1_205' title='bbox 1415 1639 1630 1680; x_wconf 87' lang='lat' dir='ltr'>Postremo</span> 
     </span>
     <span class='ocr_line' id='line_1_24' title="bbox 153 1696 1630 1758; baseline -0.003 -10"><span class='ocrx_word' id='word_1_206' title='bbox 153 1708 372 1748; x_wconf 85' lang='lat' dir='ltr'>verborum</span> <span class='ocrx_word' id='word_1_207' title='bbox 403 1703 554 1747; x_wconf 80' lang='grc' dir='ltr'><em>ἁλίνδω</em></span> <span class='ocrx_word' id='word_1_208' title='bbox 587 1711 625 1746; x_wconf 85' lang='lat' dir='ltr'>et</span> <span class='ocrx_word' id='word_1_209' title='bbox 655 1706 832 1746; x_wconf 78' lang='grc' dir='ltr'><em>κυλίνόω</em></span> <span class='ocrx_word' id='word_1_210' title='bbox 873 1707 1002 1757; x_wconf 88' lang='lat' dir='ltr'>prima</span> <span class='ocrx_word' id='word_1_211' title='bbox 1033 1706 1234 1746; x_wconf 86' lang='lat' dir='ltr'>elementa</span> <span class='ocrx_word' id='word_1_212' title='bbox 1264 1709 1358 1745; x_wconf 87' lang='lat' dir='ltr'>sunt</span> <span class='ocrx_word' id='word_1_213' title='bbox 1391 1696 1443 1745; x_wconf 59' lang='grc' dir='ltr'>οἶ</span> <span class='ocrx_word' id='word_1_214' title='bbox 1473 1709 1511 1745; x_wconf 86' lang='lat' dir='ltr'>et</span> <span class='ocrx_word' id='word_1_215' title='bbox 1533 1696 1630 1758; x_wconf 54' lang='lat' dir='ltr'>U,</span> 
     </span>
     <span class='ocr_line' id='line_1_25' title="bbox 154 1767 1632 1825; baseline -0.002 -12"><span class='ocrx_word' id='word_1_216' title='bbox 154 1773 260 1814; x_wconf 90' lang='lat' dir='ltr'>unde</span> <span class='ocrx_word' id='word_1_217' title='bbox 292 1774 461 1825; x_wconf 88' lang='lat' dir='ltr'>primum</span> <span class='ocrx_word' id='word_1_218' title='bbox 494 1773 623 1813; x_wconf 80' lang='lat' dir='ltr'>extitit</span> <span class='ocrx_word' id='word_1_219' title='bbox 653 1767 751 1812; x_wconf 75' lang='grc' dir='ltr'><em>ἁλίω</em></span> <span class='ocrx_word' id='word_1_220' title='bbox 785 1775 823 1812; x_wconf 81' lang='lat' dir='ltr'>et</span> <span class='ocrx_word' id='word_1_221' title='bbox 853 1772 1000 1821; x_wconf 80' lang='grc' dir='ltr'><em>κυλίω,</em></span> <span class='ocrx_word' id='word_1_222' title='bbox 1035 1776 1116 1811; x_wconf 90' lang='lat' dir='ltr'>tum</span> <span class='ocrx_word' id='word_1_223' title='bbox 1148 1771 1343 1822; x_wconf 85' lang='lat' dir='ltr'>deinceps</span> <span class='ocrx_word' id='word_1_224' title='bbox 1375 1771 1453 1811; x_wconf 84' lang='lat' dir='ltr'>alia</span> <span class='ocrx_word' id='word_1_225' title='bbox 1483 1781 1632 1811; x_wconf 84' lang='lat' dir='ltr'>acces-</span> 
     </span>
     <span class='ocr_line' id='line_1_26' title="bbox 156 1833 1631 1891; baseline -0.002 -12"><span class='ocrx_word' id='word_1_226' title='bbox 156 1844 298 1879; x_wconf 83' lang='lat' dir='ltr'>serunt</span> <span class='ocrx_word' id='word_1_227' title='bbox 329 1843 372 1878; x_wconf 89' lang='lat' dir='ltr'>ut</span> <span class='ocrx_word' id='word_1_228' title='bbox 403 1850 426 1878; x_wconf 88' lang='lat' dir='ltr'>a</span> <span class='ocrx_word' id='word_1_229' title='bbox 455 1840 528 1878; x_wconf 78' lang='grc' dir='ltr'>πελ</span> <span class='ocrx_word' id='word_1_230' title='bbox 559 1838 732 1891; x_wconf 85' lang='lat' dir='ltr'>(pullus)</span> <span class='ocrx_word' id='word_1_231' title='bbox 765 1835 902 1885; x_wconf 66' lang='grc' dir='ltr'><em>πελιός</em></span> <span class='ocrx_word' id='word_1_232' title='bbox 929 1835 1116 1884; x_wconf 73' lang='grc' dir='ltr'><em>πελιδνός</em></span> <span class='ocrx_word' id='word_1_233' title='bbox 1136 1842 1174 1877; x_wconf 88' lang='lat' dir='ltr'>et</span> <span class='ocrx_word' id='word_1_234' title='bbox 1195 1833 1391 1887; x_wconf 79' lang='grc' dir='ltr'><em>πελιτνός,</em></span> <span class='ocrx_word' id='word_1_235' title='bbox 1423 1835 1495 1876; x_wconf 90' lang='lat' dir='ltr'>sed</span> <span class='ocrx_word' id='word_1_236' title='bbox 1529 1836 1631 1877; x_wconf 87' lang='lat' dir='ltr'>haec</span> 
     </span>
     <span class='ocr_line' id='line_1_27' title="bbox 155 1899 1632 1955; baseline -0.002 -11"><span class='ocrx_word' id='word_1_237' title='bbox 155 1905 320 1946; x_wconf 84' lang='lat' dir='ltr'>inverso</span> <span class='ocrx_word' id='word_1_238' title='bbox 351 1904 559 1944; x_wconf 87' lang='lat' dir='ltr'>literarum</span> <span class='ocrx_word' id='word_1_239' title='bbox 592 1904 743 1944; x_wconf 87' lang='lat' dir='ltr'>ordine.</span> <span class='ocrx_word' id='word_1_240' title='bbox 801 1905 907 1944; x_wconf 76' lang='lat' dir='ltr'>Ante</span> <span class='ocrx_word' id='word_1_241' title='bbox 940 1904 1050 1943; x_wconf 88' lang='lat' dir='ltr'>theta</span> <span class='ocrx_word' id='word_1_242' title='bbox 1090 1913 1316 1943; x_wconf 84' lang='lat' dir='ltr'>consonam</span> <span class='ocrx_word' id='word_1_243' title='bbox 1356 1903 1512 1954; x_wconf 87' lang='lat' dir='ltr'>recepit</span> <span class='ocrx_word' id='word_1_244' title='bbox 1549 1899 1632 1955; x_wconf 84' lang='grc' dir='ltr'>μή-</span> 
     </span>
     <span class='ocr_line' id='line_1_28' title="bbox 156 1965 1633 2022; baseline -0.001 -14"><span class='ocrx_word' id='word_1_245' title='bbox 156 1972 313 2022; x_wconf 78' lang='grc' dir='ltr'><em>ρινθος,</em></span> <span class='ocrx_word' id='word_1_246' title='bbox 345 1972 461 2020; x_wconf 86' lang='lat' dir='ltr'>cujus</span> <span class='ocrx_word' id='word_1_247' title='bbox 493 1970 657 2010; x_wconf 85' lang='lat' dir='ltr'>brevior</span> <span class='ocrx_word' id='word_1_248' title='bbox 689 1971 818 2009; x_wconf 81' lang='lat' dir='ltr'>forma</span> <span class='ocrx_word' id='word_1_249' title='bbox 848 1973 911 2009; x_wconf 87' lang='lat' dir='ltr'>est</span> <span class='ocrx_word' id='word_1_250' title='bbox 939 1965 1078 2021; x_wconf 78' lang='grc' dir='ltr'><em>μέρμις</em></span> <span class='ocrx_word' id='word_1_251' title='bbox 1121 1980 1157 2008; x_wconf 88' lang='lat' dir='ltr'>v.</span> <span class='ocrx_word' id='word_1_252' title='bbox 1195 1967 1340 2008; x_wconf 84' lang='lat' dir='ltr'>Parall.</span> <span class='ocrx_word' id='word_1_253' title='bbox 1381 1966 1499 2009; x_wconf 47' lang='lat'>1617</span> <span class='ocrx_word' id='word_1_254' title='bbox 1536 1965 1633 2020; x_wconf 81' lang='grc' dir='ltr'><em>Τέρ-</em></span> 
     </span>
     <span class='ocr_line' id='line_1_29' title="bbox 154 2030 1633 2088; baseline -0.001 -12"><span class='ocrx_word' id='word_1_255' title='bbox 154 2038 278 2088; x_wconf 55' lang='lat' dir='ltr'>uncos</span> <span class='ocrx_word' id='word_1_256' title='bbox 320 2040 359 2076; x_wconf 80' lang='lat' dir='ltr'>et</span> <span class='ocrx_word' id='word_1_257' title='bbox 397 2031 631 2087; x_wconf 76' lang='grc' dir='ltr'><em>τερέβινθος</em></span> <span class='ocrx_word' id='word_1_258' title='bbox 676 2047 802 2088; x_wconf 86' lang='lat' dir='ltr'>supra</span> <span class='ocrx_word' id='word_1_259' title='bbox 839 2035 1075 2088; x_wconf 81' lang='lat' dir='ltr'>composui3</span> <span class='ocrx_word' id='word_1_260' title='bbox 1130 2030 1417 2086; x_wconf 79' lang='grc' dir='ltr'><em>Τρικόρυνθος</em></span> <span class='ocrx_word' id='word_1_261' title='bbox 1465 2034 1633 2086; x_wconf 85' lang='lat' dir='ltr'>saepius</span> 
     </span>
    </p>
   </div>
   <div class='ocr_carea' id='block_1_3' title="bbox 157 2197 1637 2741">
    <p class='ocr_par' dir='ltr' id='par_1_3' title="bbox 157 2197 1633 2356">
     <span class='ocr_line' id='line_1_30' title="bbox 158 2197 1633 2244; baseline -0.005 -8"><span class='ocrx_word' id='word_1_262' title='bbox 158 2203 287 2236; x_wconf 73' lang='lat' dir='ltr'>monuit</span> <span class='ocrx_word' id='word_1_263' title='bbox 310 2211 353 2236; x_wconf 80' lang='lat' dir='ltr'>ne</span> <span class='ocrx_word' id='word_1_264' title='bbox 381 2211 457 2235; x_wconf 84' lang='lat' dir='ltr'>eum</span> <span class='ocrx_word' id='word_1_265' title='bbox 483 2201 665 2244; x_wconf 73' lang='lat' dir='ltr'>adjectivis</span> <span class='ocrx_word' id='word_1_266' title='bbox 700 2200 937 2244; x_wconf 71' lang='grc' dir='ltr'>μακαριστός,</span> <span class='ocrx_word' id='word_1_267' title='bbox 972 2198 1184 2237; x_wconf 48' lang='lat' dir='ltr'>mamasac,</span> <span class='ocrx_word' id='word_1_268' title='bbox 1222 2197 1384 2234; x_wconf 71' lang='grc' dir='ltr'><em>κυλιστός</em></span> <span class='ocrx_word' id='word_1_269' title='bbox 1419 2200 1633 2243; x_wconf 80' lang='lat' dir='ltr'>aequipare-</span> 
     </span>
     <span class='ocr_line' id='line_1_31' title="bbox 157 2254 1632 2299; baseline -0.004 -7"><span class='ocrx_word' id='word_1_270' title='bbox 157 2262 220 2292; x_wconf 88' lang='lat' dir='ltr'>tur.</span> <span class='ocrx_word' id='word_1_271' title='bbox 271 2258 384 2297; x_wconf 83' lang='lat' dir='ltr'>Quare</span> <span class='ocrx_word' id='word_1_272' title='bbox 410 2257 605 2292; x_wconf 79' lang='lat' dir='ltr'>Meinekius</span> <span class='ocrx_word' id='word_1_273' title='bbox 633 2256 728 2290; x_wconf 77' lang='lat' dir='ltr'>Com.</span> <span class='ocrx_word' id='word_1_274' title='bbox 757 2256 810 2290; x_wconf 86' lang='lat' dir='ltr'>Fr.</span> <span class='ocrx_word' id='word_1_275' title='bbox 837 2257 872 2291; x_wconf 69' lang='grc' dir='ltr'>Ι).</span> <span class='ocrx_word' id='word_1_276' title='bbox 901 2257 944 2290; x_wconf 90' lang='grc' dir='ltr'>ΙΙ.</span> <span class='ocrx_word' id='word_1_277' title='bbox 971 2257 1048 2292; x_wconf 80' lang='grc'><strong>649.</strong></span> <span class='ocrx_word' id='word_1_278' title='bbox 1072 2254 1238 2299; x_wconf 74' lang='grc' dir='ltr'>ὕβριστος</span> <span class='ocrx_word' id='word_1_279' title='bbox 1265 2255 1443 2297; x_wconf 76' lang='lat' dir='ltr'>scripserit</span> <span class='ocrx_word' id='word_1_280' title='bbox 1460 2264 1632 2298; x_wconf 77' lang='lat' dir='ltr'>propaso-</span> 
     </span>
     <span class='ocr_line' id='line_1_32' title="bbox 157 2312 650 2356; baseline -0.004 -9"><span class='ocrx_word' id='word_1_281' title='bbox 157 2313 318 2356; x_wconf 66' lang='lat' dir='ltr'>imanes,</span> <span class='ocrx_word' id='word_1_282' title='bbox 346 2312 427 2345; x_wconf 84' lang='lat' dir='ltr'>mihi</span> <span class='ocrx_word' id='word_1_283' title='bbox 453 2322 519 2346; x_wconf 90' lang='lat' dir='ltr'>non</span> <span class='ocrx_word' id='word_1_284' title='bbox 544 2316 650 2355; x_wconf 84' lang='lat' dir='ltr'>patet.</span> 
     </span>
    </p>

    <p class='ocr_par' dir='ltr' id='par_1_4' title="bbox 158 2363 1637 2522">
     <span class='ocr_line' id='line_1_33' title="bbox 247 2363 1637 2411; baseline -0.003 -9"><span class='ocrx_word' id='word_1_285' title='bbox 247 2369 284 2411; x_wconf 82' lang='grc'>5)</span> <span class='ocrx_word' id='word_1_286' title='bbox 322 2368 448 2402; x_wconf 78' lang='lat' dir='ltr'>Suidas</span> <span class='ocrx_word' id='word_1_287' title='bbox 484 2367 667 2410; x_wconf 74' lang='grc' dir='ltr'><em>Κυβιστᾷν</em></span> <span class='ocrx_word' id='word_1_288' title='bbox 701 2366 779 2399; x_wconf 72' lang='grc' dir='ltr'>ἀντὶ</span> <span class='ocrx_word' id='word_1_289' title='bbox 814 2367 876 2400; x_wconf 76' lang='grc' dir='ltr'>τοῦ</span> <span class='ocrx_word' id='word_1_290' title='bbox 902 2367 1090 2411; x_wconf 69' lang='grc' dir='ltr'>κολυμβᾷν</span> <span class='ocrx_word' id='word_1_291' title='bbox 1116 2363 1421 2408; x_wconf 69' lang='grc' dir='ltr'><em>καταχρηστικῶς.</em></span> <span class='ocrx_word' id='word_1_292' title='bbox 1471 2366 1637 2402; x_wconf 83' lang='lat' dir='ltr'>Similiter</span> 
     </span>
     <span class='ocr_line' id='line_1_34' title="bbox 158 2419 1635 2467; baseline -0.001 -10"><span class='ocrx_word' id='word_1_293' title='bbox 158 2422 335 2467; x_wconf 69' lang='grc' dir='ltr'>ἀρνευτήρ</span> <span class='ocrx_word' id='word_1_294' title='bbox 362 2425 570 2457; x_wconf 82' lang='lat' dir='ltr'>urinatorem</span> <span class='ocrx_word' id='word_1_295' title='bbox 598 2422 772 2465; x_wconf 83' lang='lat' dir='ltr'>significat</span> <span class='ocrx_word' id='word_1_296' title='bbox 798 2427 832 2457; x_wconf 83' lang='lat' dir='ltr'>et</span> <span class='ocrx_word' id='word_1_297' title='bbox 856 2423 986 2456; x_wconf 81' lang='lat' dir='ltr'>ludium</span> <span class='ocrx_word' id='word_1_298' title='bbox 1009 2425 1241 2462; x_wconf 81' lang='lat' dir='ltr'>cernuantem,</span> <span class='ocrx_word' id='word_1_299' title='bbox 1263 2419 1355 2463; x_wconf 88' lang='lat' dir='ltr'>quod</span> <span class='ocrx_word' id='word_1_300' title='bbox 1374 2419 1515 2454; x_wconf 87' lang='lat' dir='ltr'>verbum</span> <span class='ocrx_word' id='word_1_301' title='bbox 1535 2421 1635 2458; x_wconf 82' lang='lat' dir='ltr'>Doe-</span> 
     </span>
     <span class='ocr_line' id='line_1_35' title="bbox 161 2476 1454 2522; baseline -0.005 -10"><span class='ocrx_word' id='word_1_302' title='bbox 161 2479 313 2514; x_wconf 88' lang='lat' dir='ltr'>derlinus</span> <span class='ocrx_word' id='word_1_303' title='bbox 339 2482 416 2521; x_wconf 83' lang='lat' dir='ltr'>apte</span> <span class='ocrx_word' id='word_1_304' title='bbox 446 2479 620 2521; x_wconf 84' lang='lat' dir='ltr'>componit</span> <span class='ocrx_word' id='word_1_305' title='bbox 645 2487 720 2511; x_wconf 91' lang='lat' dir='ltr'>cum</span> <span class='ocrx_word' id='word_1_306' title='bbox 749 2477 978 2521; x_wconf 82' lang='lat' dir='ltr'>llesychianis</span> <span class='ocrx_word' id='word_1_307' title='bbox 1004 2478 1189 2522; x_wconf 59' lang='grc' dir='ltr'>κεραινίξαι</span> <span class='ocrx_word' id='word_1_308' title='bbox 1217 2479 1251 2510; x_wconf 82' lang='lat' dir='ltr'>et</span> <span class='ocrx_word' id='word_1_309' title='bbox 1278 2476 1454 2519; x_wconf 58' lang='grc' dir='ltr'>κραινίξαι.</span> 
     </span>
    </p>

    <p class='ocr_par' dir='ltr' id='par_1_5' title="bbox 159 2530 1635 2622">
     <span class='ocr_line' id='line_1_36' title="bbox 248 2530 1635 2579; baseline -0.003 -13"><span class='ocrx_word' id='word_1_310' title='bbox 248 2534 284 2575; x_wconf 87' lang='grc'>6)</span> <span class='ocrx_word' id='word_1_311' title='bbox 311 2532 563 2567; x_wconf 78' lang='lat' dir='ltr'>Adverbiorum</span> <span class='ocrx_word' id='word_1_312' title='bbox 589 2532 792 2575; x_wconf 72' lang='grc' dir='ltr'><em>βασιλίνδα,</em></span> <span class='ocrx_word' id='word_1_313' title='bbox 822 2533 1053 2579; x_wconf 75' lang='grc' dir='ltr'>ὀστρακιίἰ)“α,</span> <span class='ocrx_word' id='word_1_314' title='bbox 1081 2530 1301 2574; x_wconf 70' lang='grc' dir='ltr'>ἀριστίνδην,</span> <span class='ocrx_word' id='word_1_315' title='bbox 1328 2530 1635 2572; x_wconf 72' lang='grc' dir='ltr'>πλουτίνδηνῐθΐ-</span> 
     </span>
     <span class='ocr_line' id='line_1_37' title="bbox 159 2587 636 2622; baseline 0 0"><span class='ocrx_word' id='word_1_316' title='bbox 159 2590 298 2622; x_wconf 85' lang='lat' dir='ltr'>minatio</span> <span class='ocrx_word' id='word_1_317' title='bbox 325 2587 546 2621; x_wconf 81' lang='lat' dir='ltr'>immutabilis</span> <span class='ocrx_word' id='word_1_318' title='bbox 573 2591 636 2622; x_wconf 87' lang='lat' dir='ltr'>est.</span> 
     </span>
    </p>

    <p class='ocr_par' dir='ltr' id='par_1_6' title="bbox 161 2642 1632 2741">
     <span class='ocr_line' id='line_1_38' title="bbox 173 2642 1632 2689; baseline -0.001 -11"><span class='ocrx_word' id='word_1_319' title='bbox 173 2686 177 2689; x_wconf 33' lang='grc'><em>,</em></span> <span class='ocrx_word' id='word_1_320' title='bbox 245 2644 283 2686; x_wconf 80' lang='grc'>7)</span> <span class='ocrx_word' id='word_1_321' title='bbox 312 2643 420 2678; x_wconf 87' lang='lat' dir='ltr'>Omisi</span> <span class='ocrx_word' id='word_1_322' title='bbox 449 2643 482 2676; x_wconf 89' lang='lat' dir='ltr'>h.</span> <span class='ocrx_word' id='word_1_323' title='bbox 509 2643 530 2675; x_wconf 89' lang='lat' dir='ltr'>l.</span> <span class='ocrx_word' id='word_1_324' title='bbox 558 2642 676 2678; x_wconf 88' lang='lat' dir='ltr'>dicere</span> <span class='ocrx_word' id='word_1_325' title='bbox 702 2643 930 2679; x_wconf 77' lang='lat' dir='ltr'>llermannum</span> <span class='ocrx_word' id='word_1_326' title='bbox 956 2644 1094 2688; x_wconf 84' lang='lat' dir='ltr'>Orpheo</span> <span class='ocrx_word' id='word_1_327' title='bbox 1121 2644 1355 2678; x_wconf 79' lang='lat' dir='ltr'>accusativum</span> <span class='ocrx_word' id='word_1_328' title='bbox 1379 2645 1546 2687; x_wconf 56' lang='lat' dir='ltr'>‚ue&#39;fflufflc</span> <span class='ocrx_word' id='word_1_329' title='bbox 1567 2645 1632 2679; x_wconf 82' lang='lat' dir='ltr'>tri-</span> 
     </span>
     <span class='ocr_line' id='line_1_39' title="bbox 161 2696 567 2741; baseline -0.007 -9"><span class='ocrx_word' id='word_1_330' title='bbox 161 2699 279 2733; x_wconf 76' lang='lat' dir='ltr'>buisse</span> <span class='ocrx_word' id='word_1_331' title='bbox 307 2708 365 2741; x_wconf 85' lang='lat' dir='ltr'>pro</span> <span class='ocrx_word' id='word_1_332' title='bbox 390 2696 567 2741; x_wconf 59' lang='grc' dir='ltr'>,ιιὴριικθιι.</span> 
     </span>
    </p>
   </div>
  </div>
 </body>
</html>
