1747 3005
357 131 423 171 DE
458 130 744 172 NOMINIBUS
778 131 828 171 IN
858 136 882 184 ρ
908 130 1253 174 EXEUN'risstts,
1316 140 1353 181 §.
1375 136 1410 175 6.
1534 136 1624 178 279

154 254 186 282 s.
218 241 253 280 h.
286 241 373 279 νεῖ·
422 240 567 280 Verum
609 251 782 280 necesse
820 251 903 280 non
941 244 1028 291 est;
1076 252 1248 292 namque
1291 245 1520 284 terminatio
1556 236 1627 298 ρῖἶς

153 306 283 357 stirpi,
314 316 418 356 quae
450 305 617 358 dicitnr,
650 317 776 357 saepe
807 306 895 346 sine
924 306 1155 346 interventu
1187 308 1343 348 vocalis·
1373 309 1623 360 adjiiugitur3

146 382 277 423 neque
291 371 479 411 evincunt
493 371 628 412 Scliol.
644 371 714 412 Od.
730 372 753 411 l.
769 370 855 411 164.
869 368 1044 423 ἐλαφρός
1057 383 1105 412 ex
1119 370 1333 426 {stccoe.÷)9‹5;‚
1347 378 1385 413 et
1401 375 1510 414 Eust.
1524 376 1616 428 (ΠΙ,

148 437 213 479 63.
241 433 402 489 ψυδρός
444 448 493 477 ex
525 433 712 489 ψυδηρός
751 440 1003 477 contractum
1035 448 1150 488 esse,
1203 449 1282 489 qua
1314 439 1470 479 ratione
1502 441 1620 479 ctiam

147 499 324 554 αἰσχρός,
356 498 528 555 ἀλιτρός,
558 497 707 553 λιβρός,
738 499 905 555 λυπρός,
934 499 1092 554 ψυχρός
1122 502 1158 541 in
1182 503 1265 543 EM.
1288 503 1569 554 expediuntur.
1585 507 1620 529 ⁵¹¹
1683 501 1685 503 ’

144 569 320 609 Facilius
359 567 607 608 accesserim
646 567 679 607 si
711 567 801 618 quis
832 568 1078 619 Hesycliium
1107 567 1275 608 verbum
1313 566 1542 622 συβριάζειν
1571 582 1618 610 ex

144 645 243 674 vero
283 629 580 686 σοβαρεύεσθαι
610 632 920 682 interpretatum
950 643 1045 673 esse
1076 632 1195 674 dicat.
1248 633 1398 675 Notum
1430 639 1493 675 est
1524 647 1617 675 ser—

144 710 305 739 monem
336 699 539 751 plebejum
570 693 775 750 σταινρούς
805 698 1156 738 transnominasse
1186 695 1373 752 σταύαρα
1402 701 1490 740 sive
1520 698 1618 741 στά-

143 766 271 818 βαρα,
315 776 362 805 ac
393 768 532 816 potest
563 764 644 803 lieri
677 767 719 803 ut
748 764 776 802 I
783 760 913 814 ’ύαρος
939 765 1071 817 Γυραί
1099 761 1224 817 γυρός
1246 776 1394 806 nomen
1414 765 1517 806 idem
1553 767 1617 819 sit,

143 830 216 871 sed
236 831 326 882 quis
352 829 544 869 decernat
563 834 694 869 utrum
713 828 825 880 prius
854 829 983 881 suerit,
1014 826 1195 882 καυαρός
1225 842 1276 870 an
1304 829 1471 885 καυρός,
1504 834 1618 872 Γαυ-

142 892 265 947 δάραι
297 906 348 935 an
382 891 596 946 I'a'vdpoi‘?
662 894 722 933 Ac
760 905 1049 945 nonnunquam
1084 897 1203 936 etiam
1244 898 1486 948 significatio
1528 898 1618 939 dis-

142 965 303 1013 crepat:
352 957 478 1012 ὕδρος
506 956 614 1012 ὕδρα
642 956 799 1011 ὕδερος.
857 959 949 999 Alia
978 960 1097 1001 simul
1127 972 1216 1001 euin
1238 963 1371 1003 vocali
1391 974 1617 1004 consonam

141 1030 299 1068 mutant
330 1025 724 1066 cliaracteristicam:
764 1021 966 1077 τρυφερός
995 1030 1034 1065 et
1063 1024 1283 1079 τρυφηλός,
1312 1025 1485 1080 parts-9621
1514 1026 1618 1069 κατὰ

146 1091 392 1132 Παυσανίαν
420 1087 466 1131 τὸ
494 1087 675 1143 γαληνόν
704 1089 889 1130 Eustatll.
926 1089 1042 1143 1539,
1073 1092 1138 1131 63.
1170 1103 1244 1143 pro
1276 1104 1355 1144 quo
1388 1094 1616 1144 Hesychius

144 1154 334 1210 Γαληρόυ
370 1153 416 1196 τὸ
447 1152 550 1196 αὐτὸ
579 1153 647 1195 καὶ
675 1152 858 1207 γαλερόν.
918 1155 1009 1195 Alia
1040 1167 1266 1197 consonam
1298 1158 1449 1199 solam:
1502 1155 1614 1200 ’Λνε-

139 1221 316 1276 μώρειαν
346 1218 426 1262 ἀπὸ
457 1223 533 1262 τοῦ
563 1217 864 1273 συμβεβηκότος
883 1243 936 1248 ——
956 1217 1059 1268 10ng
1086 1218 1127 1261 ὸὲ
1153 1218 1417 1274 Ἀνεμώλειαν
1444 1226 1617 1265 καλοῦσι

141 1289 275 1331 Strab.
307 1287 369 1329 [X.
399 1288 490 1328 424.
523 1284 719 1338 Βώκαρος
747 1283 930 1337 ποταμός
959 1313 1010 1317 -
1041 1283 1063 1327 ὁ
1092 1288 1173 1327 νῦν
1202 1288 1414 1336 Βωκαλίας
1442 1290 1493 1330 ib.
1524 1290 1618 1331 394.

135 1357 330 1406 corrupto
362 1356 575 1405 utrumque
606 1357 739 1403 etymo
771 1352 972 1392 v.Pa1·all.
1002 1352 1094 1394 466.
1142 1351 1390 1407 Γαργαλεών
1420 1356 1615 1406 quryulio

139 1420 275 1461 Gloss.
306 1430 380 1471 pro
403 1415 641 1471 γαργαρεώυ
670 1418 890 1469 monellus,
923 1430 1042 1469 quem
1063 1422 1180 1459 vetus
1205 1420 1382 1461 Oribasii
1412 1421 1615 1472 interpres

137 1484 344 1537 gargalam
381 1484 564 1523 nominat
602 1495 636 1524 V.
676 1484 836 1524 Reines.
870 1484 983 1523 Varr.
1022 1484 1150 1525 Lectt.
1180 1486 1283 1536 Epil.
1315 1497 1351 1537 p.
1382 1485 1474 1527 (583.
1511 1482 1615 1539 Τέρ-

139 1563 240 1601 μερα
270 1573 321 1577 —-
357 1551 567 1600 Τερμερεῖς
595 1547 665 1589 καὶ
702 1551 909 1601 Τερμελεῖς
941 1549 1080 1601 Steph.
1111 1549 1338 1603 κανθήλιος
1356 1552 1612 1592 cantherius.

140 1616 200 1655 De
228 1614 377 1665 duplici
416 1613 711 1665 adjectivorum
743 1612 947 1668 σιωπηλός
986 1619 1026 1655 et
1056 1614 1262 1669 σιωπηρός
1291 1621 1368 1657 etc.
1410 1617 1615 1668 scriptura

140 1679 221 1720 dixi
252 1680 292 1718 in
323 1680 494 1719 Dissert.
526 1679 570 1719 II.
605 1691 638 1718 c.
671 1680 716 1720 II.
751 1684 790 1727 δ.
817 1681 855 1721 3.
905 1680 976 1719 His
1008 1679 1212 1722 deteriore
1243 1686 1378 1722 aetate
1409 1683 1613 1722 succrevit

138 1742 328 1797 σιγανός,
367 1755 447 1796 quo
488 1744 674 1795 exemplo
707 1744 862 1786 Coraes
894 1745 943 1784 ad
975 1745 1110 1785 Strab.
1144 1746 1233 1787 182.
1272 1747 1463 1786 vitiosam
1493 1748 1612 1788 unius

141 1809 296 1851 codicis
336 1810 579 1861 scripturam
609 1807 773 1862 σιγηνός
803 1809 1021 1851 defendere
1052 1815 1235 1852 conatur.
1300 1812 1393 1852 Alia
1423 1813 1611 1864 quaestio

138 1880 203 1917 est
233 1886 325 1915 num
357 1886 543 1914 consona
573 1886 677 1926 quae
708 1876 748 1915 in
774 1877 1017 1916 formatione
1035 1887 1323 1928 nonnunquam
1342 1877 1484 1918 literae
1516 1889 1613 1918 ere-

136 1941 289 1981 triacae
319 1941 549 1981 subseritur
584 1939 717 1994 (φέρω
747 1938 899 1994 φερνή,
938 1938 1058 1993 κέρας
1097 1953 1224 1982 cornu
1255 1942 1350 1994 etc.)
1391 1942 1531 1983 eadem
1572 1944 1611 1983 in

134 2006 215 2046 hoc
243 2017 393 2057 genere
423 2006 649 2047 fulciendae
680 2007 813 2047 vocali
844 2008 957 2048 brevi
988 2007 1168 2047 adhibita
1197 2007 1262 2047 sit.
1311 2008 1431 2048 Urbis
1450 2008 1609 2061 quidem

134 2071 320 2113 Creticae
350 2082 498 2112 nomen
529 2073 580 2112 ob
609 2073 829 2113 Eleuthero
861 2072 1035 2124 quodam
1062 2072 1252 2112 sabuloso
1275 2072 1498 2114 derivatum
1519 2074 1612 2125 ple-

134 2148 302 2190 rumque
327 2132 586 2191 Ἐλευθὲρνα,
618 2138 837 2191 aliquoties
871 2138 990 2178 etiam
1017 2133 1253 2191 Έλευθεραί
1282 2138 1501 2191 scribitur3
1540 2139 1612 2180 sed

225 2324 285 2366 55)
312 2323 494 2366 singulare
519 2333 695 2368 syncopae
724 2325 919 2368 exemplum
945 2324 1090 2368 praebet
1113 2323 1277 2367 Epidauri
1304 2324 1500 2361 Laconicae
1530 2328 1611 2369 epi-

135 2377 272 2421 theton,
317 2381 345 2412 si
375 2388 418 2414 ex
442 2369 637 2423 λὶμειιηριὶ,
675 2383 711 2414 ut
735 2380 946 2423 Apollodoro
986 2380 1115 2423 placuit
1152 2378 1284 2422 Fragm.
1311 2381 1388 2416 423.
1417 2385 1608 2425 correptum

136 2436 209 2476 est,
239 2436 272 2468 et
296 2435 404 2476 magis
431 2435 534 2469 etiam
561 2436 590 2469 si
618 2445 659 2470 ex
684 2434 924 2479 λειμιιιηιήρης,
962 2445 1029 2478 qua
1067 2444 1108 2470 ex
1135 2436 1298 2477 opinione
1326 2434 1422 2470 lluxit
1448 2440 1611 2471 accentus

134 2487 296 2531 Λειμήρα
323 2493 357 2524 et
378 2488 521 2534 Λιμήριι
559 2500 637 2524 cum
671 2489 752 2525 alibi
787 2493 856 2524 tum
884 2491 917 2524 in
944 2489 1045 2524 codd.
1077 2489 1229 2532 Tlincyd.
1256 2489 1328 2525 VII.
1354 2491 1410 2527 26.
1436 2496 1611 2536 receptus,

136 2541 194 2577 ubi
220 2542 338 2577 Schol.
365 2545 475 2587 aptius
501 2544 543 2579 ad
562 2544 666 2589 λιμός
689 2545 805 2580 refert.

224 2629 285 2672 56)
309 2629 425 2665 Schol.
450 2632 530 2667 Eur.
556 2632 647 2669 Med.
669 2634 746 2670 595.
773 2631 900 2669 δοῦλος
926 2641 968 2667 ex
996 2630 1134 2673 δυηλός,
1163 2631 1257 2676 quod
1275 2640 1318 2667 ne
1339 2633 1508 2675 reperitur
1528 2635 1609 2676 qui-

138 2685 235 2727 dem,
269 2687 445 2721 concisum
474 2691 586 2731 putat,
623 2689 806 2724 Passovius
833 2687 1046 2724 homericum
1072 2686 1182 2731 «ζωρός
1208 2697 1251 2725 ex
1280 2687 1408 2722 novitio
1427 2686 1569 2730 ζωηρός,
