1747 3005
177 143 244 185 DE
265 144 390 185 ΝΟΜ.
412 143 630 192 QUORUM
651 144 800 184 CHAR.
820 143 921 185 EST
944 143 1231 184 GUTTURAL.
1274 147 1314 185 (ἱ.
1338 147 1380 185 ΙΙ.
1408 146 1492 193 §.2
1546 148 1619 187 311

149 255 318 307 propius
350 253 400 293 ad
431 249 598 304 ἑὶῤῥιχος
628 253 798 302 aceedit,
837 255 952 303 oujtis
985 252 1229 304 multiplices
1262 255 1414 293 formas
1447 255 1484 294 in
1516 260 1553 301 ὃ.
1579 256 1617 296 8.

147 330 412 371 exponemus.
463 320 561 358 Sunt
595 330 691 358 vero
726 319 950 370 compluria
981 329 1151 369 quorum
1184 319 1380 367 originem
1411 321 1618 360 nescimus

146 384 336 435 αἴσακος,
375 380 595 431 σκιθακός,
635 380 810 434 ὑρτακός
840 380 1007 434 ὄστρεον
1036 383 1131 423 Hes.
1165 387 1240 424 oto.
1300 383 1380 424 Sed
1411 394 1617 436 paragogen

145 454 214 490 aut
254 461 278 489 a
318 450 454 489 verbis
497 449 748 489 descendunt
784 447 895 499 παρὰ
934 446 981 488 τὸ
1021 444 1188 487 ἀνάσσω
1233 444 1386 495 ἀνακός
1430 445 1486 496 ὡς
1530 464 1616 501 φυ-

143 512 278 554 λάσσω
317 512 524 567 φυλακάς,
562 511 758 565 μαλάσσω
792 512 974 567 μαλακός
1013 514 1098 554 EM.
1132 512 1196 565 96,
1225 514 1289 554 33.
1330 518 1398 553 aut
1430 526 1451 553 a
1483 515 1616 553 norni—

143 580 275 633 nihus,
315 581 460 631 partim
500 580 668 620 candem
709 591 797 621 cum
839 580 1051 631 primitivis
1092 579 1428 630 significationem
1468 580 1615 619 sortita

143 650 185 686 ut
215 657 318 697 quae
350 646 578 695 Hesychius
610 646 723 686 affert
754 645 888 691 σίττας
917 642 1081 696 ὄρνεον·
1121 642 1221 684 ἔνιοι
1251 641 1293 684 ὸὲ
1321 640 1520 692 ψιττακὸυ
1548 641 1616 684 λε’-

142 720 260 762 γουσι
286 715 325 750 et
347 707 510 761 ἐριθεύς
536 707 557 749 ὁ
577 708 791 762 ἐριθακός,
827 722 944 762 quem
970 710 1207 750 Aristotelis
1234 711 1478 762 interpretes
1502 710 1612 750 latini

141 775 408 816 rubellionem
447 776 511 815 vel
548 777 781 816 rubeoulam
823 777 1031 828 appellant
1070 787 1217 816 nomen
1248 777 1298 816 ab
1330 770 1507 826 ἐρυθρός
1537 774 1614 814 du-

141 846 296 890 centes,
328 842 462 892 aptius
495 841 654 892 quidem
684 842 740 881 illi
772 853 890 893 quam
920 842 1005 881 EM.
1040 846 1079 881 et
1110 841 1430 881 Clioeroboscus
1462 852 1498 891 p.
1525 839 1612 881 190.

141 902 303 957 ἔρνθεύς
339 901 452 956 παρὰ
489 903 536 945 τὸ
573 904 754 957 ἕριθος.5
800 908 900 947 Pars
942 907 1146 947 diversum
1176 907 1397 957 significat3
1438 903 1615 953 διψακός

140 971 271 1013 morbi
311 971 514 1011 siticulosi
553 983 721 1024 nomen,
764 968 921 1019 ὠτακός
957 969 1211 1022 παρώνυμον
1249 967 1353 1011 εἶναι’
1381 981 1485 1024 φασι
1518 972 1613 1013 Hes.

141 1037 192 1077 ab
223 1028 318 1085 οὖς,
351 1040 393 1074 ut
421 1036 609 1088 arbitror,
640 1038 746 1076 siout
775 1033 878 1084 ὠτός
908 1044 946 1077 et
978 1038 1089 1086 asi03
1122 1031 1303 1086 οὐρακός
1330 1033 1377 1076 τὸ
1395 1034 1522 1088 μέσον
1544 1038 1615 1089 τῆς

141 1097 280 1153 κώπης
301 1100 401 1141 Poll.
432 1101 475 1142 ll.
497 1102 562 1142 85.
593 1102 642 1141 ab
675 1097 792 1153 οὐρά,
824 1103 902 1142 nisi
934 1102 1074 1151 sallon
1105 1097 1282 1147 ἄστακος
1310 1102 1387 1153 vel,
1418 1107 1461 1142 ut
1490 1103 1612 1143 Iones

142 1172 182 1207 et
211 1167 337 1207 Attici
367 1165 576 1219 dicebant,
607 1162 800 1217 ὀστακός,
830 1164 904 1207 τὸν
932 1162 1260 1218 ὀστρακόδερμον
1289 1166 1519 1216 significare
1549 1167 1614 1205 vi-

140 1232 258 1273 detur
289 1233 339 1272 ab
369 1228 513 1272 ὀστέον
543 1232 766 1272 derivatum
798 1238 839 1272 ut
875 1229 1042 1282 ὄστρεον
1077 1226 1158 1270 ἀπὸ
1198 1231 1273 1271 τοῦ
1313 1227 1460 1270 ὀστέου
1498 1232 1613 1272 Eust.

141 1298 259 1351 1161,
289 1298 387 1338 33.⁶
423 1295 605 1344 ὕσσακος
644 1297 753 1348 quod
784 1298 872 1337 sive
903 1298 1054 1337 fascias
1086 1296 1300 1349 signifieat,
1344 1297 1491 1348 quibus
1522 1307 1614 1336 mu-

137 1363 258 1403 lieres
290 1367 568 1403 menstruatae
599 1367 787 1416 utuntur,
832 1363 918 1403 sive
949 1367 1105 1414 partem
1135 1362 1266 1413 ipsam
1297 1362 1510 1413 eorporis,
1550 1363 1615 1401 cui

138 1439 287 1470 nomen
323 1420 374 1475 ὗς
408 1433 447 1468 et
476 1433 614 1480 χοῖρος
644 1429 972 1480 (χοιροτροφεῐον
999 1428 1203 1479 περίζωμα
1231 1429 1468 1479 γυναικεῖον
1495 1427 1611 1477 Hes.)

139 1494 356 1535 manifesto
399 1495 448 1534 ab
488 1486 538 1541 ὗς
569 1494 869 1535 denominatum
901 1498 987 1544 est3
1034 1493 1218 1545 χοίρακοι
1250 1493 1376 1533 suarii
1405 1493 1612 1534 Deliorum

137 1559 229 1600 Atti.
259 1559 322 1599 IV.
355 1559 443 1600 173.
472 1561 519 1600 A.
552 1559 661 1611 quod
690 1564 901 1599 accentum
933 1560 1193 1610 propriorum
1223 1559 1406 1610 aceepit3
1435 1554 1615 1609 κόρακος

139 1625 266 1677 piscis
299 1635 447 1664 nomen
477 1625 656 1664 sortasse
687 1636 710 1664 a
741 1624 999 1665 similitudine
1038 1624 1151 1664 corvi
1189 1623 1363 1675 ideoque
1401 1627 1613 1674 gravatum

139 1701 188 1730 ex
222 1689 427 1730 sententia
457 1700 596 1729 eorum
628 1689 695 1740 qui
728 1700 776 1728 ex
816 1689 1029 1738 barytonis
1059 1689 1249 1738 genitivis
1287 1699 1409 1738 pares
1441 1692 1614 1728 accentu

137 1755 410 1796 nominativos
450 1755 624 1794 existere
662 1758 844 1793 statuunt
886 1757 928 1792 ut
957 1750 1091 1801 θύλαξ
1120 1750 1317 1802 θύλακος,
1351 1752 1402 1792 ad
1431 1753 1612 1792 ultimum

137 1816 343 1866 παλλακάς
373 1831 396 1859 a
425 1816 607 1871 πολλακή
638 1821 828 1861 reflexum
856 1825 899 1861 ut
919 1817 1072 1871 πόρνος
1102 1830 1126 1858 a
1154 1815 1297 1870 πόρνη.
1323 1841 1375 1846 —-
1405 1818 1611 1858 Feminina

137 1885 338 1926 Arcadius
356 1886 517 1935 gravari
543 1884 637 1924 dicit
664 1880 824 1938 Ἰθάκη,
856 1882 1023 1937 ἄτάρκη,
1056 1881 1265 1935 Σκυλάκη,
1297 1883 1482 1934 exeeptis
1513 1893 1609 1922 ver-

138 1951 298 1992 balibus
328 1946 493 2002 φυλακή
535 1945 616 1989 ἀπὸ
655 1952 730 1990 τοῦ
766 1949 964 2003 φυλάσσω
1003 1948 1073 1990 καὶ
1102 1946 1226 2001 αἰακῆ
1255 1944 1336 1988 ἀπὸ
1364 1948 1441 1987 τοῦ
1472 1943 1609 1996 αἰάζω,

137 2015 215 2055 Pro
258 2011 413 2067 ἀτάρκη
453 2016 549 2065 (nisi
585 2015 653 2055 ille
692 2017 804 2068 puris
845 2017 1092 2067 interposuit
1131 2026 1214 2054 non
1251 2024 1393 2066 purum
1431 2007 1608 2064 ἀδάρκη)

136 2081 282 2133 reponi
320 2085 460 2132 potest
498 2075 639 2133 ἀφάκη
680 2082 819 2133 planta
854 2087 1028 2133 cognata
1071 2081 1249 2120 fortasse
1286 2077 1351 2118 vel
1389 2078 1533 2118 similis
1573 2078 1609 2118 ei

137 2157 241 2198 quae
270 2141 405 2198 φακός
434 2144 590 2198 dieitur,
619 2147 684 2186 vel
713 2143 846 2199 ἀράκη
876 2143 1002 2198 φιάλη
1032 2146 1126 2185 Hes.
1156 2144 1221 2183 vel
1243 2141 1350 2183 aliud
1378 2138 1610 2193 simile'AQ-

136 2207 249 2263 τάκη,
273 2207 437 2264 Ἀνάκη,
464 2207 632 2265 Ἀφάκη.
691 2213 769 2253 Pro
806 2217 1017 2264 postremo
1048 2206 1170 2262 αἰακή
1202 2204 1283 2248 ἀπὸ
1311 2207 1387 2247 τοῦ
1418 2203 1541 2255 αἰάζω
1572 2208 1607 2247 Si

135 2277 349 2329 posuisset
386 2274 518 2331 ὑλακή
558 2273 638 2318 ἀπὸ
676 2279 751 2319 τοῦ
781 2273 894 2317 ὑλάω
929 2273 953 2329 ἢ
987 2271 1173 2327 ὑλάσσω,
1213 2272 1479 2314 dubitationis
1510 2271 1610 2312 reli-

224 2461 260 2503 5)
293 2461 409 2496 Schol.
435 2462 538 2497 Arist.
564 2463 667 2506 Vesp.
695 2464 771 2500 922.
798 2461 941 2507 ἕριῧεύς
966 2460 982 2494 ὁ
1009 2461 1069 2494 καὶ
1097 2457 1261 2502 ἕρίθι·λος
1288 2455 1510 2500 καλούμενος
1541 2456 1607 2490 ὑπὸ

137 2514 207 2547 τῶν
226 2515 402 2548 πλειόνων
421 2516 600 2561 ἐρίθακος.
626 2519 690 2552 Pro
710 2517 874 2563 ἐρίθυλος
894 2514 1169 2551 substituendum
1191 2511 1358 2556 ἕρίθαλος
1368 2512 1482 2548 simile
1505 2522 1608 2555 supra

135 2571 246 2605 allatis
275 2571 364 2606 DiSS.
386 2572 429 2606 ll.
450 2571 488 2606 C.
510 2573 537 2607 Ῑ.
562 2573 638 2613 §.3.
666 2573 856 2617 αἶγίθαλος
881 2571 1106 2615 κερκίθαλος.

223 2627 260 2669 6)
280 2627 477 2671 Ὄστρακον
510 2631 673 2671 putamen
699 2629 755 2662 ovi
783 2628 907 2662 dicitur
932 2631 966 2663 et
991 2624 1043 2658 ὠιὶ
1068 2621 1223 2656 ardorem
1251 2619 1327 2655 Nic.
1352 2620 1407 2656 Al.
1441 2622 1519 2659 296.
1546 2621 1615 2656 nou

134 2680 235 2713 ὤτων
259 2680 296 2714 τὸ
324 2683 448 2716 κοῖλον
472 2682 628 2721 ἀστακός
651 2683 735 2719 Poll.
763 2683 807 2718 Il.
832 2683 889 2719 85.
916 2683 997 2726 quia
1021 2677 1311 2720 cartilaginosum.
