1731 3021
104 153 198 196 ⁸230
578 147 1011 190 DISSERTATIO
1048 146 1112 188 IV.

105 260 268 314 κολώνη
307 272 332 301 a
360 257 483 308 πόλος
510 257 684 313 κολοβός
714 258 887 310 repetit,
925 254 1088 309 κοχώνη
1118 257 1205 298 Sive
1234 252 1423 309 κόχωνον
1452 258 1586 298 nostri

109 328 220 370 docti
261 337 351 367 oum
387 327 515 367 latino
548 329 663 367 ’coxa
702 327 953 376 componunt
992 321 1099 363 unde
1133 333 1240 363 coxo
1271 323 1298 362 i.
1328 334 1365 375 q.
1396 326 1517 363 catax
1546 325 1587 364 et

110 394 314 446 conquexi
351 393 376 434 i.
407 404 443 445 q.
481 393 673 433 inooxavi
709 403 745 432 v.
785 389 913 431 Hand.
957 388 1128 430 Tursell.
1161 388 1202 429 T.
1232 388 1278 429 II.
1307 388 1373 430 31.
1404 385 1588 441 χορωνός

112 471 269 502 corona
300 470 323 499 a
352 455 473 512 χορός
503 458 702 511 circulus,
746 460 785 497 et
816 455 1091 508 polyseinanti
1120 451 1285 507 κορώνη
1316 455 1589 507 significatio-

109 539 187 568 nes
217 526 354 566 varias
386 525 435 565 ad
468 525 679 565 notionem
711 523 823 563 eurvi
853 526 1072 571 revocant,
1113 518 1286 574 ἑλεδώνη
1316 521 1458 574 polypi
1488 531 1590 572 spe—

114 594 199 634 cies
220 593 401 633 sortasse
427 595 598 642 propter
620 591 751 630 cirros
774 585 1032 639 (πλεκτάνας)
1055 587 1317 628 denominata
1338 591 1402 627 est
1422 598 1446 626 a
1461 586 1589 627 verbo

113 656 236 699 εἰλέω.
295 654 498 709 Κροτώνη
528 668 625 696 vero
656 654 944 706 inexplicabile
983 659 1025 694 ut
1056 654 1182 694 multa
1212 665 1236 694 a
1267 652 1592 705 Glossographis

115 724 322 766 adnotata.
340 725 358 748 ὃ
386 723 602 774 Adjeetiva
633 722 710 761 tria
738 721 900 772 reperio
928 717 1127 772 κορωνός,
1167 719 1277 772 quod
1307 731 1398 761 oum
1426 715 1594 772 κορώνη

117 791 332 842 cohaeret,
373 793 412 829 et
442 787 625 828 verbalia
650 783 829 838 γεγωνός
865 790 905 825 et
934 783 1084 834 ἰδωνός
1114 785 1256 839 ὅμοιος
1285 786 1381 827 Hes.
1422 796 1596 838 quorum

114 855 214 896 illud
234 854 561 895 terminationem
592 863 616 891 a
643 852 771 892 verbo
803 852 939 906 habet,
968 852 1047 893 hoo
1076 853 1301 893 ascitioiam
1322 856 1365 892 ut
1384 852 1597 904 proprium

120 918 299 974 Ποτώνη
330 921 417 961 sive
450 913 658 970 Πωτώνη,
699 917 810 969 quod
840 917 939 958 nihil
969 918 1077 959 aliud
1107 930 1225 970 quam
1256 914 1407 971 πετηνή
1438 917 1598 970 signifi-

119 999 214 1029 care
244 986 403 1027 videtur
433 986 481 1026 es.
511 983 689 1025 Boeokh.
721 983 772 1024 ad
802 984 927 1025 Insor.
957 984 1057 1025 Nav.
1091 997 1128 1037 p.
1154 984 1278 1026 289.0
1319 984 1495 1025 Nomina
1525 995 1599 1025 se—

120 1053 275 1094 cundae
309 1049 596 1092 declinationis
626 1049 827 1090 Arcadius
855 1054 1038 1101 oxytona
1063 1062 1158 1091 esse
1182 1050 1302 1090 tradit
1321 1054 1487 1101 praeter
1506 1046 1599 1090 Κό-

119 1133 254 1173 ρωνος
283 1116 393 1170 quod
422 1115 583 1167 gravari
614 1120 785 1167 propter
815 1115 1041 1167 diastolen,
1073 1115 1148 1156 sed
1176 1114 1217 1155 id
1247 1126 1411 1167 quoque
1442 1117 1602 1158 aeuitur

122 1186 289 1237 saepius
324 1196 359 1224 v.
390 1181 540 1223 Siehel.
573 1180 623 1221 ad
653 1180 771 1221 Paus.
805 1181 846 1221 T.
878 1182 904 1221 Ι.
940 1181 1029 1223 176.
1064 1186 1103 1222 et
1133 1181 1287 1233 pariter
1313 1179 1485 1233 Οἰωνός,
1518 1184 1603 1224 Κο-

121 1248 254 1298 λωνός
294 1250 397 1290 Plut.
436 1248 602 1297 Quaest.
645 1246 708 1287 Gr.
738 1246 816 1288 XL.
849 1247 1009 1299 aliaque
1049 1248 1320 1289 substantivis
1366 1248 1604 1292 homotona.

122 1317 319 1368 Regulam
348 1319 573 1366 sequuntur
602 1311 814 1365 Δοκωνός,
840 1308 1073 1366 Έμβλωνός
1104 1314 1275 1368 Oppian.
1307 1314 1404 1366 Cyn.
1433 1315 1480 1356 ΙΙ.
1512 1315 1604 1358 115.

127 1384 287 1435 (omiss.
320 1382 360 1421 in
393 1380 480 1433 Th.)
517 1376 732 1431 Ὀθρωνός
768 1380 971 1432 Lycophr.
1010 1381 1137 1421 inulta
1176 1392 1274 1421 vero
1314 1381 1490 1431 migrant
1521 1392 1606 1422 non

127 1449 260 1489 solum
292 1448 497 1499 Γίγωνος,
536 1442 746 1492 Δώὸωνος
778 1446 917 1497 steph.
948 1451 988 1486 et
1019 1447 1111 1488 Soli.
1141 1447 1183 1487 Il.
1214 1447 1313 1488 XVI.
1338 1446 1430 1488 233.
1460 1443 1607 1487 Εὔδω-

127 1529 211 1564 νος,
231 1511 411 1562 Ἴτωνος,
449 1512 654 1564 Τρίτωνος
685 1512 824 1564 Steph.
856 1524 960 1564 quae
989 1517 1159 1565 propter
1185 1513 1398 1554 breviores
1425 1514 1611 1554 nomina-

130 1583 237 1622 tivos
267 1580 416 1632 Γίγων,
435 1574 570 1629 Ἴτων,
600 1577 747 1619 Eudon
778 1583 853 1619 eto.
884 1578 934 1618 ad
965 1577 1214 1619 anadromen
1244 1579 1388 1619 referri
1417 1583 1609 1633 possunt,

131 1647 205 1688 sed
244 1648 365 1687 etiam
389 1642 622 1695 ’Ἀλπωνος,
662 1640 906 1694 Κάννωνος,
946 1644 1055 1695 quod
1091 1644 1382 1695 Theognostus
1415 1645 1610 1695 oxytonis

132 1713 383 1764 adnumerat,
420 1708 640 1763 Τέρπωνος
669 1710 767 1750 urbs
798 1709 838 1749 in
859 1709 1022 1760 Illyrico
1049 1710 1129 1750 sita
1148 1709 1323 1762 Appian.
1344 1709 1452 1762 Illyr.
1473 1709 1611 1751 XVIII.

132 1790 251 1831 quam
281 1782 401 1818 vetus
431 1778 635 1830 interpres
668 1775 796 1829 Terpo
826 1775 971 1829 reddit,
996 1770 1183 1830 Ἀβώνου
1211 1780 1349 1829 τεῖχος.

745 1908 777 1947 C
790 1908 827 1947 A
838 1907 885 1948 P.
935 1907 1005 1949 VI.

271 2013 345 2056 De
378 2011 645 2055 non‘zz'm'hus
680 2013 729 2055 in
767 2025 911 2061 συνος
947 2015 991 2054 el
1025 2025 1149 2068 σνιή
1187 2010 1481 2054 exeuntibus.

252 2117 291 2160 ὃ.
328 2112 363 2153 1.
416 2111 509 2151 Tria
546 2111 617 2152 illa
655 2111 880 2164 adjectiva,
924 2121 1029 2162 quae
1058 2109 1315 2150 Herodianus
1345 2110 1386 2149 in
1416 2110 1618 2162 principio

142 2179 370 2231 superioris
397 2178 544 2228 capitis
567 2182 737 2229 propter
761 2176 972 2228 aequalem
995 2176 1242 2228 penultimae
1262 2186 1493 2215 mensuram
1517 2186 1622 2216 oon-

143 2245 332 2296 sociavit,
364 2242 504 2283 eadem
538 2243 657 2283 aliam
690 2243 742 2283 ob
774 2253 940 2282 oausam
959 2242 1093 2293 Junxit.
1113 2241 1354 2282 Eustathius
1376 2252 1412 2293 p.
1435 2240 1527 2291 709,
1557 2241 1622 2283 53.

143 2310 400 2362 συρακουσία
428 2306 530 2357 λέξις
560 2305 583 2349 ὁ
612 2309 784 2356 πίσυνος
820 2305 864 2348 ἐκ
899 2309 974 2348 τοῦ
1010 2308 1134 2348 πείσω
1170 2304 1387 2361 γενομένη·
1426 2303 1625 2360 ἀναλογία

146 2375 189 2418 ὁὲ
218 2373 350 2418 αὐτοῦ
380 2371 482 2416 κατὰ
511 2371 558 2415 τὸ
589 2372 859 2425 ὅεσπόσυνος,
898 2371 1127 2427 θάρσυνος·
1167 2375 1337 2415 τοιαῦτα
1365 2370 1407 2415 δέ
1438 2388 1530 2415 τινα
1555 2371 1626 2415 καὶ

237 2545 275 2588 8)
305 2542 480 2587 Γροῧώιή
506 2541 631 2586 γραῗς,
656 2540 803 2586 Γογώιή
830 2539 987 2585 φάρυγξ,
1019 2541 1184 2574 ίἰατῶναι
1210 2543 1301 2581 ζειαί
1316 2540 1398 2576 Hes.
1430 2538 1628 2585 Γρονθώιή

151 2599 360 2642 Theognost.
390 2601 465 2633 sine
491 2599 787 2641 interpretatione,
817 2597 962 2632 tortasse
989 2608 1007 2631 a
1031 2596 1191 2641 ypdv-'ioe
1214 2597 1270 2632 vel
1296 2595 1481 2641 γρόνθων.

243 2666 280 2707 9)
308 2664 485 2708 Πρωτώνη
510 2665 661 2699 Platonis
688 2674 786 2698 soror
809 2664 934 2698 dicitur
957 2664 992 2697 in
1016 2663 1134 2699 Schol.
1163 2664 1197 2697 in
1215 2663 1358 2698 Aristot.
1378 2673 1411 2707 p.
1439 2661 1494 2698 23.
1518 2661 1551 2696 b.
1572 2661 1628 2698 46.

156 2721 211 2756 ed.
240 2720 362 2754 Braud.
393 2721 491 2763 quasi
519 2730 537 2755 a
566 2721 755 2755 masculino
780 2719 949 2764 Πρώτων.
