<?xml version="1.0" encoding="UTF-8"?>
<!DOCTYPE html PUBLIC "-//W3C//DTD XHTML 1.0 Transitional//EN"
    "http://www.w3.org/TR/xhtml1/DTD/xhtml1-transitional.dtd">
<html xmlns="http://www.w3.org/1999/xhtml" xml:lang="en" lang="en">
 <head>
  <title>
</title>
<meta http-equiv="Content-Type" content="text/html;charset=utf-8" />
  <meta name='ocr-system' content='tesseract 3.04.00' />
  <meta name='ocr-capabilities' content='ocr_page ocr_carea ocr_par ocr_line ocrx_word'/>
</head>
<body>
  <div class='ocr_page' id='page_1' title='image "./pathologiaesermo00lobeuoft_0518.png"; bbox 0 0 1731 3021; ppageno 0'>
   <div class='ocr_carea' id='block_1_1' title="bbox 145 161 1168 216">
    <p class='ocr_par' dir='ltr' id='par_1_1' title="bbox 145 161 1168 216">
     <span class='ocr_line' id='line_1_1' title="bbox 145 161 1168 216; baseline -0.01 0"><span class='ocrx_word' id='word_1_1' title='bbox 145 172 239 216; x_wconf 80' lang='lat'><strong>¹500</strong></span> <span class='ocrx_word' id='word_1_2' title='bbox 610 161 1045 208; x_wconf 88' lang='lat' dir='ltr'>DISSERTATIO</span> <span class='ocrx_word' id='word_1_3' title='bbox 1102 163 1168 206; x_wconf 90' lang='lat' dir='ltr'><strong>XI.</strong></span> 
     </span>
    </p>
   </div>
   <div class='ocr_carea' id='block_1_2' title="bbox 142 273 1658 2044">
    <p class='ocr_par' dir='ltr' id='par_1_2' title="bbox 146 273 1658 389">
     <span class='ocr_line' id='line_1_2' title="bbox 148 273 1658 330; baseline -0.004 -7"><span class='ocrx_word' id='word_1_4' title='bbox 148 280 231 324; x_wconf 89' lang='lat' dir='ltr'>Sed</span> <span class='ocrx_word' id='word_1_5' title='bbox 271 278 321 321; x_wconf 91' lang='lat' dir='ltr'>de</span> <span class='ocrx_word' id='word_1_6' title='bbox 361 278 573 330; x_wconf 88' lang='lat' dir='ltr'>utriusque</span> <span class='ocrx_word' id='word_1_7' title='bbox 621 274 917 317; x_wconf 78' lang='lat' dir='ltr'>terminationis</span> <span class='ocrx_word' id='word_1_8' title='bbox 966 273 1254 315; x_wconf 87' lang='lat' dir='ltr'>convenientia</span> <span class='ocrx_word' id='word_1_9' title='bbox 1300 277 1448 327; x_wconf 88' lang='lat' dir='ltr'>postea</span> <span class='ocrx_word' id='word_1_10' title='bbox 1489 274 1658 317; x_wconf 69' lang='lat' dir='ltr'>dictu-1</span> 
     </span>
     <span class='ocr_line' id='line_1_3' title="bbox 146 357 348 389; baseline -0.02 0"><span class='ocrx_word' id='word_1_11' title='bbox 146 359 217 389; x_wconf 89' lang='lat' dir='ltr'>rus</span> <span class='ocrx_word' id='word_1_12' title='bbox 245 357 348 388; x_wconf 91' lang='lat' dir='ltr'>sum.</span> 
     </span>
    </p>

    <p class='ocr_par' dir='ltr' id='par_1_3' title="bbox 142 405 1635 2044">
     <span class='ocr_line' id='line_1_4' title="bbox 259 405 1624 460; baseline -0.004 -7"><span class='ocrx_word' id='word_1_13' title='bbox 259 417 299 460; x_wconf 60' lang='grc' dir='ltr'>ς.</span> <span class='ocrx_word' id='word_1_14' title='bbox 338 410 375 453; x_wconf 87' lang='grc'>6.</span> <span class='ocrx_word' id='word_1_15' title='bbox 438 408 565 460; x_wconf 87' lang='lat' dir='ltr'>Urget</span> <span class='ocrx_word' id='word_1_16' title='bbox 603 408 707 448; x_wconf 88' lang='lat' dir='ltr'>enim</span> <span class='ocrx_word' id='word_1_17' title='bbox 747 407 951 459; x_wconf 78' lang='lat' dir='ltr'>antiquior</span> <span class='ocrx_word' id='word_1_18' title='bbox 989 406 1179 458; x_wconf 80' lang='lat' dir='ltr'>quaestio</span> <span class='ocrx_word' id='word_1_19' title='bbox 1225 410 1262 447; x_wconf 89' lang='lat' dir='ltr'>et</span> <span class='ocrx_word' id='word_1_20' title='bbox 1297 405 1535 459; x_wconf 79' lang='lat' dir='ltr'>perplexior</span> <span class='ocrx_word' id='word_1_21' title='bbox 1573 406 1624 448; x_wconf 91' lang='lat' dir='ltr'>de</span> 
     </span>
     <span class='ocr_line' id='line_1_5' title="bbox 150 472 1622 531; baseline -0.005 -11"><span class='ocrx_word' id='word_1_22' title='bbox 150 478 286 531; x_wconf 90' lang='lat' dir='ltr'>ellipsi</span> <span class='ocrx_word' id='word_1_23' title='bbox 332 475 534 518; x_wconf 77' lang='lat' dir='ltr'>vocalium</span> <span class='ocrx_word' id='word_1_24' title='bbox 575 472 601 513; x_wconf 72' lang='grc' dir='ltr'><em>ἆ</em></span> <span class='ocrx_word' id='word_1_25' title='bbox 632 477 671 514; x_wconf 92' lang='lat' dir='ltr'>et</span> <span class='ocrx_word' id='word_1_26' title='bbox 701 474 739 524; x_wconf 86' lang='grc' dir='ltr'>ὅ,</span> <span class='ocrx_word' id='word_1_27' title='bbox 772 475 835 513; x_wconf 90' lang='lat' dir='ltr'>cui</span> <span class='ocrx_word' id='word_1_28' title='bbox 875 472 1064 514; x_wconf 85' lang='lat' dir='ltr'>Meinekii</span> <span class='ocrx_word' id='word_1_29' title='bbox 1096 472 1221 512; x_wconf 89' lang='lat' dir='ltr'>verba</span> <span class='ocrx_word' id='word_1_30' title='bbox 1262 472 1483 524; x_wconf 85' lang='lat' dir='ltr'>praesabor</span> <span class='ocrx_word' id='word_1_31' title='bbox 1518 472 1622 513; x_wconf 84' lang='lat' dir='ltr'>Hist.</span> 
     </span>
     <span class='ocr_line' id='line_1_6' title="bbox 152 533 1627 596; baseline -0.005 -9"><span class='ocrx_word' id='word_1_32' title='bbox 152 545 263 587; x_wconf 90' lang='lat' dir='ltr'>Com.</span> <span class='ocrx_word' id='word_1_33' title='bbox 297 555 335 596; x_wconf 90' lang='lat' dir='ltr'>p.</span> <span class='ocrx_word' id='word_1_34' title='bbox 363 542 456 584; x_wconf 74' lang='lat'><strong>404.</strong></span> <span class='ocrx_word' id='word_1_35' title='bbox 486 536 879 594; x_wconf 62' lang='lat' dir='ltr'>„fortasse’lAuqug</span> <span class='ocrx_word' id='word_1_36' title='bbox 910 541 950 580; x_wconf 76' lang='lat' dir='ltr'>et</span> <span class='ocrx_word' id='word_1_37' title='bbox 974 533 1149 590; x_wconf 78' lang='grc' dir='ltr'><strong><em>Ἀμφίας</em></strong></span> <span class='ocrx_word' id='word_1_38' title='bbox 1186 549 1272 579; x_wconf 77' lang='lat' dir='ltr'>non</span> <span class='ocrx_word' id='word_1_39' title='bbox 1308 539 1392 579; x_wconf 75' lang='lat' dir='ltr'>nisi</span> <span class='ocrx_word' id='word_1_40' title='bbox 1431 538 1627 580; x_wconf 74' lang='lat' dir='ltr'>diversae</span> 
     </span>
     <span class='ocr_line' id='line_1_7' title="bbox 159 599 1629 661; baseline -0.005 -9"><span class='ocrx_word' id='word_1_41' title='bbox 159 610 350 661; x_wconf 78' lang='lat' dir='ltr'>ejusdem</span> <span class='ocrx_word' id='word_1_42' title='bbox 397 609 579 649; x_wconf 74' lang='lat' dir='ltr'>nominis</span> <span class='ocrx_word' id='word_1_43' title='bbox 613 606 784 659; x_wconf 75' lang='lat' dir='ltr'>forneae</span> <span class='ocrx_word' id='word_1_44' title='bbox 831 607 944 645; x_wconf 70' lang='lat' dir='ltr'>smel.</span> <span class='ocrx_word' id='word_1_45' title='bbox 1010 604 1078 644; x_wconf 81' lang='lat' dir='ltr'>Ita</span> <span class='ocrx_word' id='word_1_46' title='bbox 1118 599 1281 650; x_wconf 81' lang='grc' dir='ltr'><strong><em>Ἐλπίας</em></strong></span> <span class='ocrx_word' id='word_1_47' title='bbox 1321 603 1542 645; x_wconf 73' lang='lat' dir='ltr'>{licebatur</span> <span class='ocrx_word' id='word_1_48' title='bbox 1589 606 1629 645; x_wconf 78' lang='lat' dir='ltr'>et</span> 
     </span>
     <span class='ocr_line' id='line_1_8' title="bbox 142 666 1629 727; baseline -0.005 -10"><span class='ocrx_word' id='word_1_49' title='bbox 142 672 308 727; x_wconf 78' lang='grc' dir='ltr'><strong><em>”Ελπις,</em></strong></span> <span class='ocrx_word' id='word_1_50' title='bbox 338 673 534 721; x_wconf 67' lang='lat' dir='ltr'>Mavvtag</span> <span class='ocrx_word' id='word_1_51' title='bbox 565 675 605 714; x_wconf 75' lang='lat' dir='ltr'>et</span> <span class='ocrx_word' id='word_1_52' title='bbox 634 668 812 721; x_wconf 78' lang='grc' dir='ltr'><em>Μάντις,</em></span> <span class='ocrx_word' id='word_1_53' title='bbox 843 671 975 717; x_wconf 83' lang='grc' dir='ltr'><strong><em>Λῦσις</em></strong></span> <span class='ocrx_word' id='word_1_54' title='bbox 1005 671 1045 710; x_wconf 81' lang='lat' dir='ltr'>et</span> <span class='ocrx_word' id='word_1_55' title='bbox 1073 668 1244 719; x_wconf 80' lang='grc' dir='ltr'><strong><em>Λυσίας,</em></strong></span> <span class='ocrx_word' id='word_1_56' title='bbox 1282 666 1418 717; x_wconf 76' lang='grc' dir='ltr'><strong><em>Τέλλις</em></strong></span> <span class='ocrx_word' id='word_1_57' title='bbox 1449 672 1490 710; x_wconf 76' lang='lat' dir='ltr'>ec</span> <span class='ocrx_word' id='word_1_58' title='bbox 1525 671 1629 711; x_wconf 78' lang='grc' dir='ltr'><strong><em>Τελ-</em></strong></span> 
     </span>
     <span class='ocr_line' id='line_1_9' title="bbox 153 731 1630 790; baseline -0.005 -6"><span class='ocrx_word' id='word_1_59' title='bbox 153 744 241 790; x_wconf 78' lang='grc' dir='ltr'><strong><em>λίας</em></strong></span> <span class='ocrx_word' id='word_1_60' title='bbox 272 744 312 783; x_wconf 82' lang='lat' dir='ltr'>et</span> <span class='ocrx_word' id='word_1_61' title='bbox 342 741 475 782; x_wconf 75' lang='lat' dir='ltr'>alta.“</span> <span class='ocrx_word' id='word_1_62' title='bbox 531 738 646 780; x_wconf 85' lang='lat' dir='ltr'>Haud</span> <span class='ocrx_word' id='word_1_63' title='bbox 678 748 800 778; x_wconf 86' lang='lat' dir='ltr'>secus</span> <span class='ocrx_word' id='word_1_64' title='bbox 831 733 996 782; x_wconf 79' lang='grc' dir='ltr'><strong><em>Μάντις</em></strong></span> <span class='ocrx_word' id='word_1_65' title='bbox 1025 738 1064 775; x_wconf 87' lang='lat' dir='ltr'>et</span> <span class='ocrx_word' id='word_1_66' title='bbox 1093 731 1295 782; x_wconf 82' lang='grc' dir='ltr'><strong><em>Μάντιος.</em></strong></span> <span class='ocrx_word' id='word_1_67' title='bbox 1353 736 1396 776; x_wconf 91' lang='lat' dir='ltr'>In</span> <span class='ocrx_word' id='word_1_68' title='bbox 1434 736 1514 777; x_wconf 89' lang='lat' dir='ltr'>hoc</span> <span class='ocrx_word' id='word_1_69' title='bbox 1552 747 1630 777; x_wconf 90' lang='lat' dir='ltr'>au-</span> 
     </span>
     <span class='ocr_line' id='line_1_10' title="bbox 155 800 1630 860; baseline -0.005 -10"><span class='ocrx_word' id='word_1_70' title='bbox 155 814 235 850; x_wconf 86' lang='lat' dir='ltr'>tem</span> <span class='ocrx_word' id='word_1_71' title='bbox 274 808 428 860; x_wconf 88' lang='lat' dir='ltr'>primus</span> <span class='ocrx_word' id='word_1_72' title='bbox 468 803 838 845; x_wconf 78' lang='lat' dir='ltr'>considerationem</span> <span class='ocrx_word' id='word_1_73' title='bbox 867 800 1040 842; x_wconf 76' lang='lat' dir='ltr'>intendit</span> <span class='ocrx_word' id='word_1_74' title='bbox 1071 800 1298 841; x_wconf 81' lang='lat' dir='ltr'>Salmasius</span> <span class='ocrx_word' id='word_1_75' title='bbox 1327 800 1395 841; x_wconf 93' lang='lat' dir='ltr'>ille</span> <span class='ocrx_word' id='word_1_76' title='bbox 1426 801 1630 842; x_wconf 86' lang='lat' dir='ltr'>curiosis-</span> 
     </span>
     <span class='ocr_line' id='line_1_11' title="bbox 157 865 1631 923; baseline -0.005 -8"><span class='ocrx_word' id='word_1_77' title='bbox 157 876 283 917; x_wconf 86' lang='lat' dir='ltr'>simus</span> <span class='ocrx_word' id='word_1_78' title='bbox 315 871 570 923; x_wconf 79' lang='lat' dir='ltr'>antiquitatis</span> <span class='ocrx_word' id='word_1_79' title='bbox 603 868 859 921; x_wconf 80' lang='lat' dir='ltr'>speculator,</span> <span class='ocrx_word' id='word_1_80' title='bbox 903 867 971 918; x_wconf 91' lang='lat' dir='ltr'>qui</span> <span class='ocrx_word' id='word_1_81' title='bbox 1008 866 1049 905; x_wconf 90' lang='lat' dir='ltr'>in</span> <span class='ocrx_word' id='word_1_82' title='bbox 1079 865 1274 906; x_wconf 86' lang='lat' dir='ltr'>Plinianis</span> <span class='ocrx_word' id='word_1_83' title='bbox 1305 877 1343 918; x_wconf 89' lang='lat' dir='ltr'>p.</span> <span class='ocrx_word' id='word_1_84' title='bbox 1374 865 1465 908; x_wconf 85' lang='grc'><strong>618.</strong></span> <span class='ocrx_word' id='word_1_85' title='bbox 1497 867 1541 907; x_wconf 92' lang='grc' dir='ltr'>Β.</span> <span class='ocrx_word' id='word_1_86' title='bbox 1570 867 1631 907; x_wconf 85' lang='lat' dir='ltr'>ita</span> 
     </span>
     <span class='ocr_line' id='line_1_12' title="bbox 161 928 1633 989; baseline -0.005 -9"><span class='ocrx_word' id='word_1_87' title='bbox 161 939 348 981; x_wconf 86' lang='lat' dir='ltr'>disserit:</span> <span class='ocrx_word' id='word_1_88' title='bbox 380 933 628 989; x_wconf 73' lang='grc' dir='ltr'>Σαγγάριος,</span> <span class='ocrx_word' id='word_1_89' title='bbox 658 934 801 986; x_wconf 84' lang='lat' dir='ltr'>inquit,</span> <span class='ocrx_word' id='word_1_90' title='bbox 833 935 873 973; x_wconf 83' lang='lat' dir='ltr'>et</span> <span class='ocrx_word' id='word_1_91' title='bbox 912 928 1098 984; x_wconf 79' lang='grc' dir='ltr'><strong><em>Σάγαρις</em></strong></span> <span class='ocrx_word' id='word_1_92' title='bbox 1137 931 1246 971; x_wconf 75' lang='lat' dir='ltr'>idem</span> <span class='ocrx_word' id='word_1_93' title='bbox 1287 934 1351 972; x_wconf 79' lang='lat' dir='ltr'>est</span> <span class='ocrx_word' id='word_1_94' title='bbox 1392 943 1545 974; x_wconf 80' lang='lat' dir='ltr'>nomen</span> <span class='ocrx_word' id='word_1_95' title='bbox 1583 934 1633 973; x_wconf 79' lang='lat' dir='ltr'>ut</span> 
     </span>
     <span class='ocr_line' id='line_1_13' title="bbox 158 995 1628 1053; baseline -0.005 -7"><span class='ocrx_word' id='word_1_96' title='bbox 158 1002 342 1051; x_wconf 76' lang='grc' dir='ltr'><strong><em>Λούκιος</em></strong></span> <span class='ocrx_word' id='word_1_97' title='bbox 379 1003 556 1052; x_wconf 79' lang='grc' dir='ltr'><strong><em>Λοῦκις,</em></strong></span> <span class='ocrx_word' id='word_1_98' title='bbox 596 997 757 1052; x_wconf 78' lang='grc' dir='ltr'><strong><em>Κύριος</em></strong></span> <span class='ocrx_word' id='word_1_99' title='bbox 788 995 931 1049; x_wconf 81' lang='grc' dir='ltr'><strong><em>Κύρις.</em></strong></span> <span class='ocrx_word' id='word_1_100' title='bbox 992 997 1138 1038; x_wconf 79' lang='lat' dir='ltr'>Testes</span> <span class='ocrx_word' id='word_1_101' title='bbox 1168 996 1236 1036; x_wconf 86' lang='lat' dir='ltr'>ille</span> <span class='ocrx_word' id='word_1_102' title='bbox 1267 997 1445 1049; x_wconf 84' lang='lat' dir='ltr'>appellat</span> <span class='ocrx_word' id='word_1_103' title='bbox 1476 998 1628 1053; x_wconf 83' lang='lat' dir='ltr'>nullos,</span> 
     </span>
     <span class='ocr_line' id='line_1_14' title="bbox 160 1063 1630 1117; baseline -0.005 -5"><span class='ocrx_word' id='word_1_104' title='bbox 160 1071 233 1113; x_wconf 90' lang='lat' dir='ltr'>sed</span> <span class='ocrx_word' id='word_1_105' title='bbox 273 1070 435 1110; x_wconf 90' lang='lat' dir='ltr'>dubium</span> <span class='ocrx_word' id='word_1_106' title='bbox 474 1079 559 1109; x_wconf 89' lang='lat' dir='ltr'>non</span> <span class='ocrx_word' id='word_1_107' title='bbox 607 1070 670 1107; x_wconf 86' lang='lat' dir='ltr'>est</span> <span class='ocrx_word' id='word_1_108' title='bbox 701 1066 797 1117; x_wconf 93' lang='lat' dir='ltr'>quin</span> <span class='ocrx_word' id='word_1_109' title='bbox 835 1064 1017 1104; x_wconf 87' lang='lat' dir='ltr'>ultimum</span> <span class='ocrx_word' id='word_1_110' title='bbox 1066 1074 1116 1103; x_wconf 81' lang='lat' dir='ltr'>ex</span> <span class='ocrx_word' id='word_1_111' title='bbox 1144 1063 1396 1114; x_wconf 87' lang='lat' dir='ltr'>Anthologia</span> <span class='ocrx_word' id='word_1_112' title='bbox 1425 1065 1630 1117; x_wconf 88' lang='lat' dir='ltr'>sumserit,</span> 
     </span>
     <span class='ocr_line' id='line_1_15' title="bbox 159 1127 1632 1185; baseline -0.006 -7"><span class='ocrx_word' id='word_1_113' title='bbox 159 1138 228 1178; x_wconf 93' lang='lat' dir='ltr'>ubi</span> <span class='ocrx_word' id='word_1_114' title='bbox 266 1135 372 1176; x_wconf 91' lang='lat' dir='ltr'>idem</span> <span class='ocrx_word' id='word_1_115' title='bbox 411 1135 533 1175; x_wconf 90' lang='lat' dir='ltr'>homo</span> <span class='ocrx_word' id='word_1_116' title='bbox 572 1132 700 1174; x_wconf 89' lang='lat' dir='ltr'>semel</span> <span class='ocrx_word' id='word_1_117' title='bbox 744 1127 904 1184; x_wconf 86' lang='grc' dir='ltr'><strong><em>Κύριος</em></strong></span> <span class='ocrx_word' id='word_1_118' title='bbox 941 1132 1113 1170; x_wconf 86' lang='lat' dir='ltr'>vocatur</span> <span class='ocrx_word' id='word_1_119' title='bbox 1148 1129 1232 1169; x_wconf 87' lang='lat' dir='ltr'>XII.</span> <span class='ocrx_word' id='word_1_120' title='bbox 1264 1128 1356 1170; x_wconf 86' lang='lat'><strong>215.</strong></span> <span class='ocrx_word' id='word_1_121' title='bbox 1398 1129 1462 1171; x_wconf 90' lang='lat' dir='ltr'>bis</span> <span class='ocrx_word' id='word_1_122' title='bbox 1497 1130 1632 1185; x_wconf 84' lang='grc' dir='ltr'><strong><em>Κῦρις</em></strong></span> 
     </span>
     <span class='ocr_line' id='line_1_16' title="bbox 158 1194 1631 1251; baseline -0.005 -6"><span class='ocrx_word' id='word_1_123' title='bbox 158 1215 196 1245; x_wconf 92' lang='lat' dir='ltr'>n.</span> <span class='ocrx_word' id='word_1_124' title='bbox 237 1202 329 1244; x_wconf 83' lang='grc'>206.</span> <span class='ocrx_word' id='word_1_125' title='bbox 361 1205 400 1242; x_wconf 90' lang='lat' dir='ltr'>et</span> <span class='ocrx_word' id='word_1_126' title='bbox 430 1200 522 1242; x_wconf 85' lang='lat'><strong>213.</strong></span> <span class='ocrx_word' id='word_1_127' title='bbox 564 1197 673 1251; x_wconf 89' lang='lat' dir='ltr'>quod</span> <span class='ocrx_word' id='word_1_128' title='bbox 712 1208 860 1237; x_wconf 88' lang='lat' dir='ltr'>nomen</span> <span class='ocrx_word' id='word_1_129' title='bbox 899 1197 941 1236; x_wconf 90' lang='lat' dir='ltr'>in</span> <span class='ocrx_word' id='word_1_130' title='bbox 981 1194 1071 1236; x_wconf 89' lang='lat' dir='ltr'>cod.</span> <span class='ocrx_word' id='word_1_131' title='bbox 1112 1198 1403 1246; x_wconf 79' lang='lat' dir='ltr'>paroxytonon</span> <span class='ocrx_word' id='word_1_132' title='bbox 1441 1206 1557 1250; x_wconf 89' lang='lat' dir='ltr'>esse,</span> <span class='ocrx_word' id='word_1_133' title='bbox 1587 1200 1631 1237; x_wconf 83' lang='lat' dir='ltr'>ut</span> 
     </span>
     <span class='ocr_line' id='line_1_17' title="bbox 156 1260 1631 1319; baseline -0.005 -10"><span class='ocrx_word' id='word_1_134' title='bbox 156 1269 226 1310; x_wconf 90' lang='lat' dir='ltr'>ille</span> <span class='ocrx_word' id='word_1_135' title='bbox 266 1267 452 1319; x_wconf 84' lang='lat' dir='ltr'>scripsit,</span> <span class='ocrx_word' id='word_1_136' title='bbox 496 1269 667 1306; x_wconf 87' lang='lat' dir='ltr'>testatur</span> <span class='ocrx_word' id='word_1_137' title='bbox 703 1263 948 1303; x_wconf 89' lang='lat' dir='ltr'>Paullsenus</span> <span class='ocrx_word' id='word_1_138' title='bbox 985 1261 1027 1301; x_wconf 91' lang='lat' dir='ltr'>in</span> <span class='ocrx_word' id='word_1_139' title='bbox 1066 1260 1210 1302; x_wconf 89' lang='lat' dir='ltr'>Collat.</span> <span class='ocrx_word' id='word_1_140' title='bbox 1249 1273 1286 1313; x_wconf 91' lang='lat' dir='ltr'>p.</span> <span class='ocrx_word' id='word_1_141' title='bbox 1326 1260 1389 1302; x_wconf 78' lang='lat'><strong>76.</strong></span> <span class='ocrx_word' id='word_1_142' title='bbox 1446 1261 1631 1302; x_wconf 87' lang='lat' dir='ltr'>Alterum</span> 
     </span>
     <span class='ocr_line' id='line_1_18' title="bbox 159 1323 1629 1389; baseline -0.004 -14"><span class='ocrx_word' id='word_1_143' title='bbox 159 1334 347 1389; x_wconf 89' lang='lat' dir='ltr'>praebuit</span> <span class='ocrx_word' id='word_1_144' title='bbox 376 1332 569 1373; x_wconf 88' lang='lat' dir='ltr'>Lucianei</span> <span class='ocrx_word' id='word_1_145' title='bbox 599 1329 725 1370; x_wconf 86' lang='lat' dir='ltr'>libelli</span> <span class='ocrx_word' id='word_1_146' title='bbox 754 1328 968 1380; x_wconf 90' lang='lat' dir='ltr'>inscriptio</span> <span class='ocrx_word' id='word_1_147' title='bbox 1001 1326 1151 1377; x_wconf 82' lang='lat' dir='ltr'>duplex</span> <span class='ocrx_word' id='word_1_148' title='bbox 1179 1323 1363 1373; x_wconf 85' lang='grc' dir='ltr'><strong><em>Λούκιος</em></strong></span> <span class='ocrx_word' id='word_1_149' title='bbox 1393 1330 1433 1368; x_wconf 87' lang='lat' dir='ltr'>et</span> <span class='ocrx_word' id='word_1_150' title='bbox 1461 1328 1629 1375; x_wconf 85' lang='grc' dir='ltr'><strong><em>Λοῦκις.</em></strong></span> 
     </span>
     <span class='ocr_line' id='line_1_19' title="bbox 159 1392 1633 1451; baseline -0.005 -10"><span class='ocrx_word' id='word_1_151' title='bbox 159 1401 356 1451; x_wconf 88' lang='lat' dir='ltr'>Utrinque</span> <span class='ocrx_word' id='word_1_152' title='bbox 397 1398 525 1438; x_wconf 84' lang='lat' dir='ltr'>differt</span> <span class='ocrx_word' id='word_1_153' title='bbox 564 1395 671 1436; x_wconf 78' lang='lat' dir='ltr'>fluvii</span> <span class='ocrx_word' id='word_1_154' title='bbox 708 1393 885 1444; x_wconf 77' lang='lat' dir='ltr'>Bithynii</span> <span class='ocrx_word' id='word_1_155' title='bbox 924 1402 1095 1444; x_wconf 83' lang='lat' dir='ltr'>nomen,</span> <span class='ocrx_word' id='word_1_156' title='bbox 1138 1403 1256 1444; x_wconf 90' lang='lat' dir='ltr'>quem</span> <span class='ocrx_word' id='word_1_157' title='bbox 1293 1392 1415 1433; x_wconf 91' lang='lat' dir='ltr'>modo</span> <span class='ocrx_word' id='word_1_158' title='bbox 1458 1394 1633 1445; x_wconf 87' lang='lat' dir='ltr'>Sagarin</span> 
     </span>
     <span class='ocr_line' id='line_1_20' title="bbox 157 1457 1631 1515; baseline -0.006 -7"><span class='ocrx_word' id='word_1_159' title='bbox 157 1465 280 1509; x_wconf 90' lang='lat' dir='ltr'>modo</span> <span class='ocrx_word' id='word_1_160' title='bbox 314 1464 555 1515; x_wconf 80' lang='lat' dir='ltr'>Sangarium</span> <span class='ocrx_word' id='word_1_161' title='bbox 584 1460 724 1502; x_wconf 86' lang='lat' dir='ltr'>vocari</span> <span class='ocrx_word' id='word_1_162' title='bbox 747 1459 930 1511; x_wconf 89' lang='lat' dir='ltr'>pluribus</span> <span class='ocrx_word' id='word_1_163' title='bbox 963 1457 1143 1498; x_wconf 86' lang='lat' dir='ltr'>ostendit</span> <span class='ocrx_word' id='word_1_164' title='bbox 1164 1458 1436 1499; x_wconf 73' lang='lat' dir='ltr'>Chilnieadius</span> <span class='ocrx_word' id='word_1_165' title='bbox 1465 1459 1515 1500; x_wconf 84' lang='lat' dir='ltr'>ad</span> <span class='ocrx_word' id='word_1_166' title='bbox 1538 1460 1631 1500; x_wconf 88' lang='lat' dir='ltr'>Ma·-</span> 
     </span>
     <span class='ocr_line' id='line_1_21' title="bbox 160 1523 1631 1579; baseline -0.005 -6"><span class='ocrx_word' id='word_1_167' title='bbox 160 1532 226 1573; x_wconf 87' lang='lat' dir='ltr'>lal.</span> <span class='ocrx_word' id='word_1_168' title='bbox 265 1531 348 1571; x_wconf 91' lang='lat' dir='ltr'>XII.</span> <span class='ocrx_word' id='word_1_169' title='bbox 389 1529 481 1570; x_wconf 75' lang='lat'><strong>380.</strong></span> <span class='ocrx_word' id='word_1_170' title='bbox 522 1529 566 1569; x_wconf 91' lang='lat' dir='ltr'>D.</span> <span class='ocrx_word' id='word_1_171' title='bbox 599 1528 655 1579; x_wconf 92' lang='lat' dir='ltr'>(p.</span> <span class='ocrx_word' id='word_1_172' title='bbox 686 1525 778 1566; x_wconf 76' lang='lat'><strong>585.</strong></span> <span class='ocrx_word' id='word_1_173' title='bbox 811 1523 870 1564; x_wconf 89' lang='lat' dir='ltr'>ed.</span> <span class='ocrx_word' id='word_1_174' title='bbox 907 1523 1039 1575; x_wconf 88' lang='lat' dir='ltr'>Lips.)</span> <span class='ocrx_word' id='word_1_175' title='bbox 1088 1524 1227 1564; x_wconf 81' lang='lat' dir='ltr'>Differt</span> <span class='ocrx_word' id='word_1_176' title='bbox 1266 1528 1401 1564; x_wconf 91' lang='lat' dir='ltr'>autem</span> <span class='ocrx_word' id='word_1_177' title='bbox 1440 1535 1489 1565; x_wconf 93' lang='lat' dir='ltr'>eo</span> <span class='ocrx_word' id='word_1_178' title='bbox 1521 1524 1631 1577; x_wconf 88' lang='lat' dir='ltr'>quod</span> 
     </span>
     <span class='ocr_line' id='line_1_22' title="bbox 161 1588 1632 1648; baseline -0.006 -9"><span class='ocrx_word' id='word_1_179' title='bbox 161 1597 383 1648; x_wconf 80' lang='lat' dir='ltr'>Sangarius</span> <span class='ocrx_word' id='word_1_180' title='bbox 423 1603 657 1646; x_wconf 85' lang='lat' dir='ltr'>paragogae</span> <span class='ocrx_word' id='word_1_181' title='bbox 696 1590 876 1642; x_wconf 85' lang='lat' dir='ltr'>speciem</span> <span class='ocrx_word' id='word_1_182' title='bbox 916 1588 1038 1628; x_wconf 88' lang='lat' dir='ltr'>habet</span> <span class='ocrx_word' id='word_1_183' title='bbox 1069 1589 1134 1628; x_wconf 90' lang='lat' dir='ltr'>vel</span> <span class='ocrx_word' id='word_1_184' title='bbox 1164 1589 1367 1642; x_wconf 84' lang='lat' dir='ltr'>formalis,</span> <span class='ocrx_word' id='word_1_185' title='bbox 1399 1600 1479 1641; x_wconf 84' lang='lat' dir='ltr'>qua</span> <span class='ocrx_word' id='word_1_186' title='bbox 1506 1590 1632 1630; x_wconf 90' lang='lat' dir='ltr'>intel-</span> 
     </span>
     <span class='ocr_line' id='line_1_23' title="bbox 159 1650 1633 1709; baseline -0.005 -5"><span class='ocrx_word' id='word_1_187' title='bbox 159 1664 292 1704; x_wconf 89' lang='lat' dir='ltr'>lectus</span> <span class='ocrx_word' id='word_1_188' title='bbox 322 1671 405 1701; x_wconf 90' lang='lat' dir='ltr'>non</span> <span class='ocrx_word' id='word_1_189' title='bbox 434 1663 611 1700; x_wconf 86' lang='lat' dir='ltr'>mutatur</span> <span class='ocrx_word' id='word_1_190' title='bbox 641 1660 684 1697; x_wconf 90' lang='lat' dir='ltr'>ut</span> <span class='ocrx_word' id='word_1_191' title='bbox 713 1652 934 1703; x_wconf 70' lang='grc' dir='ltr'><strong><em>Αἰτώλιος,</em></strong></span> <span class='ocrx_word' id='word_1_192' title='bbox 973 1650 1145 1707; x_wconf 86' lang='grc' dir='ltr'><strong><em>κάπριος</em></strong></span> <span class='ocrx_word' id='word_1_193' title='bbox 1184 1659 1260 1696; x_wconf 89' lang='lat' dir='ltr'>etc.</span> <span class='ocrx_word' id='word_1_194' title='bbox 1299 1654 1364 1695; x_wconf 88' lang='lat' dir='ltr'>vel</span> <span class='ocrx_word' id='word_1_195' title='bbox 1404 1657 1514 1709; x_wconf 87' lang='lat' dir='ltr'>ejus,</span> <span class='ocrx_word' id='word_1_196' title='bbox 1553 1667 1633 1708; x_wconf 87' lang='lat' dir='ltr'>qua</span> 
     </span>
     <span class='ocr_line' id='line_1_24' title="bbox 162 1720 1634 1773; baseline -0.005 -3"><span class='ocrx_word' id='word_1_197' title='bbox 162 1741 185 1771; x_wconf 87' lang='lat' dir='ltr'>a</span> <span class='ocrx_word' id='word_1_198' title='bbox 224 1727 494 1770; x_wconf 83' lang='lat' dir='ltr'>substantivis</span> <span class='ocrx_word' id='word_1_199' title='bbox 537 1723 772 1764; x_wconf 84' lang='lat' dir='ltr'>derivantur</span> <span class='ocrx_word' id='word_1_200' title='bbox 811 1720 1032 1773; x_wconf 78' lang='lat' dir='ltr'>adjectiva,</span> <span class='ocrx_word' id='word_1_201' title='bbox 1063 1724 1106 1760; x_wconf 91' lang='lat' dir='ltr'>ut</span> <span class='ocrx_word' id='word_1_202' title='bbox 1136 1721 1373 1772; x_wconf 79' lang='lat' dir='ltr'>Hypaneius</span> <span class='ocrx_word' id='word_1_203' title='bbox 1403 1722 1533 1763; x_wconf 89' lang='lat' dir='ltr'>amnis</span> <span class='ocrx_word' id='word_1_204' title='bbox 1561 1722 1634 1763; x_wconf 91' lang='lat' dir='ltr'>Li-</span> 
     </span>
     <span class='ocr_line' id='line_1_25' title="bbox 164 1785 1635 1841; baseline -0.004 -5"><span class='ocrx_word' id='word_1_205' title='bbox 164 1800 265 1836; x_wconf 88' lang='lat' dir='ltr'>cent.</span> <span class='ocrx_word' id='word_1_206' title='bbox 297 1794 426 1834; x_wconf 87' lang='lat' dir='ltr'>Carin.</span> <span class='ocrx_word' id='word_1_207' title='bbox 458 1790 508 1832; x_wconf 90' lang='lat' dir='ltr'>ad</span> <span class='ocrx_word' id='word_1_208' title='bbox 537 1791 709 1841; x_wconf 84' lang='lat' dir='ltr'>August.</span> <span class='ocrx_word' id='word_1_209' title='bbox 739 1801 774 1829; x_wconf 90' lang='lat' dir='ltr'><strong>v.</strong></span> <span class='ocrx_word' id='word_1_210' title='bbox 805 1787 869 1829; x_wconf 83' lang='grc'>62.</span> <span class='ocrx_word' id='word_1_211' title='bbox 904 1787 945 1828; x_wconf 92' lang='grc' dir='ltr'>Τ.</span> <span class='ocrx_word' id='word_1_212' title='bbox 974 1785 1037 1826; x_wconf 88' lang='lat' dir='ltr'><strong>IV.</strong></span> <span class='ocrx_word' id='word_1_213' title='bbox 1067 1785 1108 1827; x_wconf 94' lang='lat' dir='ltr'>P.</span> <span class='ocrx_word' id='word_1_214' title='bbox 1137 1786 1183 1827; x_wconf 90' lang='lat' dir='ltr'>Il.</span> <span class='ocrx_word' id='word_1_215' title='bbox 1214 1786 1344 1828; x_wconf 88' lang='lat' dir='ltr'>Poett.</span> <span class='ocrx_word' id='word_1_216' title='bbox 1374 1787 1467 1828; x_wconf 88' lang='lat' dir='ltr'>Min.</span> <span class='ocrx_word' id='word_1_217' title='bbox 1500 1791 1539 1829; x_wconf 86' lang='lat' dir='ltr'>et</span> <span class='ocrx_word' id='word_1_218' title='bbox 1562 1789 1635 1830; x_wconf 91' lang='lat' dir='ltr'>Ti-</span> 
     </span>
     <span class='ocr_line' id='line_1_26' title="bbox 160 1854 1634 1910; baseline -0.004 -9"><span class='ocrx_word' id='word_1_219' title='bbox 160 1861 328 1902; x_wconf 90' lang='lat' dir='ltr'>berinus</span> <span class='ocrx_word' id='word_1_220' title='bbox 370 1858 526 1910; x_wconf 76' lang='lat' dir='ltr'>Virg.²5</span> <span class='ocrx_word' id='word_1_221' title='bbox 566 1865 785 1906; x_wconf 87' lang='lat' dir='ltr'>earumque</span> <span class='ocrx_word' id='word_1_222' title='bbox 819 1854 1021 1894; x_wconf 87' lang='lat' dir='ltr'>rationum</span> <span class='ocrx_word' id='word_1_223' title='bbox 1058 1856 1230 1904; x_wconf 86' lang='lat' dir='ltr'>utraque</span> <span class='ocrx_word' id='word_1_224' title='bbox 1269 1854 1459 1894; x_wconf 87' lang='lat' dir='ltr'>convenit</span> <span class='ocrx_word' id='word_1_225' title='bbox 1496 1855 1634 1895; x_wconf 91' lang='lat' dir='ltr'>nomi-</span> 
     </span>
     <span class='ocr_line' id='line_1_27' title="bbox 162 1918 1632 1976; baseline -0.004 -9"><span class='ocrx_word' id='word_1_226' title='bbox 162 1927 282 1967; x_wconf 91' lang='lat' dir='ltr'>nibus</span> <span class='ocrx_word' id='word_1_227' title='bbox 313 1921 549 1976; x_wconf 81' lang='grc' dir='ltr'><strong><em>Καΰστριος</em></strong></span> <span class='ocrx_word' id='word_1_228' title='bbox 579 1926 618 1963; x_wconf 86' lang='lat' dir='ltr'>et</span> <span class='ocrx_word' id='word_1_229' title='bbox 655 1918 910 1973; x_wconf 79' lang='grc' dir='ltr'><strong><em>Τιταρήσιος,</em></strong></span> <span class='ocrx_word' id='word_1_230' title='bbox 941 1929 1045 1971; x_wconf 91' lang='lat' dir='ltr'>quae</span> <span class='ocrx_word' id='word_1_231' title='bbox 1077 1919 1111 1958; x_wconf 90' lang='lat' dir='ltr'>si</span> <span class='ocrx_word' id='word_1_232' title='bbox 1151 1918 1402 1970; x_wconf 88' lang='lat' dir='ltr'>antiquiores</span> <span class='ocrx_word' id='word_1_233' title='bbox 1442 1926 1632 1962; x_wconf 90' lang='lat' dir='ltr'>auctores</span> 
     </span>
     <span class='ocr_line' id='line_1_28' title="bbox 162 1984 1632 2044; baseline -0.004 -10"><span class='ocrx_word' id='word_1_234' title='bbox 162 1993 313 2034; x_wconf 88' lang='lat' dir='ltr'>habent</span> <span class='ocrx_word' id='word_1_235' title='bbox 344 2002 463 2044; x_wconf 89' lang='lat' dir='ltr'>quam</span> <span class='ocrx_word' id='word_1_236' title='bbox 494 1986 714 2040; x_wconf 80' lang='grc' dir='ltr'><strong><em>Κάϋστρος</em></strong></span> <span class='ocrx_word' id='word_1_237' title='bbox 756 1990 796 2027; x_wconf 87' lang='lat' dir='ltr'>et</span> <span class='ocrx_word' id='word_1_238' title='bbox 828 1986 1038 2026; x_wconf 86' lang='lat' dir='ltr'>Titaresus</span> <span class='ocrx_word' id='word_1_239' title='bbox 1071 1984 1216 2025; x_wconf 89' lang='lat' dir='ltr'>Senec.</span> <span class='ocrx_word' id='word_1_240' title='bbox 1251 1984 1396 2027; x_wconf 90' lang='lat' dir='ltr'>Troad.</span> <span class='ocrx_word' id='word_1_241' title='bbox 1425 1985 1518 2028; x_wconf 77' lang='lat'><strong>848.</strong></span> <span class='ocrx_word' id='word_1_242' title='bbox 1546 1987 1632 2027; x_wconf 91' lang='lat' dir='ltr'>Lu-</span> 
     </span>
    </p>
   </div>
   <div class='ocr_carea' id='block_1_3' title="bbox 164 2151 1631 2317">
    <p class='ocr_par' dir='ltr' id='par_1_4' title="bbox 164 2151 1631 2317">
     <span class='ocr_line' id='line_1_29' title="bbox 164 2151 1631 2198; baseline -0.005 -3"><span class='ocrx_word' id='word_1_243' title='bbox 164 2160 248 2194; x_wconf 81' lang='lat' dir='ltr'><strong>XVI.</strong></span> <span class='ocrx_word' id='word_1_244' title='bbox 286 2158 338 2194; x_wconf 84' lang='grc'>18.</span> <span class='ocrx_word' id='word_1_245' title='bbox 374 2156 545 2198; x_wconf 75' lang='grc' dir='ltr'>νησιώτης</span> <span class='ocrx_word' id='word_1_246' title='bbox 580 2155 661 2190; x_wconf 82' lang='lat' dir='ltr'>Eur.</span> <span class='ocrx_word' id='word_1_247' title='bbox 699 2153 804 2188; x_wconf 79' lang='lat' dir='ltr'>RheS.</span> <span class='ocrx_word' id='word_1_248' title='bbox 839 2153 918 2188; x_wconf 81' lang='grc'>701.</span> <span class='ocrx_word' id='word_1_249' title='bbox 952 2152 1088 2192; x_wconf 71' lang='grc' dir='ltr'><strong><em>οἷκὲῐης</em></strong></span> <span class='ocrx_word' id='word_1_250' title='bbox 1113 2152 1186 2186; x_wconf 93' lang='lat' dir='ltr'>Ion.</span> <span class='ocrx_word' id='word_1_251' title='bbox 1216 2151 1311 2187; x_wconf 79' lang='grc'><strong>1373.</strong></span> <span class='ocrx_word' id='word_1_252' title='bbox 1341 2152 1504 2192; x_wconf 75' lang='grc' dir='ltr'>σκηνίτης</span> <span class='ocrx_word' id='word_1_253' title='bbox 1527 2151 1631 2187; x_wconf 87' lang='lat' dir='ltr'>Diod.</span> 
     </span>
     <span class='ocr_line' id='line_1_30' title="bbox 166 2205 1629 2258; baseline -0.006 -7"><span class='ocrx_word' id='word_1_254' title='bbox 166 2217 210 2251; x_wconf 89' lang='lat' dir='ltr'><strong>II.</strong></span> <span class='ocrx_word' id='word_1_255' title='bbox 250 2214 305 2250; x_wconf 83' lang='lat'><strong>43.</strong></span> <span class='ocrx_word' id='word_1_256' title='bbox 337 2215 571 2258; x_wconf 73' lang='grc' dir='ltr'><strong><em>χειροτέχνης</em></strong></span> <span class='ocrx_word' id='word_1_257' title='bbox 604 2211 745 2252; x_wconf 76' lang='lat' dir='ltr'>Dionys.</span> <span class='ocrx_word' id='word_1_258' title='bbox 772 2208 862 2243; x_wconf 84' lang='lat' dir='ltr'>Antt.</span> <span class='ocrx_word' id='word_1_259' title='bbox 887 2207 942 2243; x_wconf 88' lang='lat' dir='ltr'><strong>IX.</strong></span> <span class='ocrx_word' id='word_1_260' title='bbox 965 2208 1020 2243; x_wconf 84' lang='lat'><strong>24.</strong></span> <span class='ocrx_word' id='word_1_261' title='bbox 1056 2205 1257 2250; x_wconf 74' lang='grc' dir='ltr'><strong><em>σχολαστής</em></strong></span> <span class='ocrx_word' id='word_1_262' title='bbox 1291 2206 1414 2250; x_wconf 75' lang='lat' dir='ltr'>Syrtes.</span> <span class='ocrx_word' id='word_1_263' title='bbox 1452 2206 1495 2242; x_wconf 82' lang='lat' dir='ltr'>de</span> <span class='ocrx_word' id='word_1_264' title='bbox 1521 2207 1629 2250; x_wconf 80' lang='lat' dir='ltr'>Regu.</span> 
     </span>
     <span class='ocr_line' id='line_1_31' title="bbox 165 2261 1631 2317; baseline -0.006 -13"><span class='ocrx_word' id='word_1_265' title='bbox 165 2282 197 2317; x_wconf 86' lang='lat' dir='ltr'>p.</span> <span class='ocrx_word' id='word_1_266' title='bbox 217 2272 250 2306; x_wconf 81' lang='grc'>7.</span> <span class='ocrx_word' id='word_1_267' title='bbox 272 2270 312 2304; x_wconf 94' lang='lat' dir='ltr'>D.</span> <span class='ocrx_word' id='word_1_268' title='bbox 333 2267 548 2314; x_wconf 71' lang='grc' dir='ltr'><strong><em>στρατιώτης</em></strong></span> <span class='ocrx_word' id='word_1_269' title='bbox 563 2270 598 2302; x_wconf 81' lang='lat' dir='ltr'>et</span> <span class='ocrx_word' id='word_1_270' title='bbox 616 2263 834 2309; x_wconf 66' lang='grc' dir='ltr'><strong><em>ἱεροφάντης</em></strong></span> <span class='ocrx_word' id='word_1_271' title='bbox 859 2265 934 2307; x_wconf 79' lang='grc' dir='ltr'><strong><em>βίος</em></strong></span> <span class='ocrx_word' id='word_1_272' title='bbox 950 2261 1080 2307; x_wconf 72' lang='lat' dir='ltr'>profert</span> <span class='ocrx_word' id='word_1_273' title='bbox 1106 2261 1263 2297; x_wconf 84' lang='lat' dir='ltr'>Boisson.</span> <span class='ocrx_word' id='word_1_274' title='bbox 1287 2262 1329 2296; x_wconf 83' lang='lat' dir='ltr'>ad</span> <span class='ocrx_word' id='word_1_275' title='bbox 1348 2261 1481 2305; x_wconf 85' lang='lat' dir='ltr'>Eunap.</span> <span class='ocrx_word' id='word_1_276' title='bbox 1499 2272 1533 2306; x_wconf 90' lang='lat' dir='ltr'>p.</span> <span class='ocrx_word' id='word_1_277' title='bbox 1553 2263 1631 2299; x_wconf 84' lang='lat'><strong>299.</strong></span> 
     </span>
    </p>
   </div>
   <div class='ocr_carea' id='block_1_4' title="bbox 165 2326 1634 2765">
    <p class='ocr_par' dir='ltr' id='par_1_5' title="bbox 165 2326 1634 2765">
     <span class='ocr_line' id='line_1_32' title="bbox 253 2326 1633 2379; baseline 0.001 -19"><span class='ocrx_word' id='word_1_278' title='bbox 253 2337 313 2379; x_wconf 79' lang='lat'>25)</span> <span class='ocrx_word' id='word_1_279' title='bbox 347 2335 435 2370; x_wconf 59' lang='lat' dir='ltr'>Nota</span> <span class='ocrx_word' id='word_1_280' title='bbox 469 2337 547 2368; x_wconf 71' lang='lat' dir='ltr'>sunt</span> <span class='ocrx_word' id='word_1_281' title='bbox 582 2331 683 2368; x_wconf 64' lang='grc' dir='ltr'><strong><em>πόλις</em></strong></span> <span class='ocrx_word' id='word_1_282' title='bbox 719 2329 875 2374; x_wconf 59' lang='grc' dir='ltr'><strong><em>Θροιιιιὲς</em></strong></span> <span class='ocrx_word' id='word_1_283' title='bbox 904 2339 965 2374; x_wconf 88' lang='lat' dir='ltr'>pro</span> <span class='ocrx_word' id='word_1_284' title='bbox 1000 2326 1155 2371; x_wconf 75' lang='grc' dir='ltr'><strong><em>Θρόνιον</em></strong></span> <span class='ocrx_word' id='word_1_285' title='bbox 1187 2327 1304 2371; x_wconf 89' lang='lat' dir='ltr'>Eurip.</span> <span class='ocrx_word' id='word_1_286' title='bbox 1333 2337 1430 2362; x_wconf 91' lang='lat' dir='ltr'>mons</span> <span class='ocrx_word' id='word_1_287' title='bbox 1452 2327 1633 2372; x_wconf 79' lang='lat' dir='ltr'>Erycinus‚</span> 
     </span>
     <span class='ocr_line' id='line_1_33' title="bbox 167 2384 1634 2437; baseline -0.005 -10"><span class='ocrx_word' id='word_1_288' title='bbox 167 2392 259 2437; x_wconf 90' lang='lat' dir='ltr'>quod</span> <span class='ocrx_word' id='word_1_289' title='bbox 285 2392 461 2435; x_wconf 80' lang='lat' dir='ltr'>Zumptius</span> <span class='ocrx_word' id='word_1_290' title='bbox 486 2389 647 2425; x_wconf 85' lang='lat' dir='ltr'>Ciceroni</span> <span class='ocrx_word' id='word_1_291' title='bbox 673 2386 832 2427; x_wconf 83' lang='lat' dir='ltr'>detraxit,</span> <span class='ocrx_word' id='word_1_292' title='bbox 860 2388 894 2419; x_wconf 87' lang='lat' dir='ltr'>et</span> <span class='ocrx_word' id='word_1_293' title='bbox 919 2385 985 2418; x_wconf 88' lang='lat' dir='ltr'>alia</span> <span class='ocrx_word' id='word_1_294' title='bbox 1011 2384 1114 2425; x_wconf 86' lang='lat' dir='ltr'>talia;</span> <span class='ocrx_word' id='word_1_295' title='bbox 1140 2384 1257 2419; x_wconf 87' lang='lat' dir='ltr'>minus</span> <span class='ocrx_word' id='word_1_296' title='bbox 1277 2392 1359 2418; x_wconf 85' lang='lat' dir='ltr'>vero</span> <span class='ocrx_word' id='word_1_297' title='bbox 1385 2384 1445 2418; x_wconf 86' lang='lat' dir='ltr'>illa</span> <span class='ocrx_word' id='word_1_298' title='bbox 1460 2393 1634 2427; x_wconf 84' lang='lat' dir='ltr'>personae</span> 
     </span>
     <span class='ocr_line' id='line_1_34' title="bbox 165 2438 1631 2491; baseline -0.006 -9"><span class='ocrx_word' id='word_1_299' title='bbox 165 2447 378 2491; x_wconf 85' lang='lat' dir='ltr'>periphrasis</span> <span class='ocrx_word' id='word_1_300' title='bbox 401 2456 467 2480; x_wconf 72' lang='lat' dir='ltr'>reae</span> <span class='ocrx_word' id='word_1_301' title='bbox 499 2444 746 2478; x_wconf 74' lang='lat' dir='ltr'>Annibalimms</span> <span class='ocrx_word' id='word_1_302' title='bbox 778 2450 838 2484; x_wconf 89' lang='lat' dir='ltr'>pro</span> <span class='ocrx_word' id='word_1_303' title='bbox 869 2438 1037 2473; x_wconf 83' lang='lat' dir='ltr'>Hannibal</span> <span class='ocrx_word' id='word_1_304' title='bbox 1062 2439 1096 2472; x_wconf 92' lang='lat' dir='ltr'>in</span> <span class='ocrx_word' id='word_1_305' title='bbox 1121 2439 1276 2473; x_wconf 87' lang='lat' dir='ltr'>Itinerar.</span> <span class='ocrx_word' id='word_1_306' title='bbox 1303 2438 1476 2474; x_wconf 89' lang='lat' dir='ltr'>Hierosol.</span> <span class='ocrx_word' id='word_1_307' title='bbox 1502 2449 1534 2482; x_wconf 89' lang='lat' dir='ltr'>p.</span> <span class='ocrx_word' id='word_1_308' title='bbox 1554 2440 1631 2476; x_wconf 80' lang='lat'><strong>572.</strong></span> 
     </span>
     <span class='ocr_line' id='line_1_35' title="bbox 167 2492 1632 2547; baseline -0.008 -10"><span class='ocrx_word' id='word_1_309' title='bbox 167 2503 259 2547; x_wconf 91' lang='lat' dir='ltr'>quod</span> <span class='ocrx_word' id='word_1_310' title='bbox 293 2512 370 2536; x_wconf 90' lang='lat' dir='ltr'>cum</span> <span class='ocrx_word' id='word_1_311' title='bbox 404 2501 490 2538; x_wconf 69' lang='grc' dir='ltr'>θεός</span> <span class='ocrx_word' id='word_1_312' title='bbox 523 2496 766 2534; x_wconf 70' lang='grc' dir='ltr'><strong><em>Ποσειδώνιος</em></strong></span> <span class='ocrx_word' id='word_1_313' title='bbox 803 2494 949 2530; x_wconf 82' lang='lat' dir='ltr'>conferri</span> <span class='ocrx_word' id='word_1_314' title='bbox 981 2497 1096 2538; x_wconf 85' lang='lat' dir='ltr'>potest</span> <span class='ocrx_word' id='word_1_315' title='bbox 1118 2504 1150 2528; x_wconf 82' lang='lat' dir='ltr'><strong>v.</strong></span> <span class='ocrx_word' id='word_1_316' title='bbox 1180 2494 1303 2528; x_wconf 89' lang='lat' dir='ltr'>Parall.</span> <span class='ocrx_word' id='word_1_317' title='bbox 1329 2494 1406 2530; x_wconf 87' lang='grc'>306.</span> <span class='ocrx_word' id='word_1_318' title='bbox 1453 2493 1524 2529; x_wconf 88' lang='lat' dir='ltr'>Sed</span> <span class='ocrx_word' id='word_1_319' title='bbox 1543 2492 1632 2536; x_wconf 82' lang='grc' dir='ltr'><em>Ῥείη</em></span> 
     </span>
     <span class='ocr_line' id='line_1_36' title="bbox 167 2549 1634 2600; baseline -0.001 -15"><span class='ocrx_word' id='word_1_320' title='bbox 167 2558 318 2600; x_wconf 71' lang='grc' dir='ltr'>Κυβηλίς</span> <span class='ocrx_word' id='word_1_321' title='bbox 341 2557 451 2591; x_wconf 78' lang='lat' dir='ltr'>Nomi.</span> <span class='ocrx_word' id='word_1_322' title='bbox 479 2556 563 2591; x_wconf 76' lang='lat' dir='ltr'>XlV,</span> <span class='ocrx_word' id='word_1_323' title='bbox 589 2555 666 2591; x_wconf 80' lang='lat'>214,</span> <span class='ocrx_word' id='word_1_324' title='bbox 695 2556 730 2588; x_wconf 77' lang='lat' dir='ltr'>et</span> <span class='ocrx_word' id='word_1_325' title='bbox 755 2553 886 2585; x_wconf 73' lang='grc' dir='ltr'><strong><em>θέαιιά</em></strong></span> <span class='ocrx_word' id='word_1_326' title='bbox 911 2550 1080 2593; x_wconf 71' lang='grc' dir='ltr'>Κυβεληίς</span> <span class='ocrx_word' id='word_1_327' title='bbox 1104 2549 1177 2584; x_wconf 79' lang='grc' dir='ltr'>ΧΠ.</span> <span class='ocrx_word' id='word_1_328' title='bbox 1204 2551 1281 2586; x_wconf 86' lang='grc'><strong>395.</strong></span> <span class='ocrx_word' id='word_1_329' title='bbox 1307 2549 1409 2584; x_wconf 87' lang='lat' dir='ltr'><strong>XVII.</strong></span> <span class='ocrx_word' id='word_1_330' title='bbox 1438 2549 1489 2585; x_wconf 84' lang='grc'>19.</span> <span class='ocrx_word' id='word_1_331' title='bbox 1525 2559 1592 2583; x_wconf 85' lang='lat' dir='ltr'>non</span> <span class='ocrx_word' id='word_1_332' title='bbox 1614 2559 1634 2584; x_wconf 85' lang='lat' dir='ltr'>a</span> 
     </span>
     <span class='ocr_line' id='line_1_37' title="bbox 165 2603 1634 2655; baseline -0.005 -11"><span class='ocrx_word' id='word_1_333' title='bbox 165 2613 299 2655; x_wconf 75' lang='grc' dir='ltr'>Κυβέλη</span> <span class='ocrx_word' id='word_1_334' title='bbox 329 2612 391 2647; x_wconf 89' lang='lat' dir='ltr'>sed</span> <span class='ocrx_word' id='word_1_335' title='bbox 420 2622 439 2646; x_wconf 88' lang='lat' dir='ltr'>a</span> <span class='ocrx_word' id='word_1_336' title='bbox 464 2611 595 2655; x_wconf 77' lang='lat' dir='ltr'>Cybelo</span> <span class='ocrx_word' id='word_1_337' title='bbox 624 2612 698 2645; x_wconf 89' lang='lat' dir='ltr'>sive</span> <span class='ocrx_word' id='word_1_338' title='bbox 725 2606 863 2651; x_wconf 73' lang='lat' dir='ltr'>Cybelis</span> <span class='ocrx_word' id='word_1_339' title='bbox 889 2605 1108 2640; x_wconf 85' lang='lat' dir='ltr'>denominata</span> <span class='ocrx_word' id='word_1_340' title='bbox 1134 2608 1198 2641; x_wconf 89' lang='lat' dir='ltr'>est.</span> <span class='ocrx_word' id='word_1_341' title='bbox 1246 2605 1461 2641; x_wconf 84' lang='lat' dir='ltr'>Ainenanuin</span> <span class='ocrx_word' id='word_1_342' title='bbox 1494 2603 1634 2638; x_wconf 82' lang='lat' dir='ltr'>fluvium</span> 
     </span>
     <span class='ocr_line' id='line_1_38' title="bbox 167 2660 1630 2713; baseline -0.008 -12"><span class='ocrx_word' id='word_1_343' title='bbox 167 2669 379 2713; x_wconf 80' lang='lat' dir='ltr'>praetermisi</span> <span class='ocrx_word' id='word_1_344' title='bbox 413 2669 493 2710; x_wconf 85' lang='lat' dir='ltr'>quia</span> <span class='ocrx_word' id='word_1_345' title='bbox 531 2667 574 2702; x_wconf 81' lang='lat' dir='ltr'>(le</span> <span class='ocrx_word' id='word_1_346' title='bbox 608 2665 768 2700; x_wconf 86' lang='lat' dir='ltr'>breviore</span> <span class='ocrx_word' id='word_1_347' title='bbox 803 2660 1086 2712; x_wconf 34' lang='lat' dir='ltr'>sorina—JAlue&#39;vAE</span> <span class='ocrx_word' id='word_1_348' title='bbox 1120 2671 1162 2696; x_wconf 81' lang='lat' dir='ltr'>ex</span> <span class='ocrx_word' id='word_1_349' title='bbox 1196 2661 1278 2697; x_wconf 82' lang='lat' dir='ltr'>Sch,</span> <span class='ocrx_word' id='word_1_350' title='bbox 1315 2660 1410 2695; x_wconf 79' lang='lat' dir='ltr'>Pind.</span> <span class='ocrx_word' id='word_1_351' title='bbox 1437 2660 1473 2695; x_wconf 89' lang='grc' dir='ltr'>Ρ,</span> <span class='ocrx_word' id='word_1_352' title='bbox 1500 2660 1527 2694; x_wconf 88' lang='grc' dir='ltr'>Ι.</span> <span class='ocrx_word' id='word_1_353' title='bbox 1556 2660 1630 2696; x_wconf 78' lang='grc'><strong>130,</strong></span> 
     </span>
     <span class='ocr_line' id='line_1_39' title="bbox 166 2716 1487 2765; baseline -0.005 -7"><span class='ocrx_word' id='word_1_354' title='bbox 166 2734 232 2758; x_wconf 86' lang='lat' dir='ltr'>non</span> <span class='ocrx_word' id='word_1_355' title='bbox 256 2725 339 2758; x_wconf 79' lang='lat' dir='ltr'>satis</span> <span class='ocrx_word' id='word_1_356' title='bbox 359 2727 501 2758; x_wconf 73' lang='lat' dir='ltr'>constat.</span> <span class='ocrx_word' id='word_1_357' title='bbox 552 2722 603 2758; x_wconf 91' lang='lat' dir='ltr'>De</span> <span class='ocrx_word' id='word_1_358' title='bbox 630 2719 818 2765; x_wconf 82' lang='lat' dir='ltr'>gentiliciis</span> <span class='ocrx_word' id='word_1_359' title='bbox 843 2719 875 2751; x_wconf 88' lang='lat' dir='ltr'>in</span> <span class='ocrx_word' id='word_1_360' title='bbox 901 2729 939 2753; x_wconf 75' lang='grc' dir='ltr'><strong><em>ος</em></strong></span> <span class='ocrx_word' id='word_1_361' title='bbox 967 2719 1002 2751; x_wconf 85' lang='lat' dir='ltr'>et</span> <span class='ocrx_word' id='word_1_362' title='bbox 1026 2729 1077 2753; x_wconf 76' lang='grc' dir='ltr'>ιος</span> <span class='ocrx_word' id='word_1_363' title='bbox 1106 2717 1175 2751; x_wconf 88' lang='lat' dir='ltr'>dixi</span> <span class='ocrx_word' id='word_1_364' title='bbox 1202 2719 1235 2751; x_wconf 90' lang='lat' dir='ltr'>in</span> <span class='ocrx_word' id='word_1_365' title='bbox 1262 2717 1383 2752; x_wconf 83' lang='lat' dir='ltr'>Parall.</span> <span class='ocrx_word' id='word_1_366' title='bbox 1410 2716 1487 2752; x_wconf 89' lang='grc'><strong>303.</strong></span> 
     </span>
    </p>
   </div>
  </div>
 </body>
</html>
