1731 3021
183 165 238 206 12
665 160 1114 204 DISSERTATIO'
1151 162 1178 203 Ι.

180 273 273 314 dum
294 282 547 313 communem
567 270 904 312 consuetudinem
924 270 1083 324 loquuti
1104 271 1263 312 sunt.10
1316 272 1378 313 Ao
1399 271 1448 314 de
1467 273 1661 324 genitali-

179 338 257 379 bus
278 338 412 379 solum
431 335 536 391 γονή
558 337 716 391 dicitur,
746 348 829 376 non
845 333 979 388 γόνος.
1018 337 1077 377 De
1095 337 1159 377 his
1178 337 1298 388 igitur
1320 341 1360 378 et
1381 339 1530 379 ceteris
1549 339 1661 381 nulla

179 408 245 445 est
275 403 563 445 controversia
591 402 688 454 quin
716 401 904 454 dispares
935 403 1063 442 ssexus
1096 403 1263 453 saepius
1291 402 1496 444 diversum
1529 405 1661 456 signi-

179 469 300 510 ficent
328 480 447 521 quam
477 468 594 509 idem.
655 468 737 509 Sed
766 468 815 508 de
845 473 1057 520 postremo
1089 468 1200 508 litem
1230 467 1426 508 habemus
1455 480 1545 509 eum
1563 471 1661 510 Ari-

181 536 371 588 starcho,
412 537 528 586 eujus
564 534 669 574 hane
700 535 946 575 sententiam
977 534 1134 585 profert
1163 533 1421 575 Herodianus
1450 535 1536 576 EM.
1567 535 1660 589 678,

180 599 245 641 36.
274 596 389 652 ποθή
407 595 665 652 Ἀρίσταρχος
693 595 854 648 ὀξύνει·
885 596 1016 652 ὥςπερ
1046 595 1126 651 γὰρ
1155 596 1275 651 χόλος
1302 595 1349 638 τὸ
1380 597 1530 651 πάθος,
1560 598 1659 655 χολή

178 662 223 706 δὲ
265 660 334 717 ἀφ’
376 656 428 705 οὗ
465 662 512 706 τὸ
551 662 709 715 πάθος,
755 662 866 706 οὕτω
903 663 972 705 καὶ
1008 662 1143 712 πόθος
1180 661 1226 704 τὸ
1264 661 1424 716 πάθος,
1464 662 1580 719 ποθή
1618 663 1661 706 δὲ

177 727 205 785 ἡ
236 727 492 783 ἐπιπόθησις,
525 732 592 783 qui
625 733 659 772 si
692 733 797 771 sorte
826 732 884 770 ita
914 731 1045 770 sensit
1075 732 1266 770 feminino
1300 742 1466 770 sensum
1495 732 1553 771 rei
1582 731 1660 772 ab-

179 798 309 840 sentis
330 797 542 850 declarari,
576 797 617 837 id
648 797 758 848 quod
787 808 865 836 nos
897 796 1066 836 dicimus
1100 796 1177 836 clas
1218 795 1459 847 Ver‘mz'ssen,
1491 807 1660 837 maseu-

176 864 261 905 lino
300 863 503 903 desectum
544 862 623 902 das
664 861 904 903 Entbeltren
936 874 972 902 v.
1002 861 1184 902 Nitzsoh.
1222 861 1272 901 ad
1304 860 1452 912 Odyss.
1481 861 1546 902 XI.
1566 861 1658 902 202.

177 930 313 971 nullus
353 932 416 968 est
455 927 571 967 loeus
608 938 688 978 quo
728 927 807 967 hoo
846 927 1014 979 probari
1053 928 1199 978 possit.
1268 927 1410 978 Neque
1441 925 1659 967 discrimen

177 996 302 1037 ullum
343 993 654 1044 significationis
694 993 927 1044 relinquunt
965 997 1128 1033 veteres
1168 992 1330 1046 Critiei‚
1379 993 1447 1044 qui
1487 992 1659 1032 alterum

176 1061 293 1104 Iliadi
331 1059 570 1100 familiarius
611 1070 705 1099 esse
746 1060 1042 1112 pronunciant,
1088 1058 1300 1109 Odysseae
1333 1059 1504 1098 alterum
1534 1057 1583 1098 ad
1614 1058 1656 1099 Il.

177 1127 295 1169 XVII.
324 1124 416 1166 439.
455 1125 627 1176 ipseque
664 1124 923 1165 Herodianus
963 1126 1004 1165 in
1032 1125 1117 1165 EM.
1149 1124 1241 1176 (578,
1263 1124 1327 1164 36.
1359 1125 1526 1163 tonosin
1559 1124 1657 1164 Ari-

177 1192 409 1236 staroheam
448 1190 598 1242 probat
636 1190 797 1243 quidem
834 1191 902 1230 ille
942 1190 1015 1231 sed
1053 1190 1173 1230 aliam
1206 1190 1256 1230 oh
1286 1190 1488 1230 rationem
1517 1187 1580 1230 ὅτι
1606 1185 1658 1230 τὰ

176 1259 232 1308 εἰς
260 1261 308 1306 οἶς
337 1253 560 1308 δισύλλαβα
583 1257 640 1311 τῷ
665 1260 689 1295 ὅ
717 1253 1033 1309 παραληγόμενοε
1061 1256 1264 1296 ποιοῦντα
1292 1252 1457 1308 θηλυκὰ
1486 1252 1657 1305 ὀξύνου-

175 1341 242 1367 ται
271 1319 429 1365 αὐτά11
457 1319 640 1375 στροφή,
679 1319 809 1375 νομή,
853 1319 930 1375 ῥοή
950 1323 1005 1372 ¹2,
1042 1322 1146 1362 unde
1178 1321 1407 1373 colligimus
1438 1334 1528 1363 eum
1557 1323 1656 1363 Phi—

175 1391 314 1433 loxeni
345 1393 560 1440 sequutum
592 1399 686 1428 esse
719 1388 953 1439 opinionem
982 1387 1089 1428 haud
1119 1388 1237 1428 nimis
1265 1387 1519 1439 probabilem
1541 1385 1655 1442 ποθή

176 1469 201 1499 a
229 1457 356 1498 verbo
386 1451 531 1496 πεύθω
563 1455 789 1506 repetentis
820 1465 884 1506 ap.
914 1454 1001 1494 EM.
1030 1453 1054 1494 l.
1085 1464 1118 1494 c.
1196 1453 1340 1506 Neque
1370 1454 1505 1494 solum
1533 1454 1654 1506 hujus

266 1613 323 1657 10)
365 1613 404 1647 In
435 1612 476 1646 H.
506 1612 546 1646 H.
585 1613 618 1645 in
643 1611 708 1656 Ap.
737 1612 791 1647 90.
821 1611 933 1653 Δῆλος
959 1615 1069 1656 χαῖρε
1091 1610 1190 1656 γόνῳ
1210 1609 1451 1648 Ἀπόλλωνος,
1486 1611 1654 1647 Frankius

173 1669 266 1716 γονῇ
301 1668 481 1710 emendat,
520 1667 641 1702 frustra
666 1668 852 1702 Homerum
885 1670 1093 1707 antestatus3
1127 1670 1161 1701 et
1192 1666 1387 1709 Aeschylus
1419 1666 1539 1710 Suppl.
1577 1667 1651 1703 169.

173 1725 266 1762 Ζεὺς
284 1726 457 1767 ’Έπαᾳον
480 1724 621 1755 ἔκτισεν
643 1723 742 1767 γόνῳ
770 1734 830 1766 pro
859 1724 948 1767 γονῇ
969 1724 1157 1765 usurpavIt.
1208 1723 1326 1756 Proles
1347 1723 1500 1756 mascula
1521 1724 1657 1755 τέκνων

174 1779 392 1824 (Ξρσεινόγιιιις
416 1777 504 1822 γονή
534 1779 658 1812 dicitur
682 1778 800 1822 Epigr.
823 1778 983 1822 Append.
1011 1778 1087 1813 384.
1115 1779 1239 1811 usitata
1261 1777 1461 1821 metaphora
1482 1781 1519 1812 ut
1538 1780 1653 1822 pisces

174 1835 282 1882 ([ύσις
315 1833 447 1867 πόντοι)
483 1834 591 1878 Soph.
627 1836 704 1868 Aut.
742 1835 818 1870 345.
856 1834 1023 1868 audacius
1058 1843 1140 1868 vero
1175 1833 1309 1868 Niobae
1343 1832 1406 1866 filii
1437 1832 1654 1878 ἀρσενόπαις

170 1891 279 1938 γόνος
303 1890 405 1924 Anth.
432 1890 525 1923 Plan.
553 1900 584 1923 n.
616 1890 688 1924 134.

264 1946 321 1989 11)
360 1945 450 1979 Fort,
478 1942 588 1980 «ὕτως
613 1946 811 1988 praeposita
836 1945 974 1987 sligme,
1021 1944 1221 1977 Eustathius
1254 1943 1343 1978 haee
1376 1945 1504 1978 iterans
1536 1954 1569 1987 p.
1597 1945 1651 1988 94,

172 2003 227 2040 31.
253 2000 404 2039 ὀξύτονα
431 1998 522 2031 αὐτὰ
546 1999 730 2036 Ποιοῦσιν,
769 1999 933 2043 additque
959 2000 1019 2031 καὶ
1045 1998 1147 2042 βιοτή
1173 1998 1211 2031 ἐκ
1236 1998 1299 2031 τοῦ
1324 2001 1462 2041 βίοτος,
1507 2009 1652 2043 quorum

172 2057 445 2101 significationes
482 2055 660 2098 distinguit
688 2056 805 2089 Schol.
837 2055 876 2089 ll.
906 2054 1007 2089 XXII.
1034 2055 1111 2090 431.
1139 2057 1256 2097 βίοῑος
1282 2053 1325 2086 τὰ
1350 2054 1393 2097 τῇ
1415 2053 1519 2097 βιοτῇ
1540 2055 1651 2099 ἀναγ-

172 2117 272 2147 καῖα.
314 2111 492 2145 Feminino
519 2114 657 2153 praeter
680 2114 803 2154 poetas
824 2114 962 2149 utuntur
981 2109 1187 2152 Herodotus,
1212 2109 1454 2153 Hippocrates,
1479 2109 1652 2145 Aretaeus

174 2168 276 2203 Caus.
302 2167 402 2200 Acut.
430 2167 473 2199 ΙΙ.
504 2167 554 2206 11,
580 2165 635 2201 36.
663 2167 843 2209 semelque
868 2165 1077 2208 Xenophon,
1112 2175 1285 2208 nunquam
1309 2165 1404 2200 Plato
1430 2166 1486 2200 vel
1510 2165 1650 2210 Thucy-

175 2223 275 2258 dides
305 2223 437 2256 aliusve
464 2222 645 2254 atticorum
672 2223 893 2265 scriptorum,
931 2231 996 2255 nec
1030 2224 1155 2264 poetae
1182 2221 1314 2255 scenici
1342 2222 1408 2254 nisi
1433 2222 1466 2254 in
1494 2223 1649 2256 canticis.

263 2277 319 2319 12)
347 2276 513 2319 Regulam
541 2280 744 2319 coangustat
768 2278 802 2310 in
823 2276 939 2310 Sohol.
959 2276 997 2309 Il.
1019 2276 1056 2309 V.
1075 2276 1152 2311 202.
1171 2274 1213 2307 τὰ
1233 2276 1282 2312 εἰς
1300 2281 1320 2316 ἧ
1338 2275 1431 2319 μετὰ
1450 2275 1651 2320 συμᾳώνου

172 2333 223 2378 τῷ
238 2339 258 2366 ὃ
274 2330 561 2378 παραληγόμενα
580 2330 742 2369 ὀξύνεται
761 2332 792 2364 εἰ
805 2333 945 2376 γένοιτο
965 2331 1035 2364 ἀπὸ
1054 2330 1227 2376 ῥημάτων
1240 2332 1289 2375 τῷ
1302 2336 1321 2364 ἶ
1339 2331 1652 2375 παραληγομένων

170 2387 293 2432 μόνῳ·
323 2386 361 2419 τὸ
387 2386 456 2431 γὰρ
484 2386 603 2431 πόρπη
631 2387 731 2431 παρὰ
757 2387 794 2419 τὸ
822 2389 944 2431 adpo).
988 2386 1032 2421 At
1055 2396 1122 2420 non
1150 2396 1191 2422 ea
1217 2390 1270 2421 est
1293 2388 1441 2421 nominis
1470 2386 1566 2430 origo
1586 2387 1650 2423 Sed

173 2443 355 2478 desuetum
374 2444 482 2485 πέρα),
509 2452 624 2486 neque
650 2442 739 2478 haec
766 2443 966 2494 bffl'YQfflss
993 2452 1097 2476 causa
1121 2442 1184 2477 sed
1204 2442 1296 2486 quod
1324 2441 1514 2476 substantia
1534 2444 1648 2485 signi-

171 2499 304 2533 ficatur.
360 2497 530 2531 Arcadius
567 2498 641 2534 106.
680 2498 723 2530 τὰ
759 2499 809 2535 εἰς
844 2511 906 2539 οκη
946 2497 1128 2542 ῥηματικὰ
1164 2496 1328 2535 ὀξύνεται
1369 2496 1480 2538 ὁόκὴ,
1521 2497 1647 2538 wamy,

170 2552 283 2593 ποκή·
319 2551 357 2584 τὸ
380 2554 506 2594 μέντοι
533 2552 644 2596 κρόκη
674 2552 743 2586 ἀπὸ
769 2554 832 2586 τοῦ
856 2552 985 2599 κρόκος
1009 2563 1074 2587 scr.
1106 2551 1176 2585 ἀπὸ
1202 2553 1261 2593 τῆς
1286 2551 1426 2597 κροκός,
1453 2553 1521 2587 hoc
1550 2557 1603 2589 est
1628 2563 1649 2589 a

170 2608 323 2652 genitivo
349 2607 501 2640 inusitati
527 2607 614 2652 κρόξ
636 2618 668 2642 v.
695 2609 816 2643 Parall.
842 2620 875 2654 p.
906 2609 978 2644 107.
1027 2607 1097 2643 Sed
1124 2611 1159 2642 et
1183 2607 1324 2643 verbale
1352 2610 1485 2652 gravari
1512 2611 1649 2653 oportet

171 2665 253 2708 quia
271 2671 340 2696 non
359 2663 530 2697 actionem
551 2664 699 2699 ostendit
722 2665 784 2700 sed
804 2665 1027 2699 substantiam
1046 2666 1083 2697 ut
1101 2661 1211 2707 πάγη,
1237 2664 1355 2708 στέγη,
1381 2662 1518 2707 σκάφη,
1544 2662 1645 2706 σόβη,

171 2717 268 2763 φόβη
294 2720 361 2754 etc.
409 2716 535 2752 Verum
559 2717 652 2762 Δόκη
681 2719 828 2763 δόκησις
852 2720 935 2755 Hes.
964 2718 1159 2756 acuendum
1185 2722 1248 2754 est.
