1731 3021
209 177 296 216 vni
439 173 442 175 ’
693 171 1217 216 PRAEFATIO,

207 291 388 346 superat
424 288 528 332 artis
562 287 758 331 lubricae
796 289 840 331 et
875 286 1047 331 fallacis
1084 287 1260 344 legibus
1306 284 1586 345 fundandae,
1631 285 1675 331 id

206 379 293 424 ego
329 378 420 411 non
456 365 544 409 alia
578 366 748 409 ratione
785 363 901 409 effici
952 375 1091 421 posse
1128 365 1312 410 arbitror
1349 376 1480 422 quam
1517 365 1555 408 si
1590 375 1675 408 cu-

200 445 367 502 jusque
414 444 591 499 generis
637 442 839 499 exempla
884 454 974 487 11011
1009 444 1090 487 tria
1126 448 1368 500 quatuorve
1406 441 1489 486 sed
1525 453 1675 499 quan-

205 525 295 566 tum
333 521 425 565 sieri
459 523 609 578 potest
645 521 791 565 omnia
825 520 896 564 vel
942 523 1060 565 certe
1103 521 1289 577 plurima
1324 522 1367 564 in
1402 532 1536 564 unum
1572 519 1674 564 col-

205 600 297 645 lata
333 600 504 659 suerint,
542 611 632 643 11011
669 611 757 656 quo
792 610 965 655 sperem
1011 598 1094 643 hac
1135 600 1206 643 via
1252 600 1295 642 in
1341 598 1450 643 illud
1487 598 1674 644 sublime

199 679 356 734 jugum
394 676 579 722 ascendi
615 689 753 734 posse
788 675 907 720 unde
945 678 1163 720 sermonis
1202 678 1352 732 graeci
1378 677 1673 733 scaturigines

204 758 393 801 emicant
428 754 509 800 sed
545 759 593 800 ut
629 767 683 800 eo
721 754 878 799 saltem
912 753 1180 810 procedatur
1216 766 1305 811 quo
1343 756 1538 812 aspirare
1564 766 1672 811 per-

201 836 383 879 missum
421 836 500 878 est.

334 931 663 977 Vocabulorum
709 943 824 988 quae
869 931 1051 975 tractavi
1104 934 1243 975 testes
1298 931 1542 991 locosque,
1598 933 1674 989 qui

202 1024 226 1056 0
271 1010 445 1055 Lexicis
493 1013 536 1054 et
570 1007 796 1053 Indicibus
845 1010 1061 1065 cognosci
1097 1013 1301 1068 possunt,
1337 1009 1537 1053 brevitati
1569 1021 1671 1053 ser-

198 1090 325 1133 viens
363 1100 454 1132 11011
490 1088 712 1132 nominavi
747 1089 833 1132 nisi
872 1089 908 1132 si
939 1087 994 1132 ad
1033 1086 1356 1143 designandam
1391 1088 1461 1132 vel
1483 1091 1672 1132 aetatem

197 1166 270 1211 vel
306 1169 474 1211 sectam
522 1169 746 1210 anctorum
782 1166 1086 1210 necessarium
1123 1165 1223 1224 fuit,
1262 1170 1306 1210 et
1339 1167 1383 1210 in
1418 1167 1670 1210 universum

200 1243 360 1289 sedulo
400 1245 494 1289 cavi
530 1256 586 1289 ne
623 1246 666 1288 111
701 1245 891 1300 vestigia
925 1245 1023 1288 trita
1057 1245 1336 1288 incurrerem.
1405 1242 1513 1288 Ideo
1535 1256 1669 1301 quum

196 1321 278 1366 has
326 1319 732 1381 dissertationesi'ss)
769 1324 954 1379 primum
992 1321 1191 1381 ederem,
1228 1321 1502 1366 Thesaurum
1537 1321 1666 1366 Parim

196 1402 391 1445 siensem
428 1400 662 1456 diligenter
697 1402 884 1461 inspexi,
922 1399 1071 1458 quoad
1110 1399 1286 1458 quidem
1323 1402 1438 1458 typis
1477 1411 1666 1457 expres-

197 1490 274 1523 sus
313 1482 419 1538 erat,
455 1483 498 1523 et
532 1491 849 1536 nonnunquam
887 1491 1001 1536 quae
1047 1479 1091 1522 in
1128 1490 1181 1523 00
1217 1481 1531 1535 praetermissa
1567 1483 1669 1524 sunt

195 1556 417 1601 adnotavi.
496 1556 685 1601 Nomina
732 1557 997 1602 Graecorum
1043 1555 1267 1601 hominum
1311 1558 1489 1614 propria
1539 1561 1582 1602 et
1628 1560 1665 1603 si

194 1648 250 1681 ea
285 1635 499 1680 deessent
534 1637 771 1692 peregrina
805 1634 1022 1679 interdum
1060 1636 1263 1691 apposita
1302 1638 1402 1679 sunt
1438 1648 1528 1681 non
1551 1648 1663 1693 pro-

190 1717 288 1771 pter
324 1726 373 1758 se
411 1713 492 1758 sed
529 1713 782 1758 adminiculi
828 1725 977 1758 causa.
1056 1711 1128 1756 Ad
1174 1713 1368 1757 ultimum
1415 1715 1516 1758 sciri
1558 1715 1663 1760 volo

192 1795 430 1836 extremam
487 1791 588 1836 111110
640 1791 753 1836 libro
805 1803 979 1835 manum
1036 1793 1207 1835 aestate
1263 1792 1504 1847 superioris
1561 1794 1663 1838 anni

188 1871 439 1927 impositam
477 1882 593 1914 esse.
664 1870 826 1914 Postea
863 1880 978 1926 quos
1017 1870 1171 1925 accepi
1206 1869 1367 1928 libros,
1404 1869 1525 1913 velut
1572 1869 1661 1915 duo

188 1947 399 1993 Meinekii
434 1949 704 1992 novissimos
728 1946 1003 2004 eosdemque
1028 1947 1286 2006 uberrimos,
1326 1946 1382 1991 ad
1407 1960 1495 1991 rem
1518 1961 1661 1993 meam

191 2025 393 2070 conferre
439 2039 529 2071 non
574 2028 697 2084 potui
754 2027 839 2069 nisi
884 2027 927 2069 in
982 2023 1230 2068 Addendis.
1310 2024 1433 2069 Haec
1478 2038 1660 2071 numero

187 2116 333 2162 pauca
378 2108 504 2163 sunt,
552 2104 633 2149 sed
671 2103 1000 2161 amplificabunt
1035 2103 1109 2147 alii
1144 2102 1445 2159 tessellasque
1482 2107 1659 2148 nostras

188 2182 246 2227 ad
291 2181 469 2228 modum
515 2183 672 2227 musivi
719 2183 866 2239 operis
913 2180 1150 2227 artificiose
1198 2185 1476 2238 component.
1554 2182 1661 2227 Mihi
1730 2199 1731 2202 ¹

297 2387 346 2438 ἐξ)
378 2392 442 2431 Sic
472 2392 685 2431 inscribere
714 2392 826 2430 malui
858 2401 968 2440 quam
988 2389 1274 2440 disputationes,
1310 2394 1396 2441 quia
1416 2393 1489 2431 hoc
1507 2395 1658 2432 nomine

186 2462 339 2508 saepius
383 2470 472 2496 usus
508 2470 588 2497 sum
634 2458 826 2496 intellectu
875 2456 1041 2494 diverso.
1111 2457 1158 2495 Et
1197 2457 1288 2495 alibi
1334 2461 1454 2497 minus
1497 2460 1659 2509 probata

185 2525 347 2574 praetuli
375 2527 495 2562 minus
526 2526 739 2574 perspicuis
771 2526 808 2562 et
837 2534 957 2560 111111115
989 2525 1086 2560 tritis
1116 2525 1155 2561 ut
1185 2523 1371 2561 interdurn
1403 2526 1568 2574 requlae
1593 2525 1658 2564 di-

185 2601 274 2629 cere
305 2592 458 2628 coactus
489 2601 568 2627 sum
598 2591 793 2639 pluraliter
824 2591 861 2626 et
885 2588 1144 2637 praefinitum
1162 2600 1229 2638 pro
1249 2583 1565 2639 παραληγόμενον
1582 2594 1654 2630 etc,

182 2656 265 2694 Alia
299 2655 482 2704 quaedam
512 2659 714 2695 mutassem
743 2658 775 2695 si
804 2653 1060 2704 typographus
1090 2655 1127 2691 111
1146 2658 1360 2706 propinquo
1386 2658 1424 2695 et
1443 2658 1657 2706 corrigendi

182 2725 330 2770 ternpus
359 2721 506 2759 suisset.
