1731 3021
157 139 216 180 22
634 133 1073 177 DISSERTATIO
1120 133 1148 174 1.

156 244 183 300 ἡ
213 243 385 299 σπάρτη,
414 243 461 286 τὸ
491 242 674 299 σπάρτον
703 245 888 298 (frutex).
957 244 1038 285 Sed
1076 245 1117 284 in
1156 243 1418 284 animantium
1456 243 1636 284 nomini-

158 312 237 353 bus
273 311 491 365 τριγενείας
527 312 744 363 vestigium
781 311 935 351 nullum
974 311 1068 362 quia
1105 320 1256 361 genere
1294 312 1440 349 neutro
1472 313 1636 361 carent3

159 388 253 418 nam
292 377 402 429 quod
439 377 685 418 vermiculus
724 377 1020 416 minutissimus
1058 386 1206 415 nomen
1247 374 1370 415 habet
1414 371 1462 415 τὸ
1500 371 1636 428 ἅκαρι,

161 453 213 483 ex
253 443 435 495 epitheto
474 438 630 496 ἆκαρής
670 442 911 483 translatum
940 441 1121 492 videtur3
1161 436 1370 492 ἀστέριον,
1400 438 1638 493 βασσάριον,

160 508 372 561 γλαυκίον,
402 509 560 562 κυβίον,
591 508 779 559 παρδίον,
809 507 969 561 πηνίον,
1001 504 1231 560 φαλάγγιον
1261 507 1339 547 etsi
1368 507 1493 547 certis
1519 507 1641 547 astri-⁴

162 574 262 614 buta
292 579 386 615 sunt
416 575 672 628 animalibus,
704 579 837 614 tamen
867 573 1204 614 deminutivorum
1236 584 1260 613 a
1291 573 1432 625 specie
1459 582 1544 612 non
1569 582 1641 612 re-

165 640 335 693 cedunt3
377 652 427 681 ex
457 642 544 682 ΕΜ.
564 640 656 694 277,
677 641 739 682 54.
770 637 940 693 γέρανος
968 662 1022 668 —-
1051 637 1133 679 ἔστι
1174 636 1217 678 δὲ
1244 636 1313 679 καὶ
1344 634 1567 691 οὐδετέρως
1593 634 1642 678 τὸ

164 703 359 760 γέρανον,
408 718 491 748 non
525 706 635 747 clare
674 710 846 758 apparet
888 706 975 746 avis
1012 715 1163 744 nomen
1202 705 1330 745 fuisse
1367 701 1415 744 τὸ
1451 701 1641 756 γέρανον,

164 783 298 824 neque
338 774 441 814 satis
480 773 696 824 explorata
726 768 923 823 σαθὲριον
954 775 993 810 et
1022 767 1272 820 σπαράσιον,
1314 769 1506 821 quodque
1536 768 1643 821 apud

164 838 432 879 Aristotelem
462 838 609 889 legitur
638 836 741 890 φασὶ
757 833 804 876 τὸ
827 833 1096 887 κιννάμωμον
1115 833 1262 888 ὄρνεον
1285 830 1400 885 εἶναι,
1432 833 1538 875 unde
1555 834 1644 875 Eu-

168 904 344 944 stathius
383 899 433 942 τὰ
463 899 708 955 κιννάμωμα
737 898 859 955 ὄρνεα
898 902 1043 942 ascivit
1081 913 1117 942 v.
1155 900 1400 942 Beckmann.
1430 899 1481 940 ad
1509 900 1646 951 Antig.

166 980 203 1020 p.
233 967 299 1010 83.
339 968 475 1009 addita
517 968 689 1008 articulo
729 968 848 1008 litera
888 968 1045 1008 neutris
1085 967 1203 1007 eximi
1242 966 1424 1018 potest.⁷
1498 966 1645 1006 Cetera

167 1045 361 1085 generum
392 1034 557 1074 nomina
587 1039 694 1088 sunt,
725 1045 807 1075 non
836 1033 1155 1074 individuorum:
1196 1031 1374 1081 κίναδος,
1406 1028 1646 1081 κινώπετον,

168 1100 303 1154 κῆτος,
333 1101 477 1154 μῆλον,
507 1097 717 1152 πρόβατον
739 1099 907 1153 (κοῖον),
936 1095 1115 1150 ἑρπετόν,
1143 1095 1300 1150 ὄρνεον,
1328 1094 1486 1150 ὄστρεα,
1503 1095 1646 1150 τήθεα,

167 1164 366 1220 μαλάκια,
406 1163 587 1217 σελάχια,
626 1177 813 1218 quaeque
852 1165 1084 1204 hominibus
1116 1175 1205 1204 cum
1244 1164 1374 1204 brutis
1406 1164 1647 1217 communia,

169 1229 296 1283 τέκος,
327 1229 484 1281 τέκνον,
515 1228 677 1284 βρέφος,
708 1229 896 1284 ἔμβρυον,
928 1226 1082 1283 ὄβριον,
1114 1230 1178 1270 vel
1204 1230 1324 1270 etiam
1355 1229 1524 1280 propria
1554 1232 1649 1269 sunt

171 1295 436 1352 ἀνδράποδον
465 1299 732 1351 mancipium,
763 1294 949 1349 γύναιον,
981 1295 1091 1348 quod
1121 1295 1349 1347 proximum
1379 1298 1443 1335 cst
1473 1293 1650 1346 adjecti-

171 1365 234 1405 vis
264 1361 446 1414 παιδικά,
478 1360 660 1412 actumst,
692 1363 864 1415 denique
895 1363 1142 1403 deminutiva
1172 1358 1470 1413 θεραπόντων,
1502 1356 1650 1414 ἀνδρά-

172 1443 283 1482 ριον,
325 1424 572 1482 Εὐριπίδιον
607 1433 682 1470 etc.
754 1430 890 1469 Manet
928 1429 1049 1479 igitur
1089 1426 1349 1468 animantium
1386 1427 1552 1468 nomina
1582 1430 1652 1467 aut

171 1495 398 1535 masculina
429 1506 524 1535 esse
555 1500 623 1535 aut
657 1496 867 1545 seminina3
906 1494 1036 1534 utrius
1068 1498 1201 1533 autern
1232 1492 1395 1543 generis
1426 1492 1520 1546 sint,
1550 1503 1652 1545 par-

173 1561 244 1600 tim
276 1572 326 1601 ex
357 1562 640 1602 terminatione
672 1562 955 1613 cognoscitur,
1000 1560 1147 1611 partim
1187 1570 1236 1598 ex
1277 1558 1440 1608 syntaxi
1480 1557 1652 1598 articuli.

174 1626 406 1666 Femininae
447 1631 540 1667 sunt
581 1628 889 1669 terminationes
934 1627 1087 1678 primae
1127 1624 1412 1665 declinationis
1452 1623 1573 1675 alpha
1606 1620 1653 1664 τὸ

175 1689 566 1745 κοινολεκτούμενον
597 1697 636 1732 et
668 1697 755 1747 eta,
796 1693 940 1733 tertiae
971 1693 1003 1731 ὦ
1042 1685 1216 1743 (ἀηδώ),
1254 1689 1505 1730 masculinae
1536 1688 1653 1742 primi

178 1757 332 1798 ordinis
373 1761 424 1804 αξ
463 1762 502 1798 et
544 1761 593 1811 ἧς
631 1758 830 1811 (κοχλίας,
871 1754 1068 1810 ἀράχνης)
1111 1756 1219 1796 tertii
1248 1745 1316 1803 {b}
1346 1751 1546 1807 (ἐριθεύς,
1584 1770 1654 1796 κα-

176 1820 311 1876 τρεύς)
345 1828 384 1864 et
416 1827 499 1864 tres
531 1825 668 1876 spisse
700 1825 951 1878 declinatae,
981 1826 1035 1863 αῖ)
1066 1818 1270 1874 (πελεκάν)
1301 1824 1353 1868 αξ*
1383 1817 1563 1874 (ἐλέφας)
1594 1824 1655 1862 osv

179 1886 330 1943 (λέων).
378 1889 616 1940 eujusmodi
644 1891 847 1931 vocabula
877 1890 912 1930 si
943 1900 1033 1929 cum
1064 1888 1143 1928 alio
1177 1889 1477 1938 conjunguntur
1504 1898 1655 1939 genere

182 1960 222 1996 ut
262 1952 287 2009 ἡ
318 1953 463 2008 ἐλέφας
491 1955 636 1998 Athen.
666 1956 767 1997 XIII.
797 1954 889 1996 007.
919 1956 965 1995 A.
1006 1954 1069 1994 cui
1101 1958 1245 1993 contra
1275 1954 1440 2005 ponitur
1470 1948 1493 1993 ὃ
1523 1949 1657 2006 ἄρρην

179 2019 336 2074 ἐλέφας,
368 2021 494 2073 figura
524 2026 587 2062 est
618 2022 749 2073 qualis
779 2017 881 2068 λάας
909 2017 1090 2073 θρήισσα
1119 2019 1205 2062 Nic.
1239 2020 1308 2060 Th.
1338 2019 1404 2061 45.
1436 2023 1475 2059 et
1507 2015 1530 2072 ἡ
1554 2019 1656 2069 Λᾶς,

180 2083 207 2141 ἡ
245 2084 401 2141 Τάρας,
432 2082 649 2140 ἡ”οπους,
682 2084 707 2140 ἡ
741 2083 962 2134 Πανοπεύς
992 2085 1127 2127 Sellol.
1157 2086 1199 2127 ll.
1229 2086 1348 2126 XVII.
1378 2085 1469 2126 307.
1500 2084 1543 2125 αἱ
1573 2086 1659 2124 Πα-

182 2151 384 2208 σαργάδαι
412 2153 527 2193 Eust.
559 2152 609 2192 ad
639 2153 756 2193 Dion.
789 2151 905 2195 1069.
936 2164 971 2192 v.
1003 2151 1054 2193 ad
1083 2152 1230 2194 Buttm.
1263 2150 1355 2194 430.
1387 2150 1492 2191 llaec
1522 2150 1659 2192 acha-

185 2223 249 2261 tes
280 2224 356 2261 etc.
414 2219 500 2259 Hae
538 2218 660 2270 igitur
698 2218 1006 2259 terminationes
1046 2216 1292 2259 discretivae
1323 2217 1473 2269 sunt38
1512 2216 1660 2272 quibus

185 2384 249 2416 λον
277 2383 312 2416 τὸ
338 2385 453 2427 γένος,
480 2387 575 2427 patet
607 2383 744 2428 χόανος
769 2387 803 2420 et
829 2383 969 2428 χόανον
1000 2392 1262 2427 synonymorum
1289 2384 1395 2418 instar
1420 2383 1537 2418 habita
1567 2391 1658 2420 esse.

188 2439 259 2474 Sed
287 2439 466 2481 distinguit
492 2440 617 2474 Suidas
642 2439 779 2484 χοάνης
802 2438 940 2483 χυιὲιόυ
965 2442 1134 2483 χωνεῖον,
1163 2437 1284 2482 Xoana
1309 2438 1352 2471 τὰ
1378 2439 1550 2483 μέταλλα.

274 2510 313 2553 7)
338 2510 376 2544 In
401 2509 494 2545 Festi
510 2510 625 2546 verbis
650 2512 788 2554 strigas
814 2511 936 2543 Graece·
958 2511 1077 2555 syrnia
1101 2512 1286 2554 appellant,
1313 2511 1395 2555 quid
1415 2512 1532 2554 lateat,
1556 2511 1661 2553 igno-

188 2575 313 2600 ramus.
362 2565 630 2609 Spinturnicium
654 2577 715 2611 pro
743 2567 953 2602 deminutivo
980 2567 1158 2610 accipitur.

275 2636 314 2680 8)
349 2636 402 2671 De
435 2638 702 2681 simplicissimis
734 2638 896 2681 loquutus
931 2647 1024 2679 sum;
1064 2646 1162 2689 nain-
1176 2640 1259 2688 suffi
1284 2637 1388 2672 multo
1421 2637 1560 2682 plureS,
1594 2628 1664 2681 [ιο-5

192 2696 361 2737 oxytonon
388 2694 422 2726 ut
448 2692 616 2737 γναῖὴαός
646 2693 762 2728 Schol.
797 2693 836 2727 ll.
864 2692 964 2728 XVII.
991 2693 1067 2729 405.
1096 2705 1177 2730 των,
1208 2704 1266 2730 tus
1294 2695 1359 2729 etc.
1422 2693 1567 2728 Nomina
1600 2702 1661 2729 se-
