1747 3005
855 151 1195 159 ————

128 270 300 325 piscium
338 270 476 321 περκίς
515 275 554 311 et
583 269 735 323 κιῤῥίς,
777 271 886 325 quod
919 272 1193 314 Schneiderus
1227 273 1398 327 Oppian.
1428 276 1516 318 Hal.
1547 277 1610 319 ΙΙΙ.

128 336 217 378 187.
258 347 279 376 e
325 336 440 377 codd.
473 339 659 388 reposuit
699 349 773 390 pro
813 336 978 391 κιῤῥάς,
1034 343 1073 379 et
1110 337 1257 388 λευκάς
1295 340 1422 382 herba
1461 347 1611 384 vocata

125 406 210 454 est,
249 401 322 442 sed
361 403 430 443 illa
472 404 699 444 terminatio
740 405 866 445 multo
907 406 1180 460 frequentior,
1219 407 1412 457 ποικιλίς,
1451 410 1607 460 χλωρίς,

123 469 310 521 φαλαρίς,
341 469 531 521 μελαινίς,
563 481 733 521 quorum
768 470 847 511 duo
880 476 974 511 sunt
998 472 1129 512 avium
1154 474 1330 525 nomina,
1355 478 1608 524 postremum

125 535 211 574 avis
243 535 502 588 plantaeque,
534 535 625 575 huic
656 537 883 587 proximum
916 537 1163 578 conchae.²3
1202 538 1380 578 Prorsus
1410 538 1514 580 idem
1541 552 1608 580 va-

122 600 206 641 lent
234 598 389 653 μαχλάς
420 606 458 641 et
487 601 628 653 μαχλίς
656 596 682 653 ἡ
712 599 846 654 πόρνη
874 602 970 643 Hes.
1001 608 1044 644 ut
1070 601 1214 657 μοιχάς
1245 609 1284 645 et
1313 604 1464 656 μοιχίς,
1497 604 1606 656 quod

121 666 422 717 Aristophanes
456 665 627 707 Gramm.
659 678 721 719 ap.
752 667 867 707 Eust.
896 668 1012 722 1761,
1042 669 1107 711 23.
1139 674 1330 722 tanquam
1360 670 1607 711 insolentius

121 732 316 772 enotavit.
383 731 445 772 Ad
485 732 690 785 duplicata
728 732 816 785 (VI)
857 735 1034 785 pertinet
1071 732 1184 789 ὄρνις
1221 732 1416 784 κατοικάς
1455 735 1608 788 gallina

120 796 184 838 bis
215 808 279 849 ap.
313 797 502 839 Nicandr.
525 799 653 839 semel
681 799 873 850 κατοικίς,
903 805 1119 854 utrumque
1150 814 1172 842 a
1201 800 1392 849 κάτοικος
1421 801 1607 842 declina-

121 867 226 914 tum3
258 861 332 903 Sed
353 864 536 904 verbalia
557 861 732 915 ἆποικίς,
764 862 928 917 gnomis,
958 867 1157 919 παροικίς,
1189 867 1372 915 συνοικίς
1400 878 1606 919 nunquam

118 933 335 969 mutantur.
375 930 489 982 Νῆες
514 928 835 983 χαλκεμβολάδες
865 943 940 983 pro
971 930 1238 987 χαλκέμβολοι
1266 934 1404 986 Eurip.
1442 931 1606 987 νύμφαι

118 989 436 1047 οὐρεοφοιτάόες
472 996 689 1037 Anthol.2⁴
725 995 1025 1049 μεσοκουράδες
1065 997 1216 1051 δένδρα
1245 994 1312 1040 ὑπ’
1344 995 1507 1052 ἀνέμων
1535 1014 1605 1040 κα-

117 1057 289 1113 ταγέντα
317 1061 465 1103 Hes.25
494 1063 685 1102 feminina
716 1067 758 1103 ut
785 1062 956 1117 videtur,
988 1064 1061 1105 sed
1080 1062 1404 1118 τροχοκουράδες
1426 1067 1606 1106 circum-

119 1129 229 1168 tonsi
268 1129 308 1168 in
337 1128 515 1169 Choerili
554 1139 689 1181 verSU,
721 1129 784 1169 cui
814 1129 996 1171 Naekius
1027 1143 1064 1183 p.
1098 1132 1187 1172 145.
1221 1131 1400 1183 praefert
1433 1131 1605 1184 Josephi

118 1195 363 1247 scripturam
391 1194 703 1247 τροχοκουρίδες
732 1196 892 1236 ratione
931 1208 1072 1248 parum
1106 1197 1329 1248 explorata.
1392 1193 1604 1250 Ἐπιμηλί-

118 1259 184 1308 aeg
210 1257 371 1313 νύμφαι
409 1262 575 1313 saepius
607 1260 794 1300 dicuntur
823 1272 989 1313 gregum
1021 1262 1231 1316 custode5‚
1262 1261 1336 1304 sed
1366 1259 1606 1316 ἐπιμηλάδες

115 1325 248 1367 Nonn.
277 1326 379 1367 XIV.
408 1326 499 1367 210.
540 1330 579 1366 et
609 1323 847 1378 ἐπιμηλάδες
877 1322 986 1378 αἶγες
1023 1326 1066 1366 αἱ
1094 1323 1192 1379 μετὰ
1229 1324 1450 1379 προβάτων
1478 1325 1603 1380 νεμό-

114 1405 233 1445 μεναι
260 1392 356 1433 Hes.
396 1391 505 1444 quod
534 1390 812 1432 Blomfieldius
853 1391 903 1432 ad
935 1392 1089 1434 Gallim.
1128 1392 1170 1432 in
1198 1392 1334 1445 Apoll.
1365 1393 1430 1435 50.
1448 1394 1486 1419 ²⁶
1523 1394 1602 1435 levi

202 1557 262 1600 23)
295 1557 332 1591 V.
370 1557 575 1594 Schneider.
611 1558 653 1592 ad
685 1559 827 1593 Aristot.
862 1558 898 1592 T.
936 1559 990 1593 lv.
1028 1559 1107 1594 378.
1145 1558 1182 1592 In
1219 1558 1348 1592 Cratini
1386 1559 1439 1593 Fr.
1466 1570 1499 1602 p.
1525 1562 1598 1597 109.

115 1614 224 1656 piscis
253 1614 360 1656 ignoti
389 1622 513 1647 nornen
543 1618 597 1649 est
619 1614 805 1658 μελαίνας,
832 1614 925 1658 quod
952 1613 1150 1649 Meinekius
1173 1613 1354 1657 μελαινάς
1379 1614 1600 1651 scribendum

116 1671 248 1703 censet.

204 1734 265 1776 24)
287 1733 655 1779 Ἔναυλακοᾳοίτιδες
679 1727 770 1779 ὧραι
796 1734 897 1768 Antii.
927 1738 1092 1770 accentus
1119 1736 1194 1779 ipse
1223 1735 1403 1779 distinguit
1430 1736 1471 1770 ab
1497 1735 1599 1769 ἐναυ-

114 1789 329 1833 λακοφοῖῑις
367 1790 505 1824 ductum
541 1795 577 1825 ut
609 1789 803 1827 πολυπότις
837 1800 857 1824 a
884 1789 1106 1833 πολυπότης,
1134 1791 1198 1826 sed
1225 1793 1448 1835 θερμοποτίς
1477 1793 1601 1827 calicis

115 1855 241 1881 nornen
267 1855 287 1880 a
313 1845 554 1890 θερμόποτος.

205 1917 265 1960 25]
291 1917 487 1960 Hesychius
509 1915 753 1962 Ἐγκουράδες
777 1915 819 1949 τὰ
845 1915 884 1949 ἐν
908 1916 959 1960 τῷ
985 1915 1161 1960 προςώπῳ
1182 1918 1363 1961 στίγματα
1386 1916 1596 1961 (incisurae)

117 1974 179 2006 καὶ
203 1973 237 2005 οἱ
261 1971 301 2005 ἐν
327 1976 406 2009 ταῖς
427 1972 585 2017 ὀροφαῖς
611 1973 793 2019 γραφικοὶ
819 1974 977 2008 πίνακες.
1019 1972 1118 2005 ’Ἐστι
1141 1973 1211 2017 γὰρ
1241 1972 1375 2016 κουράς
1403 1970 1420 2014 ἧ
1449 1973 1595 2017 κορυφή

117 2029 178 2062 καὶ
208 2026 225 2061 ὁ
252 2027 414 2072 γραπτὰς
437 2030 564 2066 πίναξ,
601 2028 780 2074 ἐγκουράς
807 2028 845 2061 δὲ
874 2026 890 2061 ὁ
915 2029 1183 2072 γεγραμμένος.
1231 2027 1274 2062 Et
1297 2027 1441 2072 Κουράς
1467 2029 1594 2073 ὀροφι-

117 2082 179 2120 κὸς
202 2084 319 2120 πίναξ,
345 2083 445 2129 παρὰ
472 2083 510 2116 δὲ
539 2083 706 2128 Αἰσχύλῳ
733 2082 1026 2127 ἀμφιβάλλεται,
1053 2081 1095 2117 de
1121 2093 1188 2126 quo
1215 2084 1403 2118 novissime
1431 2083 1600 2120 disseruit

116 2138 330 2174 Hermannus
359 2137 487 2183 Opu-sc.
515 2139 550 2173 T.
576 2138 615 2174 V.
646 2140 718 2176 145.
745 2139 870 2174 Prioris
895 2140 1034 2182 glossae
1062 2142 1192 2182 partem
1217 2142 1426 2181 postremam
1449 2141 1500 2173 sic
1523 2139 1595 2176 sere

117 2193 335 2229 scribendam
362 2194 527 2229 arbitror:
567 2195 639 2228 ἔστι
673 2195 744 2240 γὰρ
770 2194 904 2239 κουράς
928 2194 945 2236 ἡ
972 2193 1115 2239 κορυφὴ
1139 2195 1199 2225 καὶ
1234 2192 1412 2238 ἐγκουράς
1448 2192 1466 2227 ὃ
1492 2193 1593 2240 ἔγγε-

115 2252 340 2294 γραμμέιός.
388 2251 424 2284 Si
458 2250 654 2294 Aeschylus
685 2252 732 2286 ita
766 2253 905 2295 scripsit
938 2250 1068 2296 γραφῇ
1103 2253 1297 2293 :mos-ergon
1328 2249 1419 2291 ὄψιν
1442 2247 1488 2287 ὥς
1509 2250 1588 2283 'EP-

115 2307 321 2343 ΚΟΥΡΑΔΙ,
349 2305 474 2349 ambigi
503 2310 639 2350 poterat
663 2310 773 2341 utrum
799 2306 1015 2350 significetur
1040 2306 1167 2350 γραφὴ
1195 2305 1234 2338 ἐν
1257 2304 1411 2349 κουράδι
1437 2315 1476 2339 an
1504 2316 1589 2350 γρα-

117 2359 167 2404 φὴ
197 2359 375 2404 ἐγκουριὶς
399 2361 512 2407 imago
539 2362 722 2396 lacunaris.
770 2362 913 2406 Κουράς
937 2363 1114 2396 summitas
1146 2363 1219 2396 sive
1254 2364 1382 2396 tectum
1414 2362 1591 2405 interpre—

116 2418 175 2450 tati
202 2419 280 2450 sunt
304 2423 341 2449 ut
364 2414 484 2458 Κόρση
510 2415 666 2461 κορυφή,
693 2418 867 2462 quomodo
888 2422 1007 2453 vertex
1036 2418 1159 2451 montis
1186 2417 1322 2450 dicitur.

204 2487 265 2529 26)
290 2487 409 2521 Sehoi.
440 2486 532 2521 adh.
560 2488 581 2522 l.
609 2489 642 2522 εἰ
672 2489 712 2523 δὲ
746 2489 998 2534 μενεάιιηλάδες
1023 2487 1209 2533 γράφεται
1241 2487 1319 2520 ἀντὶ
1357 2491 1418 2520 loz?
1449 2485 1594 2529 θήλειαι

116 2542 196 2579 εἰσὶ,
219 2542 365 2578 sortasse
402 2542 648 2586 γενὲμηλάδες
679 2547 830 2590 scripsit.
880 2545 1023 2587 Vulgato
1058 2544 1171 2579 simile
1203 2541 1389 2578 Ἐνοιάδες
1419 2541 1520 2586 αἶγες
1554 2543 1592 2575 αὶ

114 2597 164 2640 μὴ
190 2596 433 2640 κορὺῑιιουσαι
458 2599 539 2634 Hes.
571 2603 605 2636 et
629 2601 822 2638 κατοιάδες
846 2602 879 2633 οἱ
907 2601 966 2641 τῆς
992 2602 1145 2643 ποίμνης
1171 2596 1346 2643 ἡγεμόνες
1369 2596 1470 2641 αἶγες
1487 2597 1588 2632 Paus-

117 2652 171 2687 lx.
201 2653 252 2695 13,
273 2653 306 2689 2.
327 2663 394 2688 uon
419 2654 461 2688 ab
480 2657 556 2691 οἴω.
584 2659 620 2690 ut
647 2660 776 2700 putant,
803 2656 867 2692 sed
896 2656 937 2690 ab
965 2654 1016 2692 οἷς
1041 2659 1236 2698 utrumque.
1284 2653 1371 2688 Num
1399 2652 1451 2687 his
1475 2653 1591 2697 signi-

115 2701 259 2743 ficantur
285 2708 452 2751 hybridae
478 2712 534 2753 qui
562 2721 604 2747 ex
630 2714 746 2747 ovium
774 2722 850 2748 cum
876 2713 989 2755 capris
1017 2710 1203 2745 concubitu
1227 2709 1437 2744 nascuntur?

1213 2764 1301 2807 29*
