1747 3005
227 745 454 796 Nominum,
486 756 589 796 quae
619 745 710 785 huie
741 744 972 797 quaestioni
993 743 1181 794 subjecta
1202 746 1309 794 sunt,
1333 753 1454 794 quum
1477 744 1590 780 tanta

118 810 172 849 sit
212 810 333 861 copia
378 814 421 850 ut
464 811 542 850 nisi
587 811 737 861 partita
781 815 820 851 et
867 809 1082 850 distributa
1125 808 1320 848 illustrari
1369 810 1587 858 nequeant,

116 875 350 926 partitionis
392 879 524 915 autem
566 876 669 914 ratio
700 886 781 916 una
810 878 1015 928 suppetat,
1047 886 1096 915 ex
1128 874 1286 926 etymis,
1318 872 1465 924 quibus
1497 871 1587 912 sin-

113 937 209 988 gula
239 937 481 992 adhaerent,
521 940 752 981 universam
793 941 949 981 turbam
986 941 1027 980 in
1066 944 1126 980 tot
1166 940 1325 979 classes
1357 936 1586 978 describam

113 1006 213 1054 quot
257 1008 352 1043 sunt
392 1005 590 1044 orationis
631 1010 771 1056 partes
814 1005 864 1045 ad
905 1004 1212 1058 propagandum
1251 1003 1431 1053 liabiles3
1472 1012 1520 1042 ac
1549 1001 1585 1041 si

112 1067 208 1119 quid
237 1068 478 1109 intercurret
508 1070 696 1123 ambigui,
728 1082 776 1110 eo
809 1076 1040 1122 apponetur
1061 1070 1168 1123 loco,
1199 1070 1263 1110 cui
1282 1068 1455 1109 maxime
1479 1077 1583 1107 con-

111 1133 250 1174 venire
279 1138 348 1174 aut
378 1135 539 1175 minime
570 1135 854 1178 disconvenire
883 1136 1096 1177 videbitur.

219 1213 259 1257 δ.
303 1209 336 1250 1.
403 1211 466 1252 Ab
504 1211 857 1254 indeclinabilibus
909 1212 988 1253 duo
1038 1213 1334 1261 processerunt
1383 1205 1496 1260 διχάς
1542 1212 1582 1248 et

108 1270 245 1324 2130&st
283 1286 387 1326 quae
426 1277 461 1316 si
492 1277 583 1328 quis
615 1289 638 1316 a
670 1278 815 1318 futuris
849 1278 988 1329 potius
1027 1276 1088 1314 sic
1118 1278 1160 1313 ut
1188 1277 1351 1313 veteres
1380 1271 1509 1319 Αὐλίς
1535 1269 1580 1311 ἐκ

106 1340 182 1378 τοῦ
209 1334 364 1379 aduam
392 1340 569 1391 Epimer.
602 1340 732 1383 Cram.
763 1342 789 1382 Ι.
823 1342 886 1382 15.
916 1338 1025 1386 ἐλπίς
1054 1339 1105 1379 ab
1136 1335 1278 1386 ἐλπίζω
1318 1341 1395 1377 etc.
1428 1350 1466 1377 v.
1495 1337 1578 1377 Pa-

105 1404 193 1446 rall.
224 1404 313 1446 122.
344 1405 594 1446 arcessenda
623 1410 738 1458 putet
769 1409 807 1446 et
839 1405 1024 1446 similiter
1053 1400 1181 1452 ψεκάς
1210 1415 1234 1443 a
1271 1399 1460 1453 ψεκάσω,
1499 1412 1578 1442 στι-

104 1466 180 1522 βάς
209 1481 233 1510 a
262 1467 459 1523 στοιβάζω
490 1471 576 1512 ΕΜ.
608 1469 797 1512 ostendat
837 1473 1002 1521 oportet
1041 1480 1112 1510 cur
1150 1469 1451 1509 circumfluente
1481 1479 1578 1509 ver—

104 1535 248 1576 borum
287 1536 519 1587 hujusmodi
558 1537 678 1588 copia
716 1540 796 1575 tam
835 1546 967 1586 pauca
997 1535 1254 1586 reperiantur
1284 1545 1388 1585 quae
1417 1535 1466 1575 ab
1497 1534 1578 1575 hoe

104 1601 304 1652 principio
345 1601 475 1652 repeti
506 1602 689 1653 possint,
727 1599 879 1639 nullum
907 1599 1017 1651 quod
1047 1611 1222 1639 necesse
1253 1600 1328 1650 sit,
1360 1611 1452 1640 nam
1486 1601 1575 1640 Θυ-

103 1662 238 1713 σιάδες
275 1663 411 1706 ἔνθεοι
447 1666 622 1716 Hesycli.
661 1667 702 1705 in
739 1661 941 1711 θυστάδες
978 1664 1210 1704 mutandum
1252 1667 1337 1717 est,
1367 1676 1442 1716 pro
1483 1660 1576 1705 οἷον

101 1732 254 1778 θυσίας
292 1732 389 1783 (sic)
429 1727 602 1783 ἀρθεῖσα
638 1730 829 1772 Philostr.
868 1730 1016 1781 Imagg.
1052 1729 1097 1769 Il.
1132 1728 1194 1777 19,
1224 1728 1318 1770 826.
1354 1729 1573 1771 Jacobsius

102 1801 215 1836 recte
243 1794 369 1843 θυιάς
398 1798 559 1848 posuit,
599 1808 674 1837 nec
701 1792 870 1848 βακχιάς
900 1807 923 1835 a
952 1791 1160 1847 βακχιάσω
1191 1794 1415 1835 derivatum
1445 1795 1520 1836 sed
1550 1807 1573 1836 a

101 1858 278 1914 βάκχιος.
309 1886 362 1890 -
391 1862 517 1902 Multo
551 1862 667 1914 plura
698 1873 747 1902 ex
777 1861 913 1901 verbis
954 1860 1190 1912 exuberant,
1223 1871 1327 1911 quae
1358 1861 1453 1912 quia
1483 1872 1572 1902 oum

102 1927 192 1967 aliis
224 1928 445 1968 cohaerent
466 1928 641 1978 posthac
662 1926 889 1978 afferendis,
908 1937 1166 1966 numerorum
1185 1925 1295 1965 notis
1317 1925 1572 1977 distinguam.

102 1992 275 2032 Primum
315 1993 436 2043 igitur
479 1993 531 2039 (Ι)
573 2004 596 2032 a
626 1994 758 2044 puris:
804 1988 929 2038 θυιάς
964 1988 1076 2043 παρὰ
1111 1987 1158 2031 τὸ
1195 1988 1291 2031 θύω
1329 1992 1571 2047 πλεονασμῷ

100 2058 176 2098 τοῦ
204 2058 226 2097 ῐ
253 2058 338 2098 ΕΜ.
368 2057 461 2110 457,
496 2056 555 2098 19.
587 2058 654 2108 qui
684 2058 947 2109 pleonasmus
976 2057 1018 2096 in
1047 2057 1206 2097 aeolico
1237 2056 1346 2096 θυίω
1367 2058 1573 2110 apparet,2

100 2120 199 2171 ψιάς
236 2119 318 2163 ἀπὸ
356 2123 432 2162 τοῦ
469 2124 551 2170 ψίω
595 2123 731 2163 Schol.
765 2122 935 2162 Theoor.
966 2122 992 2163 Ι.
1023 2135 1058 2163 V.
1091 2122 1125 2162 1.
1156 2121 1266 2173 quod
1296 2132 1386 2161 cum
1415 2121 1572 2162 Eusta-

101 2190 209 2229 thius
239 2186 419 2241 ἄῤῥητον
447 2187 556 2241 ῥῆμα
585 2192 767 2240 voearet,
797 2187 928 2228 solum
960 2188 1140 2227 sortasse
1172 2197 1370 2238 praesens
1402 2191 1572 2238 specta-

101 2254 170 2305 vit,
199 2250 341 2303 πτυάς,
370 2251 521 2304 πλωάς,
545 2248 654 2300 Ὗάς.
714 2252 903 2294 Secundo
938 2252 1007 2304 (II)
1038 2249 1215 2304 βοσκάς,
1255 2248 1368 2304 ἰσχάς
1406 2263 1571 2306 ancora,

99 2314 269 2372 μαινάς,
299 2316 472 2371 μυλλάς,
511 2323 552 2360 et
590 2330 695 2371 quae
732 2319 981 2359 Philoxenus
1010 2318 1098 2359 EM.
1128 2316 1232 2371 818,
1260 2317 1325 2360 48.
1355 2328 1446 2359 cum
1474 2314 1572 2365 ψιάς

193 2505 230 2548 1)
263 2504 316 2539 Ab
350 2503 505 2547 epitheto
533 2503 590 2540 dei
623 2504 720 2541 Εὔας
742 2504 901 2541 Είῖαντος
923 2505 1125 2539 nasceretur
1149 2501 1287 2539 εὐαντίς
1310 2503 1366 2538 vel
1401 2502 1568 2540 εὐαντιιίς

102 2561 140 2593 ut
163 2560 315 2596 Θοανῖίς
340 2559 528 2597 Θοαντιάς.
575 2558 645 2594 Sed
669 2561 826 2594 novimus
853 2559 955 2594 modo
979 2559 1155 2603 proprium
1178 2557 1386 2599 Εὐαντίδης.

189 2624 228 2667 2)
261 2625 417 2661 Eundem
451 2624 647 2660 Dindorfius
680 2627 851 2661 transtulit
885 2625 928 2660 ad
954 2622 1198 2667 παραφυάδες
1220 2625 1255 2658 in
1278 2623 1442 2658 Nicandri
1463 2633 1566 2660 versu

102 2678 227 2714 Athen.
252 2679 296 2714 ll.
322 2680 377 2715 71.
406 2680 444 2714 l).
472 2680 538 2716 sed
565 2683 599 2716 et
624 2680 766 2718 verbum
797 2680 878 2725 φύω
907 2679 1075 2717 interdum
1098 2679 1234 2723 ypsilon
1253 2679 1392 2723 longum
1419 2678 1536 2716 habet.
