1699 3021
271 183 341 225 DE
372 180 554 224 NOMIN.
583 179 638 223 IN
665 171 717 223 υ-λ
755 177 1103 222 EXEUNTIBUS.
1142 178 1185 221 C.
1204 178 1267 220 IV.
1298 182 1337 226 §.
1359 177 1392 220 1.
1492 178 1568 221 121

703 311 736 353 C
749 311 846 352 AP.
893 310 963 353 lv.

520 405 598 448 De
630 404 955 447 terminatione
989 403 1050 447 υλ
1088 425 1147 432 -

208 501 247 546 5.
280 498 314 540 1.
372 499 547 553 Propter
582 508 767 551 magnam
802 499 998 537 accentus
1027 494 1347 536 inconstantiam
1376 504 1573 546 praeser-

97 561 167 604 tim
196 563 238 604 in
267 565 492 616 trisyllabis
521 566 650 618 primo
682 564 776 604 loco
808 574 957 616 ponam
986 561 1151 604 Arcadii
1182 563 1404 614 praecepta
1432 570 1481 600 ex
1506 559 1573 601 in·-

99 627 298 670 ordinatis
344 631 386 670 in
434 630 615 671 ordinem
660 629 839 670 redacta.
903 629 1105 679 Pleraque
1152 626 1274 677 igitur
1313 630 1574 677 paroxytona

99 697 216 745 sunt3
265 696 435 746 primum
472 695 703 748 adjectiva,
745 704 917 746 quorum
955 694 1086 746 prima
1123 692 1246 742 longa
1287 694 1351 731 est
1388 688 1572 742 αἱμύλος,

97 754 276 811 ἆγκύλος
306 765 382 802 eto.
413 766 586 814 excepto
618 772 698 801 uno
730 759 918 810 αἴσυλος,
960 759 1069 811 quod
1098 758 1283 799 nonnulli
1316 768 1366 797 ex
1395 752 1575 810 ἀήσυλος

100 829 356 867 contractum
387 828 550 879 volunt,
582 825 763 867 seeundo
793 825 1041 878 appellativa
1071 829 1111 866 et
1140 824 1320 877 propria,
1348 834 1454 875 quae
1484 834 1574 864 eam

100 891 301 942 syllabam
326 897 473 933 natura
502 893 665 944 longam
693 891 843 932 habent
864 887 1084 944 κρωβύλος,
1101 890 1115 916 1
1137 886 1360 942 Ῥωμύλος,
1392 889 1574 941 exeeptis

101 957 288 1010 paucis,2
331 959 451 998 tertio
487 958 586 998 illud
615 968 745 1009 genus
777 958 1059 1009 propriorum,
1099 956 1162 996 eui
1201 956 1330 1007 prima
1365 955 1574 1007 positione

99 1020 224 1073 longa
244 1019 464 1075 Δερκύλος,
497 1020 722 1074 Βακχύλος,
753 1026 898 1073 quarto
921 1022 1114 1061 tribrevia
1143 1032 1248 1072 quae
1278 1031 1410 1072 neque
1440 1031 1464 1060 a
1493 1031 1575 1060 no—

98 1087 274 1128 minibus
302 1088 543 1139 isosyllabis
575 1087 759 1129 derivata
787 1091 882 1128 sunt
906 1091 948 1126 ut
969 1083 1154 1138 σταφυλή
1176 1082 1412 1138 Στάφυλος,
1441 1096 1575 1136 neque

99 1152 141 1192 in
171 1154 370 1206 principio
392 1155 477 1194 iota
499 1154 650 1194 habent
680 1157 723 1193 ut
752 1151 954 1202 πίτυλος,3
971 1149 1129 1199 Ἴτυλος
1157 1148 1204 1191 τὸ
1229 1147 1388 1202 κύριον.
1444 1150 1575 1201 Hujus

100 1222 235 1258 autem
266 1220 399 1271 quarti
431 1219 585 1260 ordinis
605 1219 716 1260 nulla
736 1219 851 1259 affert
873 1218 1059 1271 exempla
1074 1218 1153 1258 nisi
1177 1217 1346 1269 propria
1364 1212 1577 1268 Χρεμύλος

99 1281 169 1324 καὶ
197 1282 439 1336 Κρατύλος,
482 1297 556 1327 seu
595 1297 696 1326 casu
725 1295 799 1325 seu
831 1285 925 1338 quia
953 1284 1064 1324 nulla
1094 1288 1234 1324 extant
1271 1283 1350 1323 nisi
1382 1285 1576 1333 oxytona.

99 1349 444 1402 Proparoxytona
481 1363 579 1404 ergo
617 1355 712 1394 sunt
750 1350 1000 1402 appellativa
1045 1352 1216 1402 quorum
1258 1348 1578 1400 antepenultima

100 1416 310 1467 positione
338 1416 588 1472 producitur,
628 1414 849 1465 κόνδυλος,
888 1411 1143 1469 σφόνδυλος·
1172 1411 1220 1454 τὸ
1250 1410 1480 1463 δὲ’Ἀξυλος
1507 1411 1578 1454 καὶ

90 1475 268 1530 Ὄξυλος
302 1479 464 1530 τούτοις
492 1478 774 1537 ἠκολούθησε,
822 1486 993 1535 propter
1023 1492 1248 1522 consonam
1276 1479 1496 1533 duplicem,
1533 1482 1578 1520 ut

103 1546 201 1590 dicit
218 1548 350 1590 Anon.
373 1548 503 1590 Cram.
526 1549 553 1591 I.
581 1548 645 1591 51.
675 1546 720 1589 ἐν
749 1543 996 1603 ἀμφοτέροις
1013 1538 1105 1598 ’τὸ-ξ
1133 1544 1184 1588 ὂν
1214 1542 1293 1587 οὐκ
1320 1542 1578 1586 ἀντιπίπτει.4

196 1725 232 1767 1)
266 1724 339 1758 Hoc
376 1734 418 1759 ex
444 1724 555 1758 Cram.
582 1725 608 1759 I.
637 1724 691 1760 51.
726 1724 867 1768 reposui
900 1732 960 1767 pro
994 1720 1179 1766 κρόκυλος.
1234 1720 1393 1765 Sequens
1426 1719 1579 1768 ἄκρύλος

105 1781 309 1816 auctoritate
337 1780 468 1814 codicis
494 1781 594 1814 omisi
621 1789 639 1813 a
667 1789 703 1814 re
729 1780 908 1822 proposita
936 1777 1096 1811 alienum.

194 1841 232 1884 2)
269 1842 517 1884 §eorl-,azimun
545 1839 580 1872 τὸ
605 1839 747 1876 αἴῑυλος
781 1839 840 1871 καὶ
866 1837 1016 1882 ὄγκυλος
1047 1836 1150 1871 scrib.
1181 1835 1326 1873 Οἴτυλος
1351 1836 1411 1868 καὶ
1428 1835 1580 1880 ’Ώγυλος

108 1896 276 1940 (Steph.).
325 1894 452 1929 Osanni
479 1896 713 1930 correctiones
739 1894 781 1928 ad
806 1894 950 1928 Pliilem.
979 1903 1013 1936 p.
1041 1893 1095 1928 55.
1119 1892 1255 1929 Ἴτυλος
1279 1891 1339 1924 καὶ
1357 1892 1499 1929 Ὄξυλος
1521 1902 1579 1928 res

106 1953 183 1997 ipsa
205 1952 349 1994 respuit.
400 1950 500 1991 Quod
534 1950 681 1985 Tzelzes
716 1949 835 1984 scribit
862 1949 903 1983 ad
928 1948 1008 1992 Lyc.
1035 1948 1112 1983 387.
1148 1946 1297 1992 κηρύλος
1314 1946 1578 1993 παροξυτόνως,

104 2007 264 2051 κείρυλος
289 2006 327 2039 δὲ
352 2004 676 2049 προπαροξυτόνως
704 2009 771 2040 etc.
803 2008 948 2039 sumtum
981 2007 1034 2039 est
1065 2012 1084 2038 e
1112 2002 1230 2037 Schol.
1256 2002 1362 2036 Arist.
1389 2002 1475 2037 Avv.
1501 2003 1578 2039 300.

104 2062 163 2099 uhi
190 2062 233 2098 de
259 2065 405 2096 accentu
429 2061 513 2094 nihil
538 2060 602 2095 sed
628 2061 730 2095 modo
757 2061 825 2095 hoo
850 2060 984 2102 dicitur,
1012 2058 1049 2091 τὸ
1083 2057 1176 2091 κατὰ
1207 2056 1320 2102 (Ῑύσιν
1357 2058 1475 2102 ὄνομα
1511 2061 1580 2092 κεί-

103 2117 208 2165 ρυλος
232 2117 405 2161 λέγεσθαι
433 2115 471 2159 [a
492 2115 634 2159 κεῖρις].

196 2173 234 2216 3)
269 2172 455 2215 Goettling.
485 2182 518 2215 p.
546 2172 622 2208 185.
643 2170 807 2207 ’Ἄστυλος
831 2171 1012 2214 proponit,
1047 2167 1110 2204 sed
1137 2167 1356 2203 desideratur
1379 2167 1436 2202 hic
1465 2171 1499 2203 et
1525 2178 1581 2212 ap.

107 2228 262 2271 Theogn.
289 2228 342 2263 61.
370 2237 506 2271 nomen,
534 2229 632 2270 cujus
658 2228 767 2271 prima
792 2228 862 2259 iota
887 2226 1039 2260 continet
1063 2227 1099 2257 ut
1123 2223 1294 2260 Σίπυλος,
1329 2223 1490 2261 πίτυλος,
1523 2226 1581 2268 μί-

107 2283 219 2319 τυλος.
252 2282 406 2319 Πίπυλος
431 2283 693 2329 alauda,¹quod
727 2282 779 2316 Du
805 2281 954 2324 Cangius
991 2290 1033 2316 ex
1056 2278 1173 2314 Schol.
1199 2277 1262 2311 Ms.
1289 2278 1435 2313 Theocr.
1460 2277 1499 2313 X.
1526 2280 1581 2316 50.

107 2339 248 2383 profert,
275 2340 450 2374 recentius
476 2339 636 2381 videtur3
662 2337 814 2371 Πίτυλοιι
838 2334 1054 2382 ὀρνιθάριόν
1078 2346 1109 2366 τι
1137 2334 1266 2377 ἄγριον
1292 2333 1373 2367 Hes.
1400 2334 1580 2369 incertum.

195 2396 233 2439 4)
271 2396 309 2430 In
333 2395 401 2430 hoo
424 2395 672 2438 Epimerismo,
707 2394 806 2436 cujus
846 2395 948 2436 caput
976 2394 1068 2427 extat
1096 2391 1131 2423 in
1155 2388 1230 2423 EM.
1257 2392 1291 2423 et
1320 2388 1409 2423 Gud.
1438 2392 1584 2432 quatuor

109 2455 343 2496 proponuntur
367 2459 518 2485 canones
543 2449 606 2485 sed
633 2448 754 2483 ordine
782 2447 978 2491 perturbato
1013 2446 1199 2488 multisque
1232 2445 1382 2478 omissis.
1428 2443 1480 2477 Ex
1514 2445 1583 2479 illis

110 2506 201 2540 οὕτω
229 2505 267 2539 τὸ
285 2505 426 2544 Ὄξυλος
451 2506 513 2538 καὶ
530 2505 672 2543 ’Ἁξυλος
697 2504 865 2546 conjicias
890 2507 967 2537 ante
993 2500 1084 2534 oifzw
1110 2500 1286 2535 excidisse
1322 2508 1447 2534 nomen
1481 2500 1583 2542 ejus-

112 2562 190 2597 dem
214 2562 356 2603 moduli,
386 2560 449 2596 sed
475 2569 542 2594 non
567 2561 728 2594 convenit
752 2558 843 2602 quod
862 2556 1037 2593 antecedit
1054 2554 1152 2599 παρὰ
1182 2553 1217 2587 τὸ
1243 2554 1376 2598 dodum
1401 2553 1585 2598 δραμύλος

110 2615 275 2649 ἐναντίον
301 2619 374 2653 τοῖς
398 2615 469 2649 ἀπὸ
494 2617 594 2649 θέσει
619 2613 765 2660 μακρᾶς
789 2613 1009 2657 ἀρχομένοις
1039 2612 1194 2654 κυρίοις,
1227 2610 1293 2644 nisi
1327 2609 1389 2644 suit
1420 2608 1519 2653 παρὰ
1546 2608 1583 2641 τὸ

110 2670 244 2714 δρᾶξτιι
274 2669 454 2715 Δρὰξυλος
485 2671 547 2705 καὶ
576 2670 768 2708 Δάκτυλος.
803 2669 897 2703 ‚lloc
925 2668 1016 2704 enim
1054 2673 1179 2702 nomen
1209 2666 1363 2701 nonnulli
1397 2675 1418 2702 a
1453 2664 1586 2709 δρᾶξαι

111 2727 281 2769 repetunt.
