1699 3021
238 155 306 198 DE
336 151 625 197 NOMINIBUS
655 151 709 193 IN
739 151 767 193 ῦ
795 150 1140 195 EXEUNTIBUS.
1175 154 1215 195 C.
1233 155 1295 198 IV.
1327 161 1365 206 §.
1385 158 1422 201 2.
1480 160 1574 204 203

102 264 354 310 C.P0n.v1.
377 265 442 306 70.
483 264 720 316 Χαροπῖνος
747 261 897 302 Herod.
924 262 969 302 V.
993 260 1057 303 99.
1095 259 1355 317 Εὐοφελῖνος
1385 269 1434 310 ab
1464 267 1573 312 εὐω-

100 329 245 386 φελής,
282 334 395 383 put0.
456 330 493 371 A
531 328 801 369 substantivis
840 328 928 369 sive
966 329 1145 380 propriis
1184 331 1271 372 sive
1311 336 1571 386 appellativis

95 394 323 450 Ἀρκτινος,
350 391 601 446 Ἀτταγῖνος,
634 395 877 445 Βροντίνος,
909 396 1161 444 Δονακῑνος,
1186 391 1329 449 ‘Eppia
1331 413 1394 452 ος,
1427 404 1572 454 Ζεφυ..

68 478 79 490 ⁰
99 466 224 517 ρῖνος,
242 464 435 510 Λυκῖνος,
455 461 706 506 Σκοπελῖνος
723 458 885 500 Pindari
903 462 1020 511 pater
1040 457 1272 510 (Σκόπελος
1291 463 1416 507 Inscr.
1434 466 1570 521 1246.)

99 531 329 580 Στρατῖνος
368 527 495 567 lnscr.
528 536 565 566 n.
599 524 714 566 1584.
752 536 788 563 v.
823 524 884 565 14.
928 526 1118 573 Φωκῖνος
1148 537 1185 568 n.
1216 528 1308 569 475.
1358 530 1446 571 Jam
1484 543 1581 574 rem.

99 598 349 636 transactam
398 592 661 644 haberemus,
711 589 791 629 nisi
837 589 1148 632 intercessisset
1192 593 1466 639 RuhnkeniuS.
1529 599 1569 640 Is

100 661 206 700 enim
234 660 337 700 nist.
369 657 498 699 Orati.
531 668 569 708 p.
606 655 694 696 127.
728 650 922 706 Ἀρχῖνος,
948 650 1158 709 Ἀλφῖνος,
1191 660 1417 713 Καλλῖνος,
1446 659 1572 705 Ἀντῖ-

98 726 215 775 2›03‚⁷
244 726 426 771 Λασῑυος
457 727 533 763 etc.
563 731 647 762 non
677 720 878 772 simplicia
908 732 1003 762 esse
1034 723 1204 764 affirmat
1235 725 1308 766 sed
1340 730 1573 781 composita

100 802 190 831 cum
219 790 382 830 nomine
410 789 531 837 νοῦς,
562 787 642 827 hoc
672 790 910 838 argumento
943 788 1052 839 quod
1083 789 1223 830 eadem
1253 792 1349 833 alibi
1379 795 1571 837 scriban—

100 859 163 895 tur
193 855 366 907 plenius,
391 849 610 905 Ἀρχίνοος,
645 852 856 898 Πασίνους
877 856 953 893 etc.
1000 853 1126 906 Haec,
1158 857 1300 911 inquit,
1332 862 1569 902 contractio

101 920 274 960 Graecis
307 922 437 960 ettam
461 919 626 970 placuit
655 919 698 957 in
728 917 967 958 nommibus
999 921 1294 973 ctppellatimts;
1336 924 1571 977 Hesychius

99 982 293 1033 Κακόνος
325 984 542 1025 κακονοῶν
564 985 604 1023 et
624 985 807 1029 Λασῐνος
828 980 1083 1035 ἐπιλήσμων·
1116 997 1360 1040 quanquam
1381 992 1571 1044 ilttellz'qo

97 1062 183 1092 non
211 1062 412 1102 maenam
442 1051 484 1089 ιή
515 1048 671 1089 talibas
704 1058 797 1088 esse
825 1047 1021 1099 Ilesyeletlc'
1052 1053 1370 1094 auctoretatem.
1418 1057 1572 1100 Postea

98 1128 161 1168 ap.
193 1117 359 1157 Santen.
390 1115 440 1155 ad
469 1114 642 1155 Terenti
636 1124 697 1153 in
726 1125 764 1165 p.
788 1113 879 1154 284.
911 1113 1063 1154 addidit
1093 1115 1308 1167 dupliciter
1338 1120 1416 1160 dici
1441 1118 1572 1177 Ἡγη-

97 1181 239 1228 σίνους
269 1186 309 1221 et
333 1177 564 1232 Ηγεσῖυος,
604 1181 665 1220 sic
694 1183 737 1219 ut
767 1176 967 1231 δορυξόος
996 1184 1035 1220 et
1064 1179 1255 1233 δορυξός,
1295 1186 1441 1237 quihus
1473 1199 1572 1230 001·-

96 1250 239 1298 reptae
268 1246 433 1286 ultimae
464 1245 659 1297 exemplis
692 1244 836 1285 Corais
879 1245 1017 1297 adJ'ieit
1054 1244 1196 1294 διπλός
1226 1252 1265 1288 et
1292 1250 1494 1305 χρυσοχός
1522 1255 1573 1298 ad

97 1311 226 1352 Isocr.
256 1322 292 1363 p.
323 1311 415 1352 278.
450 1311 530 1351 Cur
559 1322 656 1351 vero
690 1321 794 1362 quae
824 1306 989 1351 ultimae
1019 1313 1206 1363 proxima
1237 1320 1300 1355 est
1330 1318 1492 1368 syllaba
1521 1333 1573 1363 ex

96 1377 211 1418 brevi
238 1376 396 1416 reddita
426 1377 479 1417 sit
508 1376 644 1429 longa,
676 1381 715 1416 et
745 1376 810 1416 hic
837 1377 1143 1429 inexplanatum
1177 1381 1340 1433 reliquit
1372 1387 1411 1423 et
1430 1385 1573 1428 Ruhn-

97 1441 254 1483 kenius.
308 1441 390 1483 Sed
431 1443 518 1483 sine
550 1441 671 1482 dubio
703 1442 808 1483 idem
840 1447 1059 1484 senserunt
1089 1445 1198 1496 quod
1227 1447 1497 1493 Buttmannus
1531 1454 1573 1495 in

101 1506 271 1548 Gramm.
295 1511 334 1554 §.
361 1507 426 1548 36.
459 1508 644 1559 syllabae
674 1509 805 1549 finalis
837 1509 997 1561 pondus
1031 1510 1267 1553 inclinatum
1299 1525 1394 1556 esse
1422 1517 1463 1558 in
1493 1530 1572 1560 an-

99 1572 364 1614 tecedentem.
419 1574 546 1622 Quam
577 1575 816 1625 quantitatis
857 1574 1103 1615 metathesin
1140 1576 1300 1619 duobus
1332 1582 1573 1626 confirmare

98 1639 196 1678 licet
236 1639 458 1691 exemplis,
505 1641 672 1686 λασῑνος
710 1644 749 1680 et
788 1639 898 1690 quod
935 1640 1009 1682 illi.
1033 1642 1176 1683 afferre
1213 1645 1481 1695 neglexerunt
1519 1649 1570 1691 ab

101 1704 244 1745 eodem
264 1704 468 1754 Hesychio
498 1704 686 1744 traditum
715 1705 880 1757 Τερῐνος
900 1705 1045 1757 τείρων
1067 1704 1268 1758 διάνοιαν,
1294 1711 1448 1752 λυπῶν.
1489 1715 1571 1757 Sed

99 1770 266 1810 multum
296 1779 442 1808 vereor
472 1779 522 1808 ne
552 1769 654 1808 haec
684 1771 735 1809 sit
767 1771 942 1810 nominis
984 1773 1140 1822 proprii
1184 1774 1469 1826 interpretatio
1500 1791 1572 1821 ar-

100 1836 236 1886 gutior
266 1845 385 1886 quam
415 1835 572 1885 verior;
601 1844 694 1874 nam
724 1836 891 1875 verbum
920 1835 1036 1887 τείρω
1068 1837 1118 1877 ad
1149 1842 1475 1892 componendum
1504 1846 1572 1886 in-

99 1900 234 1940 habile
274 1904 348 1940 est.
396 1899 518 1940 Addit
547 1899 724 1940 Ebertus
762 1901 803 1939 in
835 1901 1027 1942 Sicelion.
1061 1914 1098 1955 p.
1131 1903 1194 1945 95.
1240 1906 1359 1946 simili
1397 1910 1570 1960 quadam

99 1965 371 2017 productione
402 1976 451 2005 ex
472 1965 687 2016 Χαρίλαος,
723 1965 935 2017 Περίλαος,
969 1966 1192 2017 Βαθύλαος
1220 1971 1329 2012 sacta
1360 1985 1455 2016 esse
1485 1975 1570 2017 Χά-

98 2033 245 2082 ριλλος,
279 2027 476 2084 Πέριλλος
495 2035 569 2071 etc.
608 2031 750 2082 Neque
782 2038 914 2072 tamen
945 2032 1173 2074 dissimulat
1203 2047 1249 2076 se
1272 2040 1433 2080 nescire
1455 2052 1527 2083 cur
1548 2055 1572 2085 a

100 2097 305 2149 Χαρίνοος
334 2108 417 2137 non
437 2093 642 2149 Χάρωνος
672 2097 850 2137 extiterit
882 2103 923 2138 ut
943 2100 1148 2152 Χαρίλαος
1167 2098 1368 2154 Χάριλλος
1391 2107 1464 2147 sed
1487 2110 1573 2149 Χα-

99 2166 222 2216 ρῖνος.
281 2163 393 2210 Quae
439 2161 716 2214 discrepantia
760 2163 854 2203 mihi
896 2168 1009 2205 tanta
1047 2166 1205 2207 videtur
1244 2172 1288 2208 ut
1328 2175 1574 2217 sententiam

98 2230 230 2282 ipsam
256 2231 424 2269 evertat.
462 2228 681 2268 Praeterea
703 2225 904 2281 Χάριλλος
928 2234 967 2271 et
987 2236 1136 2285 cetera,
1168 2232 1217 2274 de
1246 2235 1393 2286 quibus
1424 2238 1574 2283 dictum

192 2422 229 2464 7)
263 2421 338 2455 Non
363 2420 430 2455 hoe
469 2420 560 2464 apud
585 2421 789 2455 Pausaniam
817 2421 942 2465 legitur
966 2423 1028 2457 sed
1057 2425 1228 2466 genitivus
1249 2425 1417 2473 ’Aufinum
1449 2433 1506 2473 qui
1532 2434 1575 2469 ad

97 2476 272 2512 Ἀντίνους
304 2476 423 2510 rel'erri
456 2480 571 2519 potest
602 2480 638 2510 ut
674 2479 847 2509 maminot)
885 2482 919 2512 et
939 2478 1138 2518 Ἀλκάθου,
1176 2491 1265 2524 quae
1294 2482 1515 2522 Buttmannus
1539 2490 1574 2525 in

103 2530 249 2565 Gramm
285 2531 315 2571 §.
342 2531 396 2566 36.
424 2531 491 2565 huc
514 2532 638 2574 ietert
665 2532 708 2566 ad
732 2536 810 2564 mu
825 2535 937 2570 cloec.
958 2533 1112 2566 'iamim
1097 2547 1156 2572 οις
1214 2537 1409 2574 Priscianus
1435 2542 1489 2576 VI.
1520 2545 1571 2588 17,

100 2586 177 2621 280.
206 2586 255 2629 (p.
287 2586 383 2629 720.)
416 2586 561 2621 Antinus
594 2589 769 2631 componit
798 2598 874 2622 cum
901 2569 1071 2631 Panthus,
1105 2592 1203 2632 cujus
1233 2597 1408 2635 postrema
1437 2599 1572 2641 produ-

103 2641 200 2675 citur.
249 2641 427 2675 Helladius
461 2642 691 2677 Besantinous
725 2644 761 2677 in
785 2643 859 2678 Eu.
885 2647 939 2680 ter
973 2648 1116 2679 vocatur
1142 2649 1382 2690 Βησαντῖνος,
1422 2657 1458 2690 ut
1491 2655 1572 2693 urbs

103 2697 193 2731 Besa
219 2697 295 2738 ipsa
320 2697 444 2731 Antino
472 2701 506 2733 et
531 2698 758 2743 Antinopolis.
