1731 3021
114 144 200 188 136
591 136 1023 183 DISSERTATIO
1073 134 1125 178 11.

124 253 288 296 dubium
325 262 424 293 vero
455 249 658 292 Athenaei
688 247 966 290 testimonium
996 244 1077 286 VII.
1107 244 1200 287 313.
1229 244 1275 286 E.
1311 241 1522 300 μόρμυρος
1547 270 1604 277 -

125 319 305 372 Δωρίων
335 314 378 358 δὲ
406 313 643 371 μορμύλους
670 315 803 364 καλεῖ,
834 311 944 364 quod
973 310 1186 361 legebatur
1225 309 1329 362 Opp.
1360 311 1459 363 Cyn.
1488 313 1516 354 I.
1539 313 1604 355 75.

124 385 213 426 Hal.
243 384 272 426 I.
304 384 394 426 100.
437 382 569 423 donee
609 379 885 424 Schneiderus
922 373 1134 430 μορμύρος
1170 377 1392 427 supposuit
1431 381 1606 419 accentu

126 449 341 492 mendoso.
380 448 562 489 Κίττυλα
588 443 638 487 τὰ
666 441 824 497 κελύφη
851 444 936 483 τῶν
961 442 1132 494 καρπῶν
1159 441 1256 482 Hes.
1282 441 1493 483 Albertius
1522 454 1607 485 non

126 517 265 568 inepte
305 526 395 556 oum
432 510 637 565 κύτταρον
676 511 856 563 confert,
903 507 1013 561 quod
1044 518 1067 548 a
1096 503 1219 554 κύτος
1247 506 1472 549 derivatum
1500 508 1607 550 idem

129 581 215 621 fere
254 580 469 632 signifieat.
535 578 689 627 Quibus
730 575 823 616 addi
862 576 1040 626 possunt.
1081 569 1275 626 Κόβαλος
1308 570 1527 626 τωθαστής
1568 578 1610 615 et

128 642 314 699 κόβειρος
343 641 532 697 σκώπτῃς
560 644 656 684 Hes.
681 641 887 692 verbaque
908 639 1156 688 τανταλίζειν
1178 642 1218 679 et
1239 638 1488 692 ταρταρίζειν
1514 640 1539 680 i.
1569 650 1608 692 q.

128 707 286 764 τρέμειν
316 715 356 751 et
384 711 551 750 latinum
583 708 790 749 canterius
820 707 844 747 i.
868 717 904 757 q.
934 701 1161 756 κανθήλιος
1189 701 1373 744 κάνθων.
1430 704 1611 745 Lambda

131 780 171 817 et
200 787 256 827 ny
286 777 536 816 commutant
560 769 742 825 Ἀνθήλη
771 794 825 800 -—
853 768 923 809 καὶ
947 765 1130 821 Ἀνθήνη
1153 766 1308 821 ἐκλήθη
1327 770 1466 821 Steph.
1488 782 1511 811 a
1530 771 1610 812 sso—

130 842 243 881 ribus
275 845 317 882 ut
335 837 521 890 Ἄνθεια,
537 836 764 887 Ἄνθυλλα,
787 830 1006 888 Ἀνθηδών
1037 839 1076 875 et
1096 836 1276 875 sortasse
1289 830 1465 888 Ἀθῆναι
1482 837 1612 888 ipsae.

134 907 233 946 Tum
264 905 468 957 adjectiva
495 901 699 956 κάγκανος
726 898 951 954 καγκάνεος
982 904 1021 941 et
1050 897 1274 953 καγκαλέος
1303 913 1339 942 v.
1371 901 1413 942 C.
1442 901 1471 942 Ι.
1504 906 1542 949 §.
1573 902 1611 944 6.

134 971 282 1024 quibus
322 971 442 1011 affine
481 974 545 1010 est
580 968 733 1009 herbae
770 977 920 1006 nomen
954 967 1129 1007 κακαλία
1172 970 1211 1006 et
1239 962 1469 1018 κάγκανον,
1510 979 1615 1019 quae

136 1036 279 1078 eadem
310 1048 406 1077 esse
436 1039 602 1088 putatur
631 1033 697 1074 vel
717 1032 884 1083 similis;
914 1028 1093 1080 ὄπτανος
1123 1036 1162 1072 et
1192 1027 1399 1080 ὀπταλέος.
1456 1033 1520 1074 Ad
1550 1034 1618 1074 ul-

136 1103 274 1143 timum
305 1113 411 1155 quae
435 1102 476 1142 in
505 1099 715 1142 homeri00
745 1108 870 1137 versu
893 1098 1179 1138 conflictantur
1209 1095 1398 1148 ῥοδανός,
1429 1096 1616 1151 ροδαλός,

137 1165 329 1219 ραδανός,
358 1162 567 1220 ῥαδινός.1
623 1164 780 1205 Infinito
808 1162 899 1214 plus
931 1162 1178 1203 difficultatis
1207 1162 1330 1203 habet
1355 1166 1543 1216 quaestio
1569 1165 1619 1207 de

137 1235 412 1285 geminatione
442 1229 643 1283 liquidae3
674 1229 845 1281 primurn
875 1234 1046 1280 propter
1078 1232 1292 1280 poetarum
1313 1228 1517 1270 licentiam
1540 1245 1620 1271 κυ-

137 1296 368 1352 νοκέφαλος
398 1302 438 1339 et
466 1291 764 1349 τετρακέφαλος
801 1294 861 1334 sio
892 1294 1187 1346 proferentium
1220 1298 1262 1334 ut
1293 1299 1361 1334 aut
1392 1306 1620 1339 consonam

139 1365 336 1416 geminari
357 1374 533 1404 neeesse
562 1362 615 1403 sit
639 1364 707 1400 aut
731 1360 886 1411 porrigi
905 1360 1091 1399 vocalem
1112 1371 1148 1399 v.
1172 1360 1372 1401 Muetzell.
1398 1361 1446 1401 tle
1467 1363 1618 1416 Theog.

140 1428 233 1470 449.
274 1430 381 1470 sieut
420 1428 556 1470 Sehol.
592 1426 718 1466 Arist.
753 1424 869 1466 1284.
913 1425 1085 1465 affirmat
1115 1422 1295 1478 σκυτάλη
1323 1427 1496 1469 mediam
1526 1429 1624 1470 lon-

141 1505 234 1546 gam
273 1495 436 1536 habere.
506 1492 674 1534 Ovidius
715 1495 861 1531 eontra
903 1491 981 1530 etsi
1022 1490 1231 1530 oraculum
1266 1491 1365 1532 illud
1406 1491 1624 1537 Μύσκελλε

143 1556 406 1612 βραχύνωτεῖ
439 1560 527 1600 sine
559 1558 680 1598 dubio
713 1567 795 1596 non
824 1555 1077 1606 incognitum
1108 1556 1260 1609 habuit,
1292 1562 1426 1599 tamen
1455 1559 1625 1612 Mysce-

145 1627 212 1666 lus
243 1625 529 1678 pronunciavit
558 1628 601 1663 ut
631 1619 825 1668 θέσκελος
853 1634 889 1661 v.
921 1621 1146 1662 Tzsohuek.
1176 1620 1226 1661 ad
1250 1622 1383 1665 Strab.
1410 1625 1509 1667 VIII.
1531 1627 1624 1669 311.

145 1692 301 1731 Rursus
333 1691 460 1743 piscis
491 1699 641 1729 nomen
666 1687 880 1739 pompatus
911 1690 1036 1738 poeta
1064 1687 1231 1737 ignotus
1260 1688 1301 1727 in
1330 1689 1502 1732 Halieut.
1533 1692 1625 1735 202.

149 1757 192 1797 T.
220 1757 247 1797 Ι.
278 1756 533 1796 Wernsdorf.
566 1766 602 1806 p.
636 1753 725 1794 173.
758 1752 971 1804 usurpavit
994 1751 1194 1804 producta
1214 1753 1346 1795 media
1364 1756 1502 1808 utique
1523 1768 1628 1798 eon-

151 1829 212 1862 tra
241 1826 421 1862 veterem
453 1818 815 1868 eonsuetudinem3
849 1818 953 1857 alius
973 1814 1182 1865 Φειδώλας
1198 1820 1319 1862 Anth.
1340 1822 1445 1874 App.
1468 1822 1515 1863 N.
1535 1822 1628 1865 389.

147 1887 220 1929 sed
250 1899 324 1938 pro
356 1887 465 1927 Iolas
504 1887 545 1925 in
583 1885 694 1925 exitu
723 1883 876 1924 senarii
917 1883 1026 1934 Virg.
1062 1888 1101 1923 et
1133 1884 1322 1936 Calpurn.
1352 1887 1438 1928 Eel.
1467 1889 1530 1929 VI.
1563 1888 1628 1931 96.

148 1954 301 1994 rectius
332 1952 458 1993 Iollas
496 1950 700 1991 scribitur.
762 1948 952 1989 Secundo
993 1950 1088 2000 quia
1118 1950 1272 1990 librarii
1301 1952 1423 1993 modo
1455 1954 1630 2009 lambda,

151 2019 298 2071 quibus
331 2017 513 2069 debetur,
542 2015 758 2056 detrahunt
788 2019 829 2054 ut
854 2010 1083 2067 κρύσταλος
1110 2027 1144 2055 V.
1173 2015 1338 2057 Jacobs.
1369 2018 1419 2059 ad
1437 2019 1630 2062 Philostr.

151 2084 244 2126 281.
289 2083 410 2124 modo
452 2082 604 2122 addunt
642 2092 722 2133 quo
763 2091 845 2119 non
886 2092 990 2132 opus
1029 2084 1114 2120 est:
1164 2077 1398 2133 Ῑόγγυλλος
1431 2085 1471 2125 in
1502 2086 1630 2128 Vatie.

155 2149 334 2201 Thucyd.
364 2149 444 2190 VII.
473 2148 511 2201 2,
544 2148 579 2189 1.
616 2142 868 2199 Κρώβυλλος
896 2147 936 2187 in
965 2146 1125 2186 duobus
1155 2146 1270 2187 codd.
1297 2147 1632 2204 8η1ἀ.κὴρυλλος

153 2217 195 2257 in
226 2215 315 2258 eod.
348 2215 501 2269 optimo
531 2213 693 2254 Aeliani
722 2212 767 2254 H.
796 2212 899 2252 Ann.
929 2211 974 2251 V.
1006 2211 1071 2253 48.
1113 2212 1192 2252 VII.
1228 2213 1290 2254 17.
1334 2214 1417 2256 XII.
1451 2215 1514 2258 19.
1551 2214 1633 2257 Θέ-

245 2389 279 2431 1)
312 2389 471 2424 Poteram
507 2389 605 2432 plul·a
640 2387 793 2432 proferre
826 2386 955 2431 αἰβάλη
991 2385 1146 2430 αῗβιὶνη,
1183 2387 1390 2432 κρούπαλον
1413 2388 1632 2436 κρούπαιόν,

154 2443 559 2486 ιῖινίψαλος](ἷνίψιινος,
584 2443 647 2478 sed
673 2444 819 2486 praetuli
849 2444 1009 2477 certiora.
1054 2443 1219 2486 Ἀσμολίη
1247 2441 1265 2483 ἡ
1292 2444 1445 2487 ἄγνοια·
1470 2444 1570 2492 παρὰ
1597 2447 1633 2479 τὸ

157 2496 254 2534 εἶδος
276 2498 395 2541 ἴδμων
416 2496 565 2540 ἷδμονιά
585 2498 757 2541 (ἓϊύζιιωίἀ
780 2499 840 2530 καὶ
862 2498 971 2543 τροπῇ
994 2498 1067 2531 EM.
1092 2509 1110 2532 a
1129 2499 1254 2533 celeris
1274 2497 1426 2541 &dyrmhj'
1451 2502 1485 2535 ct
1509 2500 1632 2545 (ἔδμω-

158 2553 214 2585 Zia
245 2553 403 2587 scribitur
427 2554 709 2596 interpretatione
736 2553 865 2596 dupltci
891 2553 1033 2585 δουλὲία
1061 2556 1096 2594 ta
1122 2552 1237 2597 δ’μώς)
1266 2557 1301 2589 et
1329 2554 1473 2597 ἄγνοια.

241 2624 279 2667 2]
306 2624 343 2659 In
368 2623 469 2657 Diod.
495 2623 600 2657 Exco.
627 2624 699 2658 Vat.
728 2635 760 2668 p.
789 2625 823 2661 8.
848 2622 1033 2657 ,noemma
1059 2623 1176 2656 καλᾶν
1194 2621 1277 2660 ὥςτε
1303 2626 1466 2668 seriptum
1487 2629 1540 2661 est
1559 2626 1632 2660 sor..

154 2686 247 2714 tasse
273 2688 333 2723 pro
363 2677 539 2711 Μύσκελϊ
567 2678 807 2724 ιῖγκυλόνωτε.
855 2679 941 2714 Nam
968 2678 1089 2714 Strabo
1117 2680 1212 2714 illum
1236 2677 1428 2723 ὑπόκυφον
1453 2684 1565 2715 vocat.
