<?xml version="1.0" encoding="UTF-8"?>
<!DOCTYPE html PUBLIC "-//W3C//DTD XHTML 1.0 Transitional//EN"
    "http://www.w3.org/TR/xhtml1/DTD/xhtml1-transitional.dtd">
<html xmlns="http://www.w3.org/1999/xhtml" xml:lang="en" lang="en">
 <head>
  <title>
</title>
<meta http-equiv="Content-Type" content="text/html;charset=utf-8" />
  <meta name='ocr-system' content='tesseract 3.04.00' />
  <meta name='ocr-capabilities' content='ocr_page ocr_carea ocr_par ocr_line ocrx_word'/>
</head>
<body>
  <div class='ocr_page' id='page_1' title='image "./pathologiaesermo00lobeuoft_0533.png"; bbox 0 0 1747 3005; ppageno 0'>
   <div class='ocr_carea' id='block_1_1' title="bbox 366 165 1558 214">
    <p class='ocr_par' dir='ltr' id='par_1_1' title="bbox 366 165 1558 214">
     <span class='ocr_line' id='line_1_1' title="bbox 366 165 1558 214; baseline 0.004 -5"><span class='ocrx_word' id='word_1_1' title='bbox 366 166 675 210; x_wconf 86' lang='lat' dir='ltr'><strong>ADDENDA</strong></span> <span class='ocrx_word' id='word_1_2' title='bbox 714 165 792 208; x_wconf 90' lang='lat' dir='ltr'>ET</span> <span class='ocrx_word' id='word_1_3' title='bbox 837 165 1263 210; x_wconf 82' lang='lat' dir='ltr'><strong>CORRIGENDA.</strong></span> <span class='ocrx_word' id='word_1_4' title='bbox 1472 171 1558 214; x_wconf 76' lang='lat'>515</span> 
     </span>
    </p>
   </div>
   <div class='ocr_carea' id='block_1_2' title="bbox 63 272 1554 2807">
    <p class='ocr_par' dir='ltr' id='par_1_2' title="bbox 76 272 1554 395">
     <span class='ocr_line' id='line_1_2' title="bbox 76 272 1554 329; baseline 0.003 -11"><span class='ocrx_word' id='word_1_5' title='bbox 76 272 311 329; x_wconf 79' lang='grc' dir='ltr'><em>Ἀλίβαντας</em></span> <span class='ocrx_word' id='word_1_6' title='bbox 340 273 445 324; x_wconf 73' lang='grc' dir='ltr'><em>τινὲς</em></span> <span class='ocrx_word' id='word_1_7' title='bbox 473 274 571 324; x_wconf 78' lang='grc' dir='ltr'><em>τοὺς</em></span> <span class='ocrx_word' id='word_1_8' title='bbox 601 273 645 316; x_wconf 79' lang='grc' dir='ltr'><em>ἐν</em></span> <span class='ocrx_word' id='word_1_9' title='bbox 672 275 722 329; x_wconf 80' lang='grc' dir='ltr'>τῇ</span> <span class='ocrx_word' id='word_1_10' title='bbox 750 272 942 329; x_wconf 76' lang='grc' dir='ltr'><em>θαλάσσῃ</em></span> <span class='ocrx_word' id='word_1_11' title='bbox 969 274 1285 329; x_wconf 80' lang='grc' dir='ltr'><em>τελευτήσαντας</em></span> <span class='ocrx_word' id='word_1_12' title='bbox 1313 278 1398 321; x_wconf 87' lang='grc' dir='ltr'>ΕΜ.</span> <span class='ocrx_word' id='word_1_13' title='bbox 1431 304 1483 311; x_wconf 93' lang='lat'>——</span> <span class='ocrx_word' id='word_1_14' title='bbox 1512 281 1554 323; x_wconf 89' lang='lat' dir='ltr'>L.</span> 
     </span>
     <span class='ocr_line' id='line_1_3' title="bbox 84 339 714 395; baseline -0.006 -10"><span class='ocrx_word' id='word_1_15' title='bbox 84 343 144 386; x_wconf 89' lang='grc'>14.</span> <span class='ocrx_word' id='word_1_16' title='bbox 177 354 249 395; x_wconf 83' lang='lat' dir='ltr'>pro</span> <span class='ocrx_word' id='word_1_17' title='bbox 289 339 472 395; x_wconf 75' lang='grc' dir='ltr'><em>Τελεφάη</em></span> <span class='ocrx_word' id='word_1_18' title='bbox 503 353 581 383; x_wconf 86' lang='lat' dir='ltr'><strong>scr.</strong></span> <span class='ocrx_word' id='word_1_19' title='bbox 619 342 714 393; x_wconf 81' lang='grc' dir='ltr'>Τηλ.</span> 
     </span>
    </p>

    <p class='ocr_par' dir='ltr' id='par_1_3' title="bbox 190 406 1099 458">
     <span class='ocr_line' id='line_1_4' title="bbox 190 406 1099 458; baseline -0.002 -9"><span class='ocrx_word' id='word_1_20' title='bbox 190 408 231 449; x_wconf 84' lang='grc' dir='ltr'>Ρ.</span> <span class='ocrx_word' id='word_1_21' title='bbox 262 409 327 450; x_wconf 89' lang='lat'>41.</span> <span class='ocrx_word' id='word_1_22' title='bbox 358 408 447 448; x_wconf 88' lang='lat' dir='ltr'>adn.</span> <span class='ocrx_word' id='word_1_23' title='bbox 477 408 582 448; x_wconf 84' lang='lat' dir='ltr'>conf.</span> <span class='ocrx_word' id='word_1_24' title='bbox 614 406 785 448; x_wconf 81' lang='lat' dir='ltr'>Meinek.</span> <span class='ocrx_word' id='word_1_25' title='bbox 817 407 841 447; x_wconf 94' lang='grc'>1.</span> <span class='ocrx_word' id='word_1_26' title='bbox 874 418 906 447; x_wconf 87' lang='lat' dir='ltr'>c.</span> <span class='ocrx_word' id='word_1_27' title='bbox 939 419 976 458; x_wconf 87' lang='lat' dir='ltr'>p.</span> <span class='ocrx_word' id='word_1_28' title='bbox 1011 406 1099 447; x_wconf 92' lang='lat'><strong>121.</strong></span> 
     </span>
    </p>

    <p class='ocr_par' dir='ltr' id='par_1_4' title="bbox 189 463 1552 527">
     <span class='ocr_line' id='line_1_5' title="bbox 189 463 1552 527; baseline 0.001 -12"><span class='ocrx_word' id='word_1_29' title='bbox 189 473 230 515; x_wconf 84' lang='lat' dir='ltr'>P.</span> <span class='ocrx_word' id='word_1_30' title='bbox 261 475 325 515; x_wconf 76' lang='lat'>43.</span> <span class='ocrx_word' id='word_1_31' title='bbox 357 473 405 514; x_wconf 91' lang='lat' dir='ltr'>de</span> <span class='ocrx_word' id='word_1_32' title='bbox 436 473 668 513; x_wconf 83' lang='lat' dir='ltr'>nominibus</span> <span class='ocrx_word' id='word_1_33' title='bbox 699 474 739 512; x_wconf 87' lang='lat' dir='ltr'>iu</span> <span class='ocrx_word' id='word_1_34' title='bbox 766 463 836 512; x_wconf 53' lang='grc' dir='ltr'>εἶκ-</span> <span class='ocrx_word' id='word_1_35' title='bbox 858 477 896 512; x_wconf 90' lang='lat' dir='ltr'>et</span> <span class='ocrx_word' id='word_1_36' title='bbox 925 476 953 525; x_wconf 84' lang='grc' dir='ltr'>ῆ</span> <span class='ocrx_word' id='word_1_37' title='bbox 983 471 1086 512; x_wconf 86' lang='lat' dir='ltr'>adde</span> <span class='ocrx_word' id='word_1_38' title='bbox 1115 474 1287 515; x_wconf 88' lang='lat' dir='ltr'>Meinek.</span> <span class='ocrx_word' id='word_1_39' title='bbox 1318 474 1340 516; x_wconf 93' lang='lat' dir='ltr'>l.</span> <span class='ocrx_word' id='word_1_40' title='bbox 1373 486 1405 516; x_wconf 88' lang='lat' dir='ltr'>c.</span> <span class='ocrx_word' id='word_1_41' title='bbox 1425 486 1463 527; x_wconf 90' lang='lat' dir='ltr'>p.</span> <span class='ocrx_word' id='word_1_42' title='bbox 1488 475 1552 516; x_wconf 81' lang='lat'>46.</span> 
     </span>
    </p>

    <p class='ocr_par' dir='ltr' id='par_1_5' title="bbox 189 539 1061 589">
     <span class='ocr_line' id='line_1_6' title="bbox 189 539 1061 589; baseline -0.003 -9"><span class='ocrx_word' id='word_1_43' title='bbox 189 539 232 580; x_wconf 91' lang='grc' dir='ltr'>Ρ.</span> <span class='ocrx_word' id='word_1_44' title='bbox 265 540 328 580; x_wconf 83' lang='lat'>52.</span> <span class='ocrx_word' id='word_1_45' title='bbox 359 539 383 579; x_wconf 96' lang='lat' dir='ltr'>l.</span> <span class='ocrx_word' id='word_1_46' title='bbox 416 539 477 579; x_wconf 74' lang='grc'><strong>111.</strong></span> <span class='ocrx_word' id='word_1_47' title='bbox 509 549 581 589; x_wconf 88' lang='lat' dir='ltr'>pro</span> <span class='ocrx_word' id='word_1_48' title='bbox 613 539 779 589; x_wconf 73' lang='lat' dir='ltr'>yeueris</span> <span class='ocrx_word' id='word_1_49' title='bbox 811 549 889 578; x_wconf 90' lang='lat' dir='ltr'>scr.</span> <span class='ocrx_word' id='word_1_50' title='bbox 919 549 1061 578; x_wconf 61' lang='lat' dir='ltr'>sarus.</span> 
     </span>
    </p>

    <p class='ocr_par' dir='ltr' id='par_1_6' title="bbox 76 602 1553 1116">
     <span class='ocr_line' id='line_1_7' title="bbox 189 602 1552 646; baseline 0 -1"><span class='ocrx_word' id='word_1_51' title='bbox 189 604 232 645; x_wconf 93' lang='lat' dir='ltr'>P.</span> <span class='ocrx_word' id='word_1_52' title='bbox 262 605 326 645; x_wconf 74' lang='lat'><strong>(52.</strong></span> <span class='ocrx_word' id='word_1_53' title='bbox 356 604 379 644; x_wconf 93' lang='lat' dir='ltr'>l.</span> <span class='ocrx_word' id='word_1_54' title='bbox 410 602 446 644; x_wconf 78' lang='grc' dir='ltr'>Ο.</span> <span class='ocrx_word' id='word_1_55' title='bbox 479 603 721 643; x_wconf 69' lang='lat' dir='ltr'>Plutarchus</span> <span class='ocrx_word' id='word_1_56' title='bbox 754 604 933 644; x_wconf 79' lang='lat' dir='ltr'>sortasse</span> <span class='ocrx_word' id='word_1_57' title='bbox 964 603 1047 643; x_wconf 94' lang='lat' dir='ltr'>Ium</span> <span class='ocrx_word' id='word_1_58' title='bbox 1077 604 1250 644; x_wconf 90' lang='lat' dir='ltr'>insulam</span> <span class='ocrx_word' id='word_1_59' title='bbox 1281 615 1305 645; x_wconf 84' lang='lat' dir='ltr'>a</span> <span class='ocrx_word' id='word_1_60' title='bbox 1330 604 1450 646; x_wconf 89' lang='lat' dir='ltr'>violis</span> <span class='ocrx_word' id='word_1_61' title='bbox 1471 614 1552 646; x_wconf 89' lang='lat' dir='ltr'>no-</span> 
     </span>
     <span class='ocr_line' id='line_1_8' title="bbox 79 668 1552 721; baseline -0.001 -9"><span class='ocrx_word' id='word_1_62' title='bbox 79 681 171 712; x_wconf 89' lang='lat' dir='ltr'>men</span> <span class='ocrx_word' id='word_1_63' title='bbox 199 670 350 710; x_wconf 83' lang='lat' dir='ltr'>habere</span> <span class='ocrx_word' id='word_1_64' title='bbox 382 669 535 721; x_wconf 82' lang='lat' dir='ltr'>putavit</span> <span class='ocrx_word' id='word_1_65' title='bbox 578 673 617 707; x_wconf 89' lang='lat' dir='ltr'>ut</span> <span class='ocrx_word' id='word_1_66' title='bbox 657 668 840 709; x_wconf 84' lang='lat' dir='ltr'>Rhodum</span> <span class='ocrx_word' id='word_1_67' title='bbox 880 680 903 709; x_wconf 90' lang='lat' dir='ltr'>a</span> <span class='ocrx_word' id='word_1_68' title='bbox 943 670 1065 710; x_wconf 81' lang='lat' dir='ltr'>rosis.</span> <span class='ocrx_word' id='word_1_69' title='bbox 1131 670 1175 710; x_wconf 90' lang='lat' dir='ltr'>In</span> <span class='ocrx_word' id='word_1_70' title='bbox 1223 669 1312 710; x_wconf 84' lang='lat' dir='ltr'>adn.</span> <span class='ocrx_word' id='word_1_71' title='bbox 1351 670 1412 711; x_wconf 89' lang='lat'>12.</span> <span class='ocrx_word' id='word_1_72' title='bbox 1449 670 1552 711; x_wconf 86' lang='lat' dir='ltr'>adde</span> 
     </span>
     <span class='ocr_line' id='line_1_9' title="bbox 77 730 1553 789; baseline 0 -13"><span class='ocrx_word' id='word_1_73' title='bbox 77 733 296 776; x_wconf 84' lang='lat' dir='ltr'>Herodian.</span> <span class='ocrx_word' id='word_1_74' title='bbox 336 733 384 774; x_wconf 91' lang='lat' dir='ltr'>de</span> <span class='ocrx_word' id='word_1_75' title='bbox 423 733 614 774; x_wconf 85' lang='lat' dir='ltr'>Dichron.</span> <span class='ocrx_word' id='word_1_76' title='bbox 653 745 689 785; x_wconf 90' lang='lat' dir='ltr'>p.</span> <span class='ocrx_word' id='word_1_77' title='bbox 727 734 818 776; x_wconf 75' lang='lat'><strong>299.</strong></span> <span class='ocrx_word' id='word_1_78' title='bbox 856 730 904 773; x_wconf 85' lang='grc' dir='ltr'>τὸ</span> <span class='ocrx_word' id='word_1_79' title='bbox 941 731 1069 787; x_wconf 77' lang='grc' dir='ltr'><em>βάρος</em></span> <span class='ocrx_word' id='word_1_80' title='bbox 1108 734 1279 787; x_wconf 78' lang='grc' dir='ltr'>(φᾶρος)</span> <span class='ocrx_word' id='word_1_81' title='bbox 1316 733 1386 775; x_wconf 79' lang='grc' dir='ltr'>καὶ</span> <span class='ocrx_word' id='word_1_82' title='bbox 1418 733 1553 789; x_wconf 73' lang='grc' dir='ltr'><em>Ράρος</em></span> 
     </span>
     <span class='ocr_line' id='line_1_10' title="bbox 79 794 1553 853; baseline 0.001 -13"><span class='ocrx_word' id='word_1_83' title='bbox 79 800 244 853; x_wconf 81' lang='grc' dir='ltr'>(Ρᾶρος)</span> <span class='ocrx_word' id='word_1_84' title='bbox 284 794 383 850; x_wconf 71' lang='grc' dir='ltr'>παρ’</span> <span class='ocrx_word' id='word_1_85' title='bbox 424 794 618 845; x_wconf 63' lang='grc' dir='ltr'>Ἀττικοῖς</span> <span class='ocrx_word' id='word_1_86' title='bbox 654 795 758 839; x_wconf 74' lang='grc' dir='ltr'>κατὰ</span> <span class='ocrx_word' id='word_1_87' title='bbox 793 796 945 851; x_wconf 80' lang='grc' dir='ltr'><em>χρόνον</em></span> <span class='ocrx_word' id='word_1_88' title='bbox 982 797 1195 853; x_wconf 76' lang='grc' dir='ltr'>σημειώδη.</span> <span class='ocrx_word' id='word_1_89' title='bbox 1262 801 1457 842; x_wconf 80' lang='lat' dir='ltr'>Lehrsius</span> <span class='ocrx_word' id='word_1_90' title='bbox 1512 803 1553 843; x_wconf 88' lang='lat' dir='ltr'>in</span> 
     </span>
     <span class='ocr_line' id='line_1_11' title="bbox 78 864 1553 918; baseline 0 -10"><span class='ocrx_word' id='word_1_91' title='bbox 78 867 181 908; x_wconf 88' lang='lat' dir='ltr'><strong>Mus.</strong></span> <span class='ocrx_word' id='word_1_92' title='bbox 208 866 333 907; x_wconf 88' lang='lat' dir='ltr'>Rhen.</span> <span class='ocrx_word' id='word_1_93' title='bbox 365 865 412 906; x_wconf 88' lang='lat' dir='ltr'>A.</span> <span class='ocrx_word' id='word_1_94' title='bbox 446 864 562 905; x_wconf 71' lang='lat'><strong>1843.</strong></span> <span class='ocrx_word' id='word_1_95' title='bbox 594 875 631 915; x_wconf 89' lang='lat' dir='ltr'><strong>p.</strong></span> <span class='ocrx_word' id='word_1_96' title='bbox 662 864 752 906; x_wconf 73' lang='lat'><strong>348.</strong></span> <span class='ocrx_word' id='word_1_97' title='bbox 783 865 910 917; x_wconf 75' lang='grc' dir='ltr'><em>βᾶρος</em></span> <span class='ocrx_word' id='word_1_98' title='bbox 948 866 1095 906; x_wconf 85' lang='lat' dir='ltr'>retinet</span> <span class='ocrx_word' id='word_1_99' title='bbox 1133 865 1172 906; x_wconf 91' lang='lat' dir='ltr'>id</span> <span class='ocrx_word' id='word_1_100' title='bbox 1210 866 1374 918; x_wconf 81' lang='lat' dir='ltr'>plantae</span> <span class='ocrx_word' id='word_1_101' title='bbox 1405 879 1553 908; x_wconf 92' lang='lat' dir='ltr'>nomen</span> 
     </span>
     <span class='ocr_line' id='line_1_12' title="bbox 79 930 1553 986; baseline 0 -12"><span class='ocrx_word' id='word_1_102' title='bbox 79 943 174 974; x_wconf 86' lang='lat' dir='ltr'>esse</span> <span class='ocrx_word' id='word_1_103' title='bbox 204 935 366 984; x_wconf 79' lang='lat' dir='ltr'>putans,</span> <span class='ocrx_word' id='word_1_104' title='bbox 399 933 515 981; x_wconf 84' lang='lat' dir='ltr'>cujus</span> <span class='ocrx_word' id='word_1_105' title='bbox 547 930 681 970; x_wconf 87' lang='lat' dir='ltr'>nullus</span> <span class='ocrx_word' id='word_1_106' title='bbox 711 941 834 971; x_wconf 88' lang='lat' dir='ltr'>casus</span> <span class='ocrx_word' id='word_1_107' title='bbox 865 931 1012 981; x_wconf 83' lang='lat' dir='ltr'>legitur</span> <span class='ocrx_word' id='word_1_108' title='bbox 1040 936 1201 981; x_wconf 86' lang='lat' dir='ltr'>praeter</span> <span class='ocrx_word' id='word_1_109' title='bbox 1231 932 1453 974; x_wconf 88' lang='lat' dir='ltr'>secundum</span> <span class='ocrx_word' id='word_1_110' title='bbox 1482 930 1553 986; x_wconf 81' lang='grc' dir='ltr'>βά-</span> 
     </span>
     <span class='ocr_line' id='line_1_13' title="bbox 77 992 1551 1050; baseline 0.002 -12"><span class='ocrx_word' id='word_1_111' title='bbox 77 1012 156 1050; x_wconf 83' lang='grc' dir='ltr'>ρου</span> <span class='ocrx_word' id='word_1_112' title='bbox 187 1003 224 1038; x_wconf 92' lang='lat' dir='ltr'>et</span> <span class='ocrx_word' id='word_1_113' title='bbox 253 1000 440 1048; x_wconf 81' lang='lat' dir='ltr'>quartum</span> <span class='ocrx_word' id='word_1_114' title='bbox 469 992 600 1047; x_wconf 75' lang='grc' dir='ltr'><em>βάρου</em></span> <span class='ocrx_word' id='word_1_115' title='bbox 631 996 728 1047; x_wconf 87' lang='lat' dir='ltr'>(hoc</span> <span class='ocrx_word' id='word_1_116' title='bbox 759 997 966 1049; x_wconf 88' lang='lat' dir='ltr'>accentu).</span> <span class='ocrx_word' id='word_1_117' title='bbox 1023 996 1231 1038; x_wconf 80' lang='lat' dir='ltr'>Hactenus</span> <span class='ocrx_word' id='word_1_118' title='bbox 1262 998 1459 1040; x_wconf 86' lang='lat' dir='ltr'>incertum</span> <span class='ocrx_word' id='word_1_119' title='bbox 1490 1004 1551 1041; x_wconf 88' lang='lat' dir='ltr'>est</span> 
     </span>
     <span class='ocr_line' id='line_1_14' title="bbox 76 1061 775 1116; baseline -0.006 -11"><span class='ocrx_word' id='word_1_120' title='bbox 76 1074 219 1116; x_wconf 77' lang='lat' dir='ltr'>genus,</span> <span class='ocrx_word' id='word_1_121' title='bbox 249 1063 375 1116; x_wconf 76' lang='grc' dir='ltr'><em>βᾶρος</em></span> <span class='ocrx_word' id='word_1_122' title='bbox 406 1072 455 1101; x_wconf 83' lang='lat' dir='ltr'>an</span> <span class='ocrx_word' id='word_1_123' title='bbox 485 1061 614 1114; x_wconf 77' lang='grc' dir='ltr'><em>βᾶρον</em></span> <span class='ocrx_word' id='word_1_124' title='bbox 644 1062 775 1102; x_wconf 80' lang='lat' dir='ltr'>fuerit.</span> 
     </span>
    </p>

    <p class='ocr_par' dir='ltr' id='par_1_7' title="bbox 63 1118 1552 2295">
     <span class='ocr_line' id='line_1_15' title="bbox 186 1118 1552 1181; baseline 0.001 -11"><span class='ocrx_word' id='word_1_125' title='bbox 186 1129 227 1170; x_wconf 90' lang='lat' dir='ltr'><strong>P.</strong></span> <span class='ocrx_word' id='word_1_126' title='bbox 259 1129 322 1169; x_wconf 69' lang='lat'>70.</span> <span class='ocrx_word' id='word_1_127' title='bbox 354 1127 595 1168; x_wconf 85' lang='lat' dir='ltr'>Nominibus</span> <span class='ocrx_word' id='word_1_128' title='bbox 625 1127 803 1167; x_wconf 88' lang='lat' dir='ltr'>virorum</span> <span class='ocrx_word' id='word_1_129' title='bbox 833 1128 874 1167; x_wconf 93' lang='lat' dir='ltr'>in</span> <span class='ocrx_word' id='word_1_130' title='bbox 909 1118 962 1168; x_wconf 71' lang='lat' dir='ltr'>0—‘v</span> <span class='ocrx_word' id='word_1_131' title='bbox 992 1127 1235 1169; x_wconf 86' lang='lat' dir='ltr'>exeuntibus</span> <span class='ocrx_word' id='word_1_132' title='bbox 1266 1140 1370 1181; x_wconf 88' lang='lat' dir='ltr'>quae</span> <span class='ocrx_word' id='word_1_133' title='bbox 1399 1129 1435 1172; x_wconf 88' lang='lat' dir='ltr'>h.</span> <span class='ocrx_word' id='word_1_134' title='bbox 1466 1130 1491 1171; x_wconf 93' lang='lat' dir='ltr'>l.</span> <span class='ocrx_word' id='word_1_135' title='bbox 1514 1136 1552 1172; x_wconf 85' lang='lat' dir='ltr'>et</span> 
     </span>
     <span class='ocr_line' id='line_1_16' title="bbox 76 1192 1549 1248; baseline 0.003 -15"><span class='ocrx_word' id='word_1_136' title='bbox 76 1205 114 1247; x_wconf 90' lang='lat' dir='ltr'>p.</span> <span class='ocrx_word' id='word_1_137' title='bbox 144 1194 207 1235; x_wconf 94' lang='lat'>22.</span> <span class='ocrx_word' id='word_1_138' title='bbox 240 1193 424 1245; x_wconf 73' lang='lat' dir='ltr'>tractavi,</span> <span class='ocrx_word' id='word_1_139' title='bbox 456 1192 704 1232; x_wconf 79' lang='lat' dir='ltr'>conserenda</span> <span class='ocrx_word' id='word_1_140' title='bbox 725 1197 819 1233; x_wconf 89' lang='lat' dir='ltr'>sunt</span> <span class='ocrx_word' id='word_1_141' title='bbox 838 1192 907 1232; x_wconf 84' lang='lat' dir='ltr'>illa</span> <span class='ocrx_word' id='word_1_142' title='bbox 924 1193 1123 1233; x_wconf 76' lang='lat' dir='ltr'>Prisciani</span> <span class='ocrx_word' id='word_1_143' title='bbox 1145 1192 1226 1234; x_wconf 85' lang='lat' dir='ltr'><strong>XII.</strong></span> <span class='ocrx_word' id='word_1_144' title='bbox 1249 1194 1342 1236; x_wconf 85' lang='lat'><strong>550.</strong></span> <span class='ocrx_word' id='word_1_145' title='bbox 1365 1194 1474 1246; x_wconf 74' lang='lat'><strong>(944.</strong></span> <span class='ocrx_word' id='word_1_146' title='bbox 1487 1196 1549 1248; x_wconf 88' lang='lat' dir='ltr'>P.)</span> 
     </span>
     <span class='ocr_line' id='line_1_17' title="bbox 70 1257 1552 1312; baseline 0.003 -13"><span class='ocrx_word' id='word_1_147' title='bbox 70 1261 254 1312; x_wconf 76' lang='lat' dir='ltr'>possunt</span> <span class='ocrx_word' id='word_1_148' title='bbox 286 1260 414 1298; x_wconf 74' lang='lat' dir='ltr'>etiam</span> <span class='ocrx_word' id='word_1_149' title='bbox 444 1257 660 1298; x_wconf 75' lang='lat' dir='ltr'>hommum</span> <span class='ocrx_word' id='word_1_150' title='bbox 690 1259 868 1298; x_wconf 67' lang='grc' dir='ltr'>ιἰιυθιιὶη·</span> <span class='ocrx_word' id='word_1_151' title='bbox 907 1260 1080 1299; x_wconf 73' lang='lat' dir='ltr'>nomina</span> <span class='ocrx_word' id='word_1_152' title='bbox 1120 1260 1262 1299; x_wconf 65' lang='lat' dir='ltr'>neutra·</span> <span class='ocrx_word' id='word_1_153' title='bbox 1299 1263 1467 1310; x_wconf 71' lang='lat' dir='ltr'>qenerz&#39;s</span> <span class='ocrx_word' id='word_1_154' title='bbox 1504 1264 1552 1303; x_wconf 79' lang='lat' dir='ltr'>ut</span> 
     </span>
     <span class='ocr_line' id='line_1_18' title="bbox 75 1321 1550 1378; baseline 0.001 -12"><span class='ocrx_word' id='word_1_155' title='bbox 75 1327 120 1366; x_wconf 80' lang='lat' dir='ltr'>in</span> <span class='ocrx_word' id='word_1_156' title='bbox 148 1323 341 1365; x_wconf 79' lang='lat' dir='ltr'>maribus</span> <span class='ocrx_word' id='word_1_157' title='bbox 371 1322 449 1362; x_wconf 72' lang='lat' dir='ltr'>lioc</span> <span class='ocrx_word' id='word_1_158' title='bbox 475 1321 650 1371; x_wconf 75' lang='lat' dir='ltr'>Basi0n‚</span> <span class='ocrx_word' id='word_1_159' title='bbox 683 1322 760 1362; x_wconf 72' lang='lat' dir='ltr'>lioc</span> <span class='ocrx_word' id='word_1_160' title='bbox 789 1323 1049 1372; x_wconf 74' lang='lat' dir='ltr'>Heliconion,</span> <span class='ocrx_word' id='word_1_161' title='bbox 1081 1324 1124 1363; x_wconf 82' lang='lat' dir='ltr'>in</span> <span class='ocrx_word' id='word_1_162' title='bbox 1153 1323 1370 1374; x_wconf 76' lang='lat' dir='ltr'>fenzz&#39;ne‘ne&#39;s</span> <span class='ocrx_word' id='word_1_163' title='bbox 1397 1326 1550 1378; x_wconf 79' lang='lat' dir='ltr'>Glyce-</span> 
     </span>
     <span class='ocr_line' id='line_1_19' title="bbox 73 1384 1549 1444; baseline 0.001 -13"><span class='ocrx_word' id='word_1_164' title='bbox 73 1392 195 1441; x_wconf 78' lang='lat' dir='ltr'>rium,</span> <span class='ocrx_word' id='word_1_165' title='bbox 228 1388 441 1429; x_wconf 75' lang='lat' dir='ltr'>Dareium.</span> <span class='ocrx_word' id='word_1_166' title='bbox 497 1387 652 1427; x_wconf 89' lang='lat' dir='ltr'>Basion</span> <span class='ocrx_word' id='word_1_167' title='bbox 681 1389 770 1428; x_wconf 85' lang='lat' dir='ltr'>sine</span> <span class='ocrx_word' id='word_1_168' title='bbox 801 1384 922 1427; x_wconf 85' lang='lat' dir='ltr'>dubio</span> <span class='ocrx_word' id='word_1_169' title='bbox 953 1387 1059 1427; x_wconf 91' lang='lat' dir='ltr'>idem</span> <span class='ocrx_word' id='word_1_170' title='bbox 1089 1388 1290 1437; x_wconf 82' lang='lat' dir='ltr'>significat</span> <span class='ocrx_word' id='word_1_171' title='bbox 1327 1390 1437 1442; x_wconf 89' lang='lat' dir='ltr'>quod</span> <span class='ocrx_word' id='word_1_172' title='bbox 1475 1407 1549 1444; x_wconf 86' lang='grc' dir='ltr'>φι-</span> 
     </span>
     <span class='ocr_line' id='line_1_20' title="bbox 72 1453 1548 1510; baseline 0.002 -14"><span class='ocrx_word' id='word_1_173' title='bbox 72 1453 269 1509; x_wconf 79' lang='grc' dir='ltr'><em>λημάτιον</em></span> <span class='ocrx_word' id='word_1_174' title='bbox 297 1455 468 1506; x_wconf 86' lang='lat' dir='ltr'>basium,</span> <span class='ocrx_word' id='word_1_175' title='bbox 500 1453 766 1505; x_wconf 87' lang='lat' dir='ltr'>similiterque</span> <span class='ocrx_word' id='word_1_176' title='bbox 795 1454 836 1493; x_wconf 91' lang='lat' dir='ltr'>in</span> <span class='ocrx_word' id='word_1_177' title='bbox 867 1453 1052 1493; x_wconf 73' lang='lat' dir='ltr'>dialectis</span> <span class='ocrx_word' id='word_1_178' title='bbox 1089 1455 1334 1504; x_wconf 81' lang='lat' dir='ltr'>germanicis</span> <span class='ocrx_word' id='word_1_179' title='bbox 1375 1456 1548 1510; x_wconf 88' lang='lat' dir='ltr'>aliisque</span> 
     </span>
     <span class='ocr_line' id='line_1_21' title="bbox 73 1514 1548 1575; baseline 0.002 -13"><span class='ocrx_word' id='word_1_180' title='bbox 73 1521 221 1572; x_wconf 86' lang='lat' dir='ltr'>linguis</span> <span class='ocrx_word' id='word_1_181' title='bbox 253 1520 482 1573; x_wconf 88' lang='lat' dir='ltr'>appellatur</span> <span class='ocrx_word' id='word_1_182' title='bbox 511 1520 622 1559; x_wconf 77' lang='lat' dir='ltr'>Buss</span> <span class='ocrx_word' id='word_1_183' title='bbox 653 1523 692 1559; x_wconf 89' lang='lat' dir='ltr'>et</span> <span class='ocrx_word' id='word_1_184' title='bbox 721 1518 833 1559; x_wconf 78' lang='lat' dir='ltr'>Isuss</span> <span class='ocrx_word' id='word_1_185' title='bbox 862 1514 909 1559; x_wconf 83' lang='grc' dir='ltr'>τὸ</span> <span class='ocrx_word' id='word_1_186' title='bbox 938 1515 1073 1568; x_wconf 77' lang='grc' dir='ltr'><em>κύσαι,</em></span> <span class='ocrx_word' id='word_1_187' title='bbox 1103 1523 1240 1570; x_wconf 88' lang='lat' dir='ltr'>aptum</span> <span class='ocrx_word' id='word_1_188' title='bbox 1271 1532 1372 1562; x_wconf 90' lang='lat' dir='ltr'>sane</span> <span class='ocrx_word' id='word_1_189' title='bbox 1408 1525 1548 1575; x_wconf 88' lang='lat' dir='ltr'>pueris</span> 
     </span>
     <span class='ocr_line' id='line_1_22' title="bbox 73 1584 1548 1639; baseline 0.002 -12"><span class='ocrx_word' id='word_1_190' title='bbox 73 1587 303 1639; x_wconf 87' lang='lat' dir='ltr'>puellisque</span> <span class='ocrx_word' id='word_1_191' title='bbox 333 1597 493 1626; x_wconf 87' lang='lat' dir='ltr'>nomen.</span> <span class='ocrx_word' id='word_1_192' title='bbox 552 1584 633 1626; x_wconf 88' lang='lat' dir='ltr'>Sed</span> <span class='ocrx_word' id='word_1_193' title='bbox 663 1584 764 1624; x_wconf 87' lang='lat' dir='ltr'>mari</span> <span class='ocrx_word' id='word_1_194' title='bbox 792 1585 827 1625; x_wconf 91' lang='lat' dir='ltr'>si</span> <span class='ocrx_word' id='word_1_195' title='bbox 860 1585 1060 1636; x_wconf 73' lang='lat' dir='ltr'>tribuitur,</span> <span class='ocrx_word' id='word_1_196' title='bbox 1090 1584 1274 1625; x_wconf 90' lang='lat' dir='ltr'>neutrius</span> <span class='ocrx_word' id='word_1_197' title='bbox 1304 1590 1367 1627; x_wconf 84' lang='lat' dir='ltr'>est</span> <span class='ocrx_word' id='word_1_198' title='bbox 1384 1590 1548 1638; x_wconf 81' lang='lat' dir='ltr'>generis</span> 
     </span>
     <span class='ocr_line' id='line_1_23' title="bbox 73 1649 1547 1704; baseline 0.002 -12"><span class='ocrx_word' id='word_1_199' title='bbox 73 1652 157 1704; x_wconf 90' lang='lat' dir='ltr'>(vel</span> <span class='ocrx_word' id='word_1_200' title='bbox 188 1663 260 1704; x_wconf 86' lang='lat' dir='ltr'>per</span> <span class='ocrx_word' id='word_1_201' title='bbox 290 1651 460 1702; x_wconf 73' lang='lat' dir='ltr'>synesin</span> <span class='ocrx_word' id='word_1_202' title='bbox 500 1649 744 1702; x_wconf 84' lang='lat' dir='ltr'>masculini).</span> <span class='ocrx_word' id='word_1_203' title='bbox 812 1650 880 1691; x_wconf 90' lang='lat' dir='ltr'>Sic</span> <span class='ocrx_word' id='word_1_204' title='bbox 924 1654 963 1690; x_wconf 86' lang='lat' dir='ltr'>et</span> <span class='ocrx_word' id='word_1_205' title='bbox 1003 1649 1190 1690; x_wconf 84' lang='lat' dir='ltr'>servulus</span> <span class='ocrx_word' id='word_1_206' title='bbox 1235 1652 1350 1702; x_wconf 86' lang='lat' dir='ltr'>pueri</span> <span class='ocrx_word' id='word_1_207' title='bbox 1384 1653 1547 1704; x_wconf 84' lang='lat' dir='ltr'>ingenui</span> 
     </span>
     <span class='ocr_line' id='line_1_24' title="bbox 72 1714 1546 1770; baseline 0.001 -11"><span class='ocrx_word' id='word_1_208' title='bbox 72 1717 255 1759; x_wconf 91' lang='lat' dir='ltr'>collusor</span> <span class='ocrx_word' id='word_1_209' title='bbox 284 1717 325 1757; x_wconf 91' lang='lat' dir='ltr'>in</span> <span class='ocrx_word' id='word_1_210' title='bbox 354 1716 483 1756; x_wconf 88' lang='lat' dir='ltr'>Plaut.</span> <span class='ocrx_word' id='word_1_211' title='bbox 515 1716 630 1766; x_wconf 79' lang='lat' dir='ltr'>Capt.</span> <span class='ocrx_word' id='word_1_212' title='bbox 660 1714 703 1755; x_wconf 90' lang='lat' dir='ltr'>V.</span> <span class='ocrx_word' id='word_1_213' title='bbox 734 1715 772 1767; x_wconf 76' lang='lat'>3,</span> <span class='ocrx_word' id='word_1_214' title='bbox 803 1715 838 1755; x_wconf 80' lang='lat'>7.</span> <span class='ocrx_word' id='word_1_215' title='bbox 869 1714 1086 1765; x_wconf 60' lang='lat' dir='ltr'>Paeanem</span> <span class='ocrx_word' id='word_1_216' title='bbox 1113 1720 1287 1757; x_wconf 85' lang='lat' dir='ltr'>vocatus</span> <span class='ocrx_word' id='word_1_217' title='bbox 1312 1721 1400 1770; x_wconf 88' lang='lat' dir='ltr'>est;</span> <span class='ocrx_word' id='word_1_218' title='bbox 1425 1714 1546 1770; x_wconf 77' lang='grc' dir='ltr'><strong><em>Ἐρώ-</em></strong></span> 
     </span>
     <span class='ocr_line' id='line_1_25' title="bbox 70 1776 1543 1836; baseline 0.001 -12"><span class='ocrx_word' id='word_1_219' title='bbox 70 1797 159 1824; x_wconf 91' lang='grc' dir='ltr'><em>τιον</em></span> <span class='ocrx_word' id='word_1_220' title='bbox 199 1779 400 1835; x_wconf 77' lang='grc' dir='ltr'><strong><em>ἐρώμενος</em></strong></span> <span class='ocrx_word' id='word_1_221' title='bbox 446 1783 692 1831; x_wconf 75' lang='grc' dir='ltr'><em>Ταραντῖνοι</em></span> <span class='ocrx_word' id='word_1_222' title='bbox 739 1803 794 1809; x_wconf 86' lang='grc'>--</span> <span class='ocrx_word' id='word_1_223' title='bbox 833 1777 1079 1832; x_wconf 72' lang='grc' dir='ltr'><em>Ναννάριον</em></span> <span class='ocrx_word' id='word_1_224' title='bbox 1121 1776 1229 1829; x_wconf 72' lang='grc' dir='ltr'><em>εἶδός</em></span> <span class='ocrx_word' id='word_1_225' title='bbox 1271 1797 1310 1822; x_wconf 82' lang='grc' dir='ltr'>τι</span> <span class='ocrx_word' id='word_1_226' title='bbox 1355 1779 1543 1836; x_wconf 82' lang='grc' dir='ltr'>ἀσώτων,</span> 
     </span>
     <span class='ocr_line' id='line_1_26' title="bbox 74 1845 1543 1902; baseline 0.002 -14"><span class='ocrx_word' id='word_1_227' title='bbox 74 1848 290 1900; x_wconf 75' lang='grc' dir='ltr'><em>Νανναρίς</em></span> <span class='ocrx_word' id='word_1_228' title='bbox 319 1846 501 1893; x_wconf 70' lang='grc' dir='ltr'><em>κίναιδος</em></span> <span class='ocrx_word' id='word_1_229' title='bbox 530 1847 625 1886; x_wconf 85' lang='lat' dir='ltr'><strong>Hcs.</strong></span> <span class='ocrx_word' id='word_1_230' title='bbox 658 1845 754 1886; x_wconf 92' lang='lat' dir='ltr'>illud</span> <span class='ocrx_word' id='word_1_231' title='bbox 785 1847 905 1887; x_wconf 89' lang='lat' dir='ltr'>etiam</span> <span class='ocrx_word' id='word_1_232' title='bbox 937 1846 1162 1898; x_wconf 84' lang='lat' dir='ltr'>puellarum</span> <span class='ocrx_word' id='word_1_233' title='bbox 1191 1858 1340 1889; x_wconf 91' lang='lat' dir='ltr'>nomen</span> <span class='ocrx_word' id='word_1_234' title='bbox 1371 1848 1543 1902; x_wconf 82' lang='grc' dir='ltr'><em>Ναννώ,</em></span> 
     </span>
     <span class='ocr_line' id='line_1_27' title="bbox 71 1910 1543 1965; baseline 0.002 -11"><span class='ocrx_word' id='word_1_235' title='bbox 71 1911 273 1964; x_wconf 76' lang='grc' dir='ltr'><em>Νάννιον,</em></span> <span class='ocrx_word' id='word_1_236' title='bbox 307 1910 551 1963; x_wconf 74' lang='grc' dir='ltr'><em>Ναννάριον</em></span> <span class='ocrx_word' id='word_1_237' title='bbox 582 1915 798 1962; x_wconf 85' lang='lat' dir='ltr'>cognatum</span> <span class='ocrx_word' id='word_1_238' title='bbox 828 1912 952 1952; x_wconf 87' lang='lat' dir='ltr'>latino</span> <span class='ocrx_word' id='word_1_239' title='bbox 986 1923 1137 1963; x_wconf 77' lang='lat' dir='ltr'>names,</span> <span class='ocrx_word' id='word_1_240' title='bbox 1171 1924 1309 1965; x_wconf 74' lang='lat' dir='ltr'>nana3</span> <span class='ocrx_word' id='word_1_241' title='bbox 1342 1918 1382 1956; x_wconf 87' lang='lat' dir='ltr'>et</span> <span class='ocrx_word' id='word_1_242' title='bbox 1411 1926 1543 1957; x_wconf 89' lang='lat' dir='ltr'>nanos</span> 
     </span>
     <span class='ocr_line' id='line_1_28' title="bbox 69 1975 1542 2033; baseline 0.001 -13"><span class='ocrx_word' id='word_1_243' title='bbox 69 1991 233 2033; x_wconf 82' lang='lat' dir='ltr'>quoque</span> <span class='ocrx_word' id='word_1_244' title='bbox 271 1980 313 2019; x_wconf 90' lang='lat' dir='ltr'>in</span> <span class='ocrx_word' id='word_1_245' title='bbox 353 1978 508 2019; x_wconf 81' lang='lat' dir='ltr'>deliciis</span> <span class='ocrx_word' id='word_1_246' title='bbox 549 1978 677 2017; x_wconf 81' lang='lat' dir='ltr'>fuisse</span> <span class='ocrx_word' id='word_1_247' title='bbox 717 1983 892 2019; x_wconf 86' lang='lat' dir='ltr'>constat.</span> <span class='ocrx_word' id='word_1_248' title='bbox 970 1975 1227 2019; x_wconf 78' lang='grc' dir='ltr'><em>Στατύλλιον</em></span> <span class='ocrx_word' id='word_1_249' title='bbox 1273 1983 1337 2020; x_wconf 87' lang='lat' dir='ltr'>est</span> <span class='ocrx_word' id='word_1_250' title='bbox 1385 1981 1542 2022; x_wconf 87' lang='lat' dir='ltr'>cinaedi</span> 
     </span>
     <span class='ocr_line' id='line_1_29' title="bbox 69 2033 1542 2095; baseline 0.001 -9"><span class='ocrx_word' id='word_1_251' title='bbox 69 2056 218 2087; x_wconf 89' lang='lat' dir='ltr'>nomen</span> <span class='ocrx_word' id='word_1_252' title='bbox 247 2045 366 2086; x_wconf 79' lang='lat' dir='ltr'>Antii.</span> <span class='ocrx_word' id='word_1_253' title='bbox 396 2045 460 2085; x_wconf 82' lang='lat' dir='ltr'>VI.</span> <span class='ocrx_word' id='word_1_254' title='bbox 491 2043 582 2084; x_wconf 81' lang='lat'><strong>254.</strong></span> <span class='ocrx_word' id='word_1_255' title='bbox 616 2042 719 2083; x_wconf 84' lang='lat' dir='ltr'>Galli</span> <span class='ocrx_word' id='word_1_256' title='bbox 739 2043 915 2094; x_wconf 75' lang='lat' dir='ltr'>Cybelae</span> <span class='ocrx_word' id='word_1_257' title='bbox 936 2044 976 2083; x_wconf 91' lang='lat' dir='ltr'>in</span> <span class='ocrx_word' id='word_1_258' title='bbox 997 2044 1214 2095; x_wconf 83' lang='lat' dir='ltr'>galliambo</span> <span class='ocrx_word' id='word_1_259' title='bbox 1237 2045 1383 2086; x_wconf 88' lang='lat' dir='ltr'>Catulli</span> <span class='ocrx_word' id='word_1_260' title='bbox 1404 2033 1542 2088; x_wconf 83' lang='lat' dir='ltr'>Gallae</span> 
     </span>
     <span class='ocr_line' id='line_1_30' title="bbox 70 2107 1541 2164; baseline 0.001 -12"><span class='ocrx_word' id='word_1_261' title='bbox 70 2109 279 2164; x_wconf 85' lang='lat' dir='ltr'>dicuntur,</span> <span class='ocrx_word' id='word_1_262' title='bbox 319 2111 360 2150; x_wconf 87' lang='lat' dir='ltr'>in</span> <span class='ocrx_word' id='word_1_263' title='bbox 397 2109 565 2151; x_wconf 89' lang='lat' dir='ltr'>Luciani</span> <span class='ocrx_word' id='word_1_264' title='bbox 602 2109 732 2149; x_wconf 87' lang='lat' dir='ltr'>Asino</span> <span class='ocrx_word' id='word_1_265' title='bbox 773 2113 810 2156; x_wconf 86' lang='lat'>§.</span> <span class='ocrx_word' id='word_1_266' title='bbox 851 2109 914 2151; x_wconf 85' lang='lat'>36.</span> <span class='ocrx_word' id='word_1_267' title='bbox 955 2107 1128 2162; x_wconf 79' lang='grc' dir='ltr'>κοράσια</span> <span class='ocrx_word' id='word_1_268' title='bbox 1165 2115 1208 2150; x_wconf 89' lang='lat' dir='ltr'>ut</span> <span class='ocrx_word' id='word_1_269' title='bbox 1247 2111 1297 2152; x_wconf 91' lang='lat' dir='ltr'>ab</span> <span class='ocrx_word' id='word_1_270' title='bbox 1335 2113 1541 2164; x_wconf 85' lang='lat' dir='ltr'>Appulejo</span> 
     </span>
     <span class='ocr_line' id='line_1_31' title="bbox 64 2171 1542 2230; baseline 0.001 -13"><span class='ocrx_word' id='word_1_271' title='bbox 64 2177 246 2229; x_wconf 82' lang='lat' dir='ltr'>puellae.</span> <span class='ocrx_word' id='word_1_272' title='bbox 312 2176 391 2217; x_wconf 90' lang='lat' dir='ltr'>Per</span> <span class='ocrx_word' id='word_1_273' title='bbox 429 2171 599 2227; x_wconf 68' lang='lat' dir='ltr'>synesin</span> <span class='ocrx_word' id='word_1_274' title='bbox 641 2185 740 2214; x_wconf 85' lang='lat' dir='ltr'>vero</span> <span class='ocrx_word' id='word_1_275' title='bbox 785 2177 974 2215; x_wconf 71' lang='lat' dir='ltr'>scortum</span> <span class='ocrx_word' id='word_1_276' title='bbox 1014 2177 1226 2217; x_wconf 54' lang='lat' dir='ltr'>exoletum</span> <span class='ocrx_word' id='word_1_277' title='bbox 1264 2188 1317 2218; x_wconf 80' lang='lat' dir='ltr'>ne</span> <span class='ocrx_word' id='word_1_278' title='bbox 1363 2180 1456 2230; x_wconf 77' lang='lat' dir='ltr'>quis</span> <span class='ocrx_word' id='word_1_279' title='bbox 1498 2180 1542 2220; x_wconf 79' lang='lat' dir='ltr'>in</span> 
     </span>
     <span class='ocr_line' id='line_1_32' title="bbox 63 2240 1008 2295; baseline -0.002 -11"><span class='ocrx_word' id='word_1_280' title='bbox 63 2244 289 2295; x_wconf 79' lang='lat' dir='ltr'>proscenio</span> <span class='ocrx_word' id='word_1_281' title='bbox 319 2242 469 2283; x_wconf 79' lang='lat' dir='ltr'>sedeat</span> <span class='ocrx_word' id='word_1_282' title='bbox 499 2241 626 2281; x_wconf 85' lang='lat' dir='ltr'>Plaut.</span> <span class='ocrx_word' id='word_1_283' title='bbox 656 2240 779 2280; x_wconf 88' lang='lat' dir='ltr'>Poen.</span> <span class='ocrx_word' id='word_1_284' title='bbox 809 2240 915 2281; x_wconf 90' lang='lat' dir='ltr'><strong>Prol.</strong></span> <span class='ocrx_word' id='word_1_285' title='bbox 948 2240 1008 2282; x_wconf 78' lang='lat'>17.</span> 
     </span>
    </p>

    <p class='ocr_par' dir='ltr' id='par_1_8' title="bbox 68 2305 1541 2480">
     <span class='ocr_line' id='line_1_33' title="bbox 177 2305 1541 2359; baseline 0 -11"><span class='ocrx_word' id='word_1_286' title='bbox 177 2307 219 2348; x_wconf 88' lang='grc' dir='ltr'>Ρ.</span> <span class='ocrx_word' id='word_1_287' title='bbox 251 2308 313 2348; x_wconf 73' lang='grc'>72.</span> <span class='ocrx_word' id='word_1_288' title='bbox 348 2306 437 2347; x_wconf 88' lang='lat' dir='ltr'>adn.</span> <span class='ocrx_word' id='word_1_289' title='bbox 469 2306 533 2347; x_wconf 80' lang='lat'>31.</span> <span class='ocrx_word' id='word_1_290' title='bbox 567 2305 689 2346; x_wconf 88' lang='lat' dir='ltr'>adde:</span> <span class='ocrx_word' id='word_1_291' title='bbox 729 2307 850 2347; x_wconf 81' lang='lat' dir='ltr'>Mella</span> <span class='ocrx_word' id='word_1_292' title='bbox 881 2306 1034 2348; x_wconf 84' lang='lat' dir='ltr'>Galliae</span> <span class='ocrx_word' id='word_1_293' title='bbox 1075 2307 1300 2359; x_wconf 86' lang='lat' dir='ltr'>cisalpinae</span> <span class='ocrx_word' id='word_1_294' title='bbox 1330 2306 1475 2348; x_wconf 86' lang='lat' dir='ltr'>fluvius</span> <span class='ocrx_word' id='word_1_295' title='bbox 1501 2313 1541 2349; x_wconf 88' lang='lat' dir='ltr'>et</span> 
     </span>
     <span class='ocr_line' id='line_1_34' title="bbox 68 2371 1540 2428; baseline -0.001 -14"><span class='ocrx_word' id='word_1_296' title='bbox 68 2373 119 2415; x_wconf 90' lang='lat' dir='ltr'>M.</span> <span class='ocrx_word' id='word_1_297' title='bbox 147 2373 343 2414; x_wconf 85' lang='lat' dir='ltr'>Annaeus</span> <span class='ocrx_word' id='word_1_298' title='bbox 373 2373 522 2428; x_wconf 78' lang='lat' dir='ltr'>Mella3</span> <span class='ocrx_word' id='word_1_299' title='bbox 555 2373 680 2413; x_wconf 85' lang='lat' dir='ltr'>Tinea</span> <span class='ocrx_word' id='word_1_300' title='bbox 709 2371 898 2413; x_wconf 84' lang='lat' dir='ltr'>Umbriae</span> <span class='ocrx_word' id='word_1_301' title='bbox 929 2373 1072 2413; x_wconf 87' lang='lat' dir='ltr'>ssuvius</span> <span class='ocrx_word' id='word_1_302' title='bbox 1102 2377 1139 2414; x_wconf 89' lang='lat' dir='ltr'>et</span> <span class='ocrx_word' id='word_1_303' title='bbox 1177 2373 1303 2413; x_wconf 88' lang='lat' dir='ltr'>Tinea</span> <span class='ocrx_word' id='word_1_304' title='bbox 1331 2372 1540 2414; x_wconf 86' lang='lat' dir='ltr'>Placenti-</span> 
     </span>
     <span class='ocr_line' id='line_1_35' title="bbox 68 2437 559 2480; baseline 0.002 -2"><span class='ocrx_word' id='word_1_305' title='bbox 68 2448 145 2480; x_wconf 89' lang='lat' dir='ltr'>nus</span> <span class='ocrx_word' id='word_1_306' title='bbox 174 2438 256 2479; x_wconf 88' lang='lat' dir='ltr'>Cic.</span> <span class='ocrx_word' id='word_1_307' title='bbox 285 2438 396 2479; x_wconf 91' lang='lat' dir='ltr'>Brut.</span> <span class='ocrx_word' id='word_1_308' title='bbox 431 2450 463 2479; x_wconf 89' lang='lat' dir='ltr'>c.</span> <span class='ocrx_word' id='word_1_309' title='bbox 492 2437 559 2479; x_wconf 81' lang='lat'>46.</span> 
     </span>
    </p>

    <p class='ocr_par' dir='ltr' id='par_1_9' title="bbox 64 2503 1541 2753">
     <span class='ocr_line' id='line_1_36' title="bbox 176 2503 1537 2558; baseline -0.001 -13"><span class='ocrx_word' id='word_1_310' title='bbox 176 2503 219 2545; x_wconf 88' lang='lat' dir='ltr'>P.</span> <span class='ocrx_word' id='word_1_311' title='bbox 249 2503 312 2545; x_wconf 83' lang='lat'>73.</span> <span class='ocrx_word' id='word_1_312' title='bbox 345 2503 530 2556; x_wconf 77' lang='grc' dir='ltr'><strong><em>Νυκτηίς</em></strong></span> <span class='ocrx_word' id='word_1_313' title='bbox 559 2514 639 2544; x_wconf 87' lang='grc'><strong>11113</strong></span> <span class='ocrx_word' id='word_1_314' title='bbox 669 2515 719 2544; x_wconf 81' lang='lat' dir='ltr'>ex</span> <span class='ocrx_word' id='word_1_315' title='bbox 750 2503 895 2554; x_wconf 73' lang='lat' dir='ltr'>Nyctei</span> <span class='ocrx_word' id='word_1_316' title='bbox 925 2503 1082 2544; x_wconf 85' lang='lat' dir='ltr'>filiabus</span> <span class='ocrx_word' id='word_1_317' title='bbox 1119 2503 1307 2556; x_wconf 87' lang='lat' dir='ltr'>Apollod.</span> <span class='ocrx_word' id='word_1_318' title='bbox 1337 2504 1401 2545; x_wconf 90' lang='lat' dir='ltr'><strong>III.</strong></span> <span class='ocrx_word' id='word_1_319' title='bbox 1431 2504 1469 2558; x_wconf 88' lang='lat'>5,</span> <span class='ocrx_word' id='word_1_320' title='bbox 1499 2504 1537 2546; x_wconf 88' lang='lat'>5.</span> 
     </span>
     <span class='ocr_line' id='line_1_37' title="bbox 69 2569 1539 2622; baseline 0 -13"><span class='ocrx_word' id='word_1_321' title='bbox 69 2572 110 2609; x_wconf 86' lang='lat' dir='ltr'>et</span> <span class='ocrx_word' id='word_1_322' title='bbox 149 2580 198 2609; x_wconf 88' lang='lat' dir='ltr'>ex</span> <span class='ocrx_word' id='word_1_323' title='bbox 237 2569 397 2620; x_wconf 78' lang='lat' dir='ltr'>multis,</span> <span class='ocrx_word' id='word_1_324' title='bbox 437 2580 539 2622; x_wconf 86' lang='lat' dir='ltr'>quas</span> <span class='ocrx_word' id='word_1_325' title='bbox 583 2569 732 2621; x_wconf 89' lang='lat' dir='ltr'>Apollo</span> <span class='ocrx_word' id='word_1_326' title='bbox 775 2569 1029 2621; x_wconf 80' lang='lat' dir='ltr'>procreavit,</span> <span class='ocrx_word' id='word_1_327' title='bbox 1072 2580 1152 2610; x_wconf 89' lang='lat' dir='ltr'>una</span> <span class='ocrx_word' id='word_1_328' title='bbox 1192 2580 1340 2610; x_wconf 89' lang='lat' dir='ltr'>nomen</span> <span class='ocrx_word' id='word_1_329' title='bbox 1380 2570 1539 2621; x_wconf 76' lang='lat' dir='ltr'>accepit</span> 
     </span>
     <span class='ocr_line' id='line_1_38' title="bbox 64 2631 1540 2687; baseline 0.001 -13"><span class='ocrx_word' id='word_1_330' title='bbox 64 2631 309 2682; x_wconf 77' lang='grc' dir='ltr'><em>Ἀπολλωνίς</em></span> <span class='ocrx_word' id='word_1_331' title='bbox 345 2635 498 2676; x_wconf 81' lang='lat' dir='ltr'>Eumol.</span> <span class='ocrx_word' id='word_1_332' title='bbox 538 2635 692 2685; x_wconf 77' lang='lat' dir='ltr'>Fragm.</span> <span class='ocrx_word' id='word_1_333' title='bbox 731 2634 830 2675; x_wconf 84' lang='lat' dir='ltr'><strong>XVI.</strong></span> <span class='ocrx_word' id='word_1_334' title='bbox 869 2634 960 2675; x_wconf 85' lang='lat'><strong>405.</strong></span> <span class='ocrx_word' id='word_1_335' title='bbox 1012 2634 1072 2676; x_wconf 85' lang='lat' dir='ltr'><strong>ed.</strong></span> <span class='ocrx_word' id='word_1_336' title='bbox 1110 2635 1391 2676; x_wconf 78' lang='lat' dir='ltr'>lllarckscheff.</span> <span class='ocrx_word' id='word_1_337' title='bbox 1430 2634 1540 2687; x_wconf 87' lang='lat' dir='ltr'>quod</span> 
     </span>
     <span class='ocr_line' id='line_1_39' title="bbox 67 2696 1541 2753; baseline 0.001 -13"><span class='ocrx_word' id='word_1_338' title='bbox 67 2701 211 2741; x_wconf 87' lang='lat' dir='ltr'>nescio</span> <span class='ocrx_word' id='word_1_339' title='bbox 253 2711 304 2741; x_wconf 90' lang='lat' dir='ltr'>an</span> <span class='ocrx_word' id='word_1_340' title='bbox 345 2701 424 2742; x_wconf 88' lang='lat' dir='ltr'>illis</span> <span class='ocrx_word' id='word_1_341' title='bbox 464 2700 661 2753; x_wconf 75' lang='lat' dir='ltr'>exemplis</span> <span class='ocrx_word' id='word_1_342' title='bbox 698 2700 746 2740; x_wconf 85' lang='lat' dir='ltr'>ab</span> <span class='ocrx_word' id='word_1_343' title='bbox 795 2700 1010 2741; x_wconf 79' lang='lat' dir='ltr'>Hermaimi</span> <span class='ocrx_word' id='word_1_344' title='bbox 1060 2701 1296 2751; x_wconf 86' lang='lat' dir='ltr'>suspicione</span> <span class='ocrx_word' id='word_1_345' title='bbox 1345 2696 1541 2741; x_wconf 82' lang='lat' dir='ltr'>vindicari</span> 
     </span>
    </p>

    <p class='ocr_par' dir='ltr' id='par_1_10' title="bbox 1173 2765 1263 2807">
     <span class='ocr_line' id='line_1_40' title="bbox 1173 2765 1263 2807; baseline 0.011 -1"><span class='ocrx_word' id='word_1_346' title='bbox 1173 2765 1263 2807; x_wconf 66' lang='lat'>33*</span> 
     </span>
    </p>
   </div>
  </div>
 </body>
</html>
