1731 3021
129 174 221 216 234
589 172 1022 215 DISSERTATIO
1074 173 1137 214 IV.

127 285 255 335 viam3
296 295 429 336 neque
469 283 632 324 omnino
681 281 789 323 aliud
831 282 1074 333 adjectivum
1120 283 1311 323 feminine
1351 284 1607 326 terminatum

129 349 238 402 apud
266 350 454 390 Nonnum
485 350 709 402 reperitur3
740 359 874 400 unum,
905 352 948 388 ut
977 347 1152 401 memini,
1183 349 1451 390 masculinum
1480 348 1607 404 γηθό-

127 426 263 464 συνος.
314 415 424 456 Idem
455 416 615 468 ambigo
648 415 698 456 de
726 415 938 455 mulierum
968 413 1201 454 nominibus
1228 416 1407 467 propriis
1434 410 1607 469 Ἀπημο-

128 480 234 536 σύνη
263 481 456 535 Apollod.
485 482 549 523 ΙΙΙ.
580 482 618 535 2,
651 481 684 523 1.
717 477 969 534 Ἁβροσύνη,
1011 475 1293 533 Εὐφροσύνη,
1324 479 1608 536 Σωφροσύνη,

125 545 415 602 Μνημοσύνη,
456 549 737 599 Cliarmosyne
776 548 817 587 in
846 547 993 587 Inscrr.
1027 545 1136 587 Grut.
1176 550 1309 586 utrum
1350 547 1609 590 substantive

127 615 335 667 appellata
365 615 447 655 sint
475 619 519 655 ut
549 612 732 667 Εἰρήνη,
758 608 934 666 Ἀγάπη,
966 611 1098 664 Νίκη,
1139 609 1274 665 Χλόη,
1314 613 1459 665 Σοφία
1486 614 1608 656 Anth.

127 681 191 722 IX.
221 692 259 721 n.
292 680 385 722 813.
427 685 467 721 et
498 682 538 720 in
567 679 910 732 Inscriptionibus
940 679 1078 718 latinis
1106 678 1321 731 Felicitas,
1359 679 1497 720 Pietas
1528 684 1606 720 etc.

125 759 162 787 v.
194 747 369 787 Dissert.
400 746 464 786 IX.
506 757 558 786 an
597 745 892 796 adjectivorum
928 743 1050 785 modo
1093 743 1297 784 declinata
1333 744 1608 797 Euphrosyne

127 813 177 854 ab
207 811 520 863 Euphrosynus,
552 809 663 862 quod
693 821 819 863 saepe
850 811 997 862 legitur
1028 811 1070 849 in
1102 810 1315 861 utriusque
1345 810 1509 862 linguae
1537 812 1609 853 In-

126 877 422 930 scriptionibus
461 880 500 916 et
539 872 829 928 Σωφρόσυνος
857 877 978 928 Corp.
1009 876 1136 916 Inscr.
1168 886 1206 915 n.
1235 875 1356 917 2206.
1391 874 1610 930 Χαρμόσυ-

126 958 198 991 νος
218 955 255 984 n.
278 943 397 984 2927.
427 942 611 983 Victoria
640 953 663 982 a
689 942 911 995 Victorius,
942 945 986 982 ut
1007 941 1057 981 ab
1082 938 1248 989 Εὔνοος
1266 938 1415 983 Εὐνόα
1437 943 1608 985 Theocr.

127 1014 166 1052 ct
189 1010 240 1050 ab
267 1009 358 1050 aliis
379 1009 618 1049 masculinis
643 1008 708 1049 vel
728 1009 892 1049 usitatis
917 1008 982 1048 vel
1003 1008 1248 1048 usitatorum
1268 1008 1469 1050 similibus
1497 1011 1610 1061 Πρα-

127 1073 244 1126 ξινόα
272 1076 443 1117 Eunoae
482 1075 646 1116 domina
684 1073 792 1127 apud
829 1073 1002 1114 eundem
1039 1073 1321 1126 Theocritum,
1354 1068 1608 1128 Ἀριστονόη,

121 1139 324 1195 Ἀρσινόη,
360 1139 532 1195 Θεονόη,
560 1137 730 1194 Ἰφινόη,
763 1137 965 1193 Νικονόη,
999 1134 1171 1190 Προνόη
1200 1137 1318 1179 Diod.
1345 1138 1407 1180 IV.
1435 1139 1500 1181 68.
1531 1145 1608 1182 eto.

127 1209 264 1249 omnia
292 1209 372 1249 alio
405 1212 578 1249 accentu
606 1211 752 1248 notata
781 1217 901 1258 quam
927 1216 1032 1258 quae
1055 1204 1326 1245 substantivis
1352 1204 1610 1248 adnumerari

126 1280 303 1329 possunt
336 1271 563 1327 Πρόνοιοω
552 1275 758 1314 Minervae
790 1273 1022 1325 epitheton,
1055 1266 1257 1323 Ὀμόνοια
1284 1271 1405 1311 A.ntl1
1436 1272 1541 1325 App
1571 1285 1610 1316 11.

126 1342 218 1383 210.
241 1338 431 1381 Εὔπλοια
448 1341 620 1381 Veneris
644 1340 855 1392 epitheton
878 1343 916 1379 et
944 1338 1060 1378 navis
1081 1348 1229 1377 nomen
1251 1338 1291 1377 in
1316 1338 1443 1378 Inscr.
1467 1338 1610 1380 Naval.

128 1422 165 1462 p.
195 1408 259 1450 83.
290 1409 331 1447 in
362 1407 454 1447 aliis
485 1405 666 1456 Εὔνοια,
699 1405 846 1458 quibus
879 1404 1059 1445 editores
1091 1408 1305 1444 accentum
1333 1403 1611 1456 appellativo-

126 1486 214 1515 rum
252 1473 515 1514 reddiderunt
550 1473 592 1513 in
629 1475 844 1522 utramque
883 1474 1041 1523 partem
1083 1481 1213 1521 aeque
1252 1473 1414 1522 aptum;
1451 1481 1545 1511 nam
1575 1471 1612 1513 si

129 1540 297 1582 Graecis
348 1539 532 1580 collibuit
579 1537 824 1589 adjectivum
863 1532 889 1589 ἡ
929 1533 1079 1583 εὔνους
1118 1540 1280 1576 vertere
1322 1536 1365 1576 in
1401 1537 1612 1589 proprium

128 1605 292 1648 Εὕνοια
330 1610 374 1646 ut
412 1602 560 1658 εὔβους
597 1601 783 1657 Εὔβοια,
837 1607 948 1643 certe
996 1606 1194 1643 acuerunt
1238 1602 1610 1653 antepenultimam.

120 1670 276 1726 Ὑγίεια
307 1673 392 1712 sive
426 1675 490 1711 est
519 1671 727 1710 Minervae
759 1679 988 1720 cognomen
1019 1670 1106 1708 sive
1135 1679 1286 1708 nomen
1315 1667 1417 1708 deae
1445 1669 1611 1709 Aescu-

128 1740 238 1792 lapio
270 1742 413 1790 natae,
452 1738 541 1778 siue
580 1736 702 1776 dubio
736 1735 917 1776 Salutem
949 1734 1196 1785 significat.⁶
1243 1733 1324 1775 Sed
1354 1733 1404 1774 de
1433 1731 1613 1776 Εὔκλεια

127 1806 195 1845 vix
223 1805 328 1845 ratio
358 1804 451 1844 iniri
481 1806 622 1855 potest
651 1806 785 1842 utrum
814 1800 920 1840 idem
950 1800 1086 1841 valeat
1122 1805 1244 1853 atque
1275 1795 1409 1853 ὑγίεια
1437 1811 1490 1841 an
1517 1812 1611 1842 mo—

128 1873 253 1913 tionis
284 1872 363 1911 ritu
391 1869 616 1910 derivatum
641 1868 694 1909 sit
714 1867 764 1908 ab
785 1862 952 1919 Εὐκλῆς
975 1871 1019 1907 ut
1039 1863 1288 1920 Εὐρύκλεια,
1319 1863 1610 1919 Στρατόκλεια,

128 1934 384 1990 Σωκράτεια,
416 1930 614 1987 Εὐτυχία,
646 1929 840 1986 Εὐσεβία,
870 1928 1074 1986 Εὐνομία.
1122 1935 1307 1986 Denique
1334 1933 1611 1974 Schneiderus

129 2015 251 2057 quum
291 2002 387 2043 dicit
427 2001 729 2043 substantivum
767 1995 1003 2052 μαχλοσύνη
1041 2011 1190 2051 reapse
1229 1999 1328 2040 nihil
1366 1998 1475 2039 aliud
1516 2010 1612 2040 6556

129 2081 248 2123 quam
289 2068 468 2109 seminini
507 2067 670 2119 generis
709 2065 976 2119 adjectivum,
1009 2065 1162 2106 nullum
1200 2065 1413 2117 utriusque
1457 2064 1612 2106 ordinis

130 2136 348 2176 discrimen
388 2135 600 2186 relinquit3
649 2133 834 2184 sequitur
881 2132 985 2172 enim
1031 2131 1213 2171 Cattierii
1254 2131 1487 2183 opinionem
1527 2130 1611 2172 Ga-

130 2201 292 2253 zophv.l
324 2213 362 2253 p.
395 2200 460 2241 55.
493 2200 659 2240 nomina
686 2200 729 2238 in
758 2208 888 2250 οσυνη
928 2196 1116 2237 cadentia
1158 2198 1293 2238 omnia
1329 2202 1476 2237 natura
1515 2207 1611 2238 esse

131 2267 357 2319 adjectiv,
313 2278 355 2306 a·
380 2265 454 2306 sed
471 2266 623 2318 verius,
644 2269 686 2304 ut
708 2264 885 2304 arbitloi
890 2263 1150 2316 ,Simplicius
1172 2264 1213 2303 in
1231 2263 1277 2304 X.
1291 2263 1429 2313 Categ.
1449 2263 1502 2303 N.
1519 2277 1557 2315 γ
1569 2263 1607 2304 b.

130 2330 394 2380 ὁικαιόσυνος
410 2328 515 2379 Ζεὺς
533 2327 614 2370 ἀπὸ
631 2326 894 2382 (δικαιοσύνης
913 2324 969 2376 ὡς
988 2324 1248 2381 εὖφροσυνος
1268 2324 1350 2369 ἀπὸ
1368 2343 1440 2381 της
1460 2324 1610 2381 εὐφρο-

130 2396 268 2452 σύνης,
297 2410 390 2439 nam
419 2408 563 2438 revera
584 2397 935 2437 substantivorum
954 2395 1080 2435 multo
1107 2398 1238 2448 major
1255 2398 1330 2436 ‘est
1355 2405 1548 2435 numerus
1571 2399 1611 2435 et

131 2470 260 2505 testes
281 2464 515 2516 ampliores.
537 2463 739 2503 Homerus
760 2462 919 2514 quidem
940 2473 1061 2502 unum
1079 2462 1236 2513 recepit
1254 2457 1504 2514 γηθόσυνος,
1518 2471 1611 2501 nam

130 2527 334 2584 ἁλοςύόνη
355 2529 546 2583 quodque
567 2529 838 2571 Callimachus
858 2528 951 2569 huic
977 2528 1132 2568 affinxit
1158 2523 1430 2579 ὑδατοςύδνη,
1451 2526 1611 2579 simpli-

223 2684 261 2727 6)
285 2684 442 2719 Mulieris
469 2693 596 2719 nomen
622 2682 830 2728 est‘Yyiem
864 2683 899 2716 in
922 2682 1039 2726 Epigr.
1079 2681 1171 2725 quod
1205 2681 1390 2717 Jacobsius
1424 2682 1459 2715 in
1482 2680 1520 2716 T.
1546 2680 1609 2716 111.

133 2740 210 2779 907.
240 2738 362 2781 edidit,
381 2737 501 2785 ‘qu'q
528 2739 687 2783 Append.
715 2749 748 2773 n.
776 2738 851 2774 153.
877 2738 970 2774 Julia
994 2737 1105 2781 Hygie
1130 2738 1166 2772 in
1194 2736 1330 2773 Gruter-i
1355 2737 1478 2772 Inscrr.
