1731 3021
118 154 213 197 202
581 150 1014 194 DISSERTATIO
1066 150 1129 191 lV.

119 262 383 317 penultimam
420 261 583 314 longam
621 261 794 314 habent,
837 261 872 302 si
904 259 954 300 ab
986 259 1160 300 ethnicis
1190 257 1458 310 discedimus,
1499 268 1600 310 per-

120 340 255 382 pauca
302 330 398 371 sunt
446 332 485 369 et
531 328 722 369 obsoleta
761 328 988 372 Γελωτῖνος
1027 320 1050 364 ὁ
1089 320 1386 376 καταγέλαστος
1422 323 1518 364 Hes.
1557 327 1598 362 et

120 395 332 436 homerica
359 391 589 446 ἀγχιστῖνος
617 398 656 434 et
684 396 1004 445 προμνηστῖνος,
1051 393 1168 442 cujus
1209 391 1324 442 origo
1366 389 1597 431 obscurior.

124 459 207 502 Sed
230 462 316 513 jam
344 460 615 501 substantivis
647 469 814 511 operam
844 457 1042 498 dabimus.

234 531 273 574 ὃ.
303 526 338 567 2.
405 522 465 566 Τὰ
494 525 549 573 εἰς
581 516 667 573 svo—g
696 520 881 576 ὀνόματα
909 521 936 577 ἢ
972 519 1097 575 κύριοί
1125 519 1234 563 ἐστιν
1263 518 1290 576 ἢ
1319 517 1465 562 ἐθνικά
1490 521 1599 560 Σκο-

119 594 303 644 activos,
338 587 674 646 Ἀκραγαντῖνος·
719 587 744 642 ἢ
774 587 940 630 ἐπίθετα
968 589 1136 643 ῥηγῐνος
1166 585 1189 629 ὁ
1218 585 1370 642 δεινός,
1396 584 1422 641 ἢ
1451 600 1599 639 προςη-

121 656 266 714 γορικά
294 657 445 711 ἐχῖνος,
475 659 702 711 γελασῖνος·
735 653 760 709 ἢ
788 651 1085 707 ὑποκοριστικά
1114 651 1206 696 οἷον
1235 656 1417 708 φιλῖνος,
1448 653 1599 693 παλλα-

117 729 243 773 κῖνος.
287 726 429 765 Ταῦτα
468 721 511 764 ὁὲ
545 723 578 764 εἰ
617 720 681 762 ἐπὶ
720 717 923 774 ὀνόματος
958 739 991 763 κ.
1021 737 1053 762 τ.
1082 724 1115 763 λ.
1145 722 1233 762 EM.
1266 720 1359 773 793,
1389 719 1455 760 43.
1507 717 1600 759 Ποῦ

118 792 377 846 praescripto
410 792 587 842 quinque
618 788 905 828 discernuntur
934 798 1103 841 genera,
1134 798 1306 839 quorum
1336 783 1598 837 unumquod-

120 869 198 911 que
229 868 328 899 suas
358 856 482 896 habet
514 859 553 894 et
582 853 775 905 proprias
807 853 1034 893 cautiones,
1085 853 1351 905 Propriorum
1391 855 1431 893 et
1462 850 1598 892 ethni-

120 934 261 965 corum
289 931 582 972 nonnunquam
613 919 744 959 forma
775 922 838 959 est
868 918 1028 959 eadem:
1056 914 1212 972 Ἀγάθη
1235 943 1276 948 —
1301 914 1523 971 Ἀγαθῖνος
1549 912 1598 956 τὸ

119 984 293 1031 ἐθνικὸν
322 983 377 1035 ὡς
403 983 738 1040 Ἀκραγαντῖνος·
756 981 921 1037 ’Ἅβρων
949 981 1027 1037 γὰρ
1057 981 1102 1024 ἐν
1128 985 1186 1040 τῷ
1215 982 1306 1037 περὶ
1334 980 1599 1037 παρωνύμων

117 1058 204 1104 τοῖς
241 1051 444 1101 τοιούτοις
477 1051 545 1094 καὶ
585 1046 692 1092 αὐτὰ
729 1047 923 1102 συνέμιξε.
972 1050 1028 1090 Εἰ
1052 1047 1095 1090 δὲ
1123 1049 1193 1090 καὶ
1221 1048 1369 1103 κύριον
1398 1050 1480 1102 εἴη,
1522 1044 1600 1089 οὐκ

118 1116 285 1168 ἀπεικὸς
314 1119 524 1173 σημαίνειν
553 1113 776 1170 ἀμφότερα.
826 1116 1056 1167 Agathinus
1094 1117 1304 1168 proprium
1342 1116 1418 1156 viri
1447 1126 1597 1156 nomen

119 1191 184 1229 est
212 1186 333 1227 Anth.
355 1186 420 1227 XI.
443 1185 533 1227 337.
567 1184 648 1224 Cic.
677 1183 790 1224 Verr.
818 1182 864 1222 ll.
897 1181 963 1223 36.
997 1185 1066 1222 aut
1097 1193 1147 1222 ex
1177 1181 1385 1233 gentilicio
1419 1193 1598 1222 conver-

120 1265 210 1297 sum
239 1256 283 1293 ut
309 1247 581 1304 Έλευσῑνος,4
603 1246 792 1302 Ῥηγῖνος
822 1248 933 1290 Suid.
955 1250 1173 1295 Σκυθῖνος
1203 1247 1344 1300 Steph.
1368 1259 1401 1288 s.
1444 1245 1566 1300 Τέως,
1583 1248 1599 1272 ⁵

121 1325 189 1362 aut
220 1319 270 1360 ab
302 1318 505 1370 adjectivo
537 1316 762 1357 derivatum
792 1320 836 1356 ut
866 1316 1027 1367 φιλῐνος
1054 1314 1141 1355 ΕΜ.
1168 1313 1193 1353 l.
1221 1324 1253 1354 c.
1282 1315 1489 1366 multaque
1518 1313 1600 1354 alia

120 1388 310 1438 Σοφῖνος
341 1384 462 1436 Corp.
495 1383 623 1423 Inscr.
654 1393 692 1422 n.
722 1381 815 1423 800.
849 1376 1053 1433 Ἀργῖνος,
1096 1380 1352 1430 numos-⁶,
1392 1384 1432 1421 et
1470 1379 1598 1421 latina

120 1452 361 1503 Crassinus,
391 1449 617 1501 Probinus,
647 1447 862 1500 Nigrinus,
899 1447 1106 1488 Macrinus
1138 1449 1214 1487 etc.
1244 1457 1280 1486 v.
1315 1445 1516 1487 Tschuck.
1547 1444 1599 1486 ad

117 1519 288 1568 Eutrop.
318 1516 364 1557 II.
397 1515 458 1557 11.
491 1526 529 1566 p.
558 1513 624 1555 87.
664 1525 796 1566 neque
834 1514 1007 1555 interest
1044 1516 1177 1552 utrum
1214 1511 1316 1553 haec
1348 1511 1398 1552 ad
1429 1512 1599 1564 propria

119 1581 269 1637 Σόφος
297 1583 423 1623 Inscr.
462 1580 579 1622 1297.
611 1584 687 1620 etc.
726 1579 957 1619 referantur
991 1589 1042 1618 an
1073 1577 1123 1618 ad
1153 1576 1368 1629 adjectiva.
1412 1578 1450 1618 A
1480 1589 1598 1619 com-

120 1650 271 1704 positis
302 1644 496 1700 Εὐπάλης
525 1641 777 1694 Εὐπαλῖνος,
809 1644 919 1696 quod
947 1643 1241 1685 Valckenarius
1275 1643 1326 1684 ad
1355 1643 1505 1685 Herod.
1533 1644 1597 1686 IX.

122 1716 185 1760 15.
218 1718 330 1756 recte
359 1711 614 1765 simplicibus
647 1709 906 1763 adnumerat,
936 1705 1156 1761 Εὐκράτης
1183 1704 1464 1763 Εὐκρατῖνος,
1494 1711 1597 1750 Σω-

119 1784 310 1835 κρατῖνος
338 1779 465 1820 Inscr.
498 1789 535 1818 n.
568 1776 667 1829 172,
701 1776 762 1817 19.
791 1776 901 1828 quod
929 1775 1163 1818 Boeckhius
1195 1786 1232 1826 p.
1256 1774 1349 1816 308.
1379 1775 1597 1827 analogum

121 1860 216 1891 esse
246 1845 444 1898 negabat,
492 1844 765 1894 Φιλοχαρῖνος
794 1853 831 1882 n.
864 1841 981 1882 1240.
1015 1843 1132 1892 cujus
1163 1844 1377 1883 accentum
1405 1842 1446 1880 in
1478 1845 1599 1883 ante-

120 1914 343 1969 penultima
373 1910 524 1964 posuit,
556 1912 801 1961 Ζωπυρῖνος
836 1908 1060 1958 (οη1155.ἰιι
1091 1907 1181 1959 Th.)
1210 1906 1358 1948 Athen.
1380 1907 1480 1948 XIV.
1503 1907 1595 1949 662.

211 2045 247 2087 4)
276 2043 383 2077 Omisi
409 2041 620 2085 Σαλαμῖνος
647 2039 748 2074 Anth.
776 2038 832 2073 XI.
852 2038 928 2074 387.
950 2039 1031 2081 quia
1055 2037 1265 2080 adjectivum
1291 2040 1344 2072 est
1362 2036 1596 2081 Σαλαμίνιος.

211 2100 248 2142 5)
287 2096 470 2133 Σκυθιιιός
495 2097 625 2132 editum
655 2100 707 2130 est
734 2096 820 2128 Plut.
853 2093 895 2127 de
921 2093 1015 2136 Ptin.
1045 2092 1166 2127 Oracc.
1192 2092 1276 2126 XVI.
1305 2093 1382 2129 273.
1411 2093 1447 2127 Τ.
1473 2092 1529 2127 XI.
1562 2097 1599 2128 ut

120 2155 335 2201 gentilicium
360 2154 540 2186 Σκυθινοί
560 2151 717 2194 Xenoph.
744 2150 807 2185 sed
835 2152 868 2184 et
896 2149 961 2182 hoc
987 2152 1132 2182 accentu
1156 2149 1287 2182 incerto
1314 2150 1404 2182 sicut
1430 2149 1598 2193 pleraque

120 2212 275 2257 gentium
299 2209 470 2243 vocabula
495 2206 669 2240 Rovd‘nsoi
692 2211 725 2240 et
753 2204 943 2242 Βουδῖνοι,
978 2204 1147 2235 Βουλιιόί
1173 2203 1341 2235 Bormum
1374 2213 1406 2237 v.
1435 2204 1597 2239 Draken-

119 2266 239 2303 borch.
268 2264 309 2299 ad
337 2265 410 2299 Liv.
436 2264 548 2299 XLIV.
577 2263 639 2305 30,
675 2263 727 2297 11.
759 2262 932 2303 Ταυριιόί
960 2259 1078 2302 Polyb.
1114 2260 1157 2293 II.
1192 2259 1246 2294 60.
1280 2262 1452 2303 Ταυρῖνοι
1486 2259 1597 2294 Strab.

119 2323 176 2358 IV.
206 2322 278 2357 204,
308 2322 451 2364 Σιβινοί
471 2320 545 2354 VII.
571 2319 649 2354 290.
676 2317 844 2348 Κοτῐινοί
865 2316 930 2349 Dio
957 2315 1053 2349 Cass.
1079 2314 1191 2349 LXXI.
1229 2315 1280 2350 12.
1307 2317 1466 2360 ΝΙορινοί
1484 2315 1594 2350 Strab.

121 2379 177 2414 IV.
205 2379 282 2414 200.
311 2381 345 2412 et
373 2379 491 2410 contra
514 2375 716 2417 Κεστρῒνοι,
738 2372 942 2415 Ἀργυρῖνοι
973 2373 1039 2406 etc.

209 2434 246 2476 6)
280 2431 414 2468 Γλύκος
437 2441 505 2465 non
529 2430 644 2474 reperi
672 2429 738 2461 nisi
763 2429 797 2460 in
820 2427 961 2461 vasculo
990 2425 1144 2460 Krameri
1174 2424 1279 2458 (seber
1302 2426 1379 2468 Seyl
1411 2426 1478 2459 mid
1502 2428 1596 2460 Her-

122 2490 217 2531 kunst
239 2489 298 2521 der
326 2487 573 2530 Thouyefnesse
597 2496 630 2528 p.
657 2485 710 2520 57.
741 2484 794 2517 cui
814 2482 974 2517 Γλαῦκος
990 2480 1228 2525 reponendum
1246 2481 1403 2524 videtur3
1430 2482 1492 2516 sed
1510 2481 1596 2514 Γλύ-

121 2557 163 2585 κη
195 2547 229 2580 et
255 2544 436 2588 γλυκίνας.
482 2543 654 2576 Incertum
679 2542 732 2575 est
756 2540 950 2582 Βραχΐνος,
978 2541 1012 2572 et
1035 2547 1096 2580 pro
1115 2538 1296 2581 Τραχῖνος
1314 2536 1451 2571 Hellod.
1473 2537 1511 2572 V.
1539 2538 1594 2572 27.

122 2610 173 2643 sq.
202 2602 236 2632 in
261 2599 374 2633 Photii
399 2598 581 2641 Excerptis
606 2595 753 2630 LXXIII.
780 2595 834 2630 94.
862 2594 987 2635 legitur
1011 2590 1209 2636 Τραχινός,
1236 2592 1405 2628 mendose
1444 2592 1597 2636 quidem,

121 2657 196 2690 sive
224 2665 241 2689 a
275 2653 409 2699 τραχύς
444 2654 584 2688 ductum
610 2655 663 2687 est
687 2653 761 2686 sive
797 2659 817 2684 a
841 2650 985 2692 Τραχίς.
1033 2648 1158 2683 Barine
1191 2646 1307 2682 Horat.
1341 2648 1384 2683 11.
1419 2646 1483 2682 Od.
1518 2646 1594 2682 vu.

120 2710 298 2751 Bentlcjus
319 2719 433 2753 neque
458 2709 600 2743 latinum
625 2715 740 2751 neque
768 2714 930 2748 graecum
958 2713 1037 2739 esse
1063 2703 1208 2747 judicat.
