1731 3021
112 157 205 200 360
567 149 997 193 DISSERTATIO
1038 149 1137 190 VIII.

114 266 269 307 omisso
312 265 400 305 iota
436 262 546 315 quod
585 260 733 314 probat
772 258 998 299 Meinekius
1036 260 1076 298 in
1107 258 1218 300 Com.
1255 259 1316 299 Fr.
1354 257 1397 299 P.
1437 258 1464 299 Ι.
1495 257 1587 299 506.

116 331 268 374 Similis
300 340 427 370 causa
457 333 518 368 est
548 325 738 378 adjectivi
768 321 942 375 πρωιζός
970 328 1009 364 61
1038 321 1195 379 πρῳζός
1235 325 1321 365 sive
1362 320 1522 377 πρωζός
1551 335 1588 364 v.

118 396 332 447 Goettling.
364 395 412 435 de
442 394 539 434 Acc.
577 392 669 433 306.
709 389 819 442 quod
848 401 871 429 a
910 390 1220 441 praepositione
1259 388 1483 429 derivatum
1526 391 1590 429 est

118 473 207 504 cum
238 461 368 502 ectasi
395 460 553 501 vocalis
584 464 625 499 ut
654 453 849 508 πρώιμος,
880 452 1128 507 πρωπέρυσι,
1161 453 1235 495 sed
1264 465 1345 494 non
1376 455 1504 505 magis
1525 455 1592 494 in-

121 528 245 568 olevit
275 538 393 578 quam
425 524 534 577 quod
565 524 601 564 ei
631 534 705 574 pro
729 522 913 573 exemplo
941 517 1177 573 [ιιίιχθιζός.
1208 520 1474 560 Peculiariter
1492 531 1591 560 vero

121 597 350 634 exterarum
385 592 542 631 urhium
577 588 809 629 nominibus
851 587 952 627 haec
1002 586 1231 627 terminatio
1284 584 1477 624 attributa
1530 588 1595 624 est

121 655 301 711 Σήμιζος
337 657 556 698 Armeniae
595 652 797 695 Ptolem.1
850 649 1052 703 Τυρόδιζα
1092 651 1290 690 Thraciae
1330 649 1478 690 Herod.
1515 650 1596 690 VII.

122 723 187 765 25.
221 720 374 771 Βάδιζα
402 732 485 761 11011
514 720 749 761 Britanniae
779 723 821 758 ut
850 719 890 757 in
922 718 1041 758 Thes.
1075 716 1220 757 dicitur
1250 714 1323 755 sed
1348 714 1597 756 Bruttiorum

121 802 159 830 v.
207 787 535 837 Schweighaues.
585 784 635 824 ad
678 784 820 835 Polyb.
861 783 961 824 XIII.
1003 782 1063 823 10.
1110 781 1247 832 Τίριζα
1293 780 1597 831 Paphlagoniae

124 854 264 905 Steph.
293 849 410 898 πόλις
444 849 666 896 Θεσσαλίας
695 845 855 888 Βωδών
885 843 907 899 ἡ
936 848 1017 887 νῦν
1050 843 1246 894 Βόνὸιτζα
1278 846 1414 887 801101.
1436 846 1478 886 Il.
1498 846 1597 888 XVI.

123 919 215 961 233.
247 930 321 970 pro
354 928 433 969 quo
475 912 650 963 Βόντιζα
689 914 885 964 scriptum
925 916 988 952 est
1031 912 1070 951 in
1112 911 1248 951 Schol.
1287 910 1381 951 Eur.
1419 911 1598 952 Phoenn.

125 983 218 1026 981.
275 984 389 1024 Hanc
420 980 470 1021 ad
502 979 804 1021 similitudinem
835 977 971 1028 lingua
1001 977 1041 1016 in
1081 977 1237 1016 senium
1274 987 1449 1027 vergens
1488 977 1601 1017 finxit

126 1049 394 1101 appellativa:
427 1045 557 1100 Κόρις
585 1071 638 1077 --
676 1040 723 1084 τὸ
764 1040 806 1082 δὲ
842 1039 982 1095 κόριζα
1021 1038 1228 1081 ἰδιωτικόν
1267 1041 1405 1082 Τ110111.
1450 1053 1499 1082 ex
1534 1057 1602 1082 κο-

126 1115 243 1167 ρίσκη
275 1119 406 1153 ortum
438 1126 472 1153 v.
506 1112 661 1152 Coraes
692 1108 903 1150 Prodrom.
948 1108 1050 1148 Bibl.
1092 1107 1184 1147 344.
1227 1117 1331 1157 quae
1370 1107 1600 1148 terminatio

129 1185 278 1232 postea
309 1180 349 1218 in
381 1178 719 1218 deminutivorum
751 1174 1065 1225 possessionem
1097 1173 1245 1224 cessit,
1278 1182 1301 1210 a
1328 1167 1437 1223 μάνοι
1476 1176 1605 1212 mater

126 1246 295 1299 μανίτζα
324 1244 565 1295 matercula,
595 1241 786 1294 βρυσίτζα
817 1239 1061 1290 fonticulus,
1099 1237 1274 1289 λιγδίτζα
1311 1237 1604 1289 mortariolum,

128 1311 331 1363 νυμφίτζα
363 1310 453 1349 selis
486 1310 572 1348 sive
602 1305 800 1357 mustela,
841 1316 943 1355 quac
976 1304 1025 1343 ab
1057 1304 1169 1343 Italis
1199 1302 1383 1342 similiter
1414 1302 1604 1355 donnola,

131 1375 372 1418 donnoletta
403 1378 584 1425 vocatur,
616 1384 638 1411 a
668 1369 791 1423 βέργα
820 1370 934 1420 virgo
965 1368 1146 1420 βεργίτζα
1178 1372 1253 1408 etc.
1324 1367 1502 1414 Quorum
1533 1380 1606 1409 56-

130 1443 238 1483 mina
268 1440 410 1480 1165010
444 1450 494 1478 an
524 1439 564 1477 in
595 1436 781 1476 dialectis
814 1435 1009 1475 Graeciae
1043 1433 1195 1473 veteris
1225 1432 1461 1482 vulgaribus
1499 1434 1606 1474 deli-

133 1509 306 1547 tescant.
372 1505 474 1544 Hinc
509 1508 570 1543 est
604 1503 783 1541 sortasse
824 1499 933 1550 quod
972 1499 1208 1538 Athenaeus
1251 1499 1355 1537 111161
1395 1510 1606 1540 servorum

132 1572 297 1613 nomina
328 1568 622 1620 glossematica
653 1566 765 1605 affert
810 1564 967 1615 βολίτζη
1007 1575 1080 1615 pro
1123 1560 1251 1615 δούλη
1288 1563 1396 1603 delta
1434 1566 1474 1604 in
1513 1566 1608 1606 beta

134 1640 290 1678 mutato
322 1640 365 1674 ut
407 1629 576 1684 Βελᾳῑός.
634 1631 686 1671 Ε1
726 1630 878 1670 Plinius
909 1629 1045 1669 XXIV.
1078 1628 1140 1680 16,
1172 1627 1235 1668 97.
1264 1628 1445 1678 myrrhis
1484 1641 1611 1682 quam

136 1703 211 1743 alii
254 1702 451 1751 myrizan
491 1695 793 1748 (smyrrhizam)
832 1696 998 1734 vocant.
1064 1694 1331 1734 Deminutivis
1370 1694 1450 1735 illis
1495 1700 1610 1737 aetas

135 1767 312 1809 barbara
343 1762 587 1814 adaequavit
618 1759 821 1811 adjectiva
849 1756 1147 1812 λαφρούτζικος
1176 1757 1613 1811 1611611116,νεούτζικος

133 1830 390 1884 juvenculus,
421 1823 684 1875 καλούτζικος
713 1825 954 1878 pulchellus,
981 1822 1289 1877 γλυκούτζικος,
1327 1820 1611 1876 ὀλιγούτζικος.

140 1898 276 1938 Tertia
315 1893 533 1936 declinatio
575 1891 673 1930 nihil
712 1892 871 1931 confert
911 1896 1074 1943 praeter
1118 1890 1348 1931 obsoletum
1388 1886 1533 1940 ὀλίζωυ
1573 1897 1613 1933 61

140 1962 310 2015 propria
339 1958 538 2012 quaedam
564 1953 745 2006 Ὀλιζών,
784 1956 930 2006 Τίριζις
959 1953 1065 2010 ἄκρα
1096 1955 1441 1997 Strab.vl1.319.
1469 1958 1612 2009 Aeque

142 2027 348 2078 singulare
381 2029 444 2065 est
474 2021 617 2072 ἄοζος,
659 2024 775 2073 cujus
808 2026 972 2072 etymon
1001 2024 1206 2074 ignotum,
1248 2021 1411 2072 species
1443 2027 1614 2073 apparet

140 2094 182 2134 in
212 2088 394 2140 Λόκοζος
424 2090 511 2130 sive
541 2085 726 2137 Λάκοζος
757 2087 868 2127 1111115
900 2087 1098 2137 Phrygiae
1128 2087 1302 2126 nomine.
1358 2086 1479 2126 Plura
1517 2099 1615 2130 vero

142 2158 278 2209 ypsilo
311 2156 504 2197 distincta
535 2158 642 2205 sunt,
672 2164 748 2193 nec
780 2153 912 2192 solum
943 2153 1111 2203 propria
1141 2156 1180 2191 et
1206 2151 1379 2202 exotica,
1411 2149 1618 2204 Κρόβυζοι

143 2235 245 2275 gens
278 2222 489 2272 Thraciae,
517 2216 762 2270 Μεγάβυζος
794 2222 833 2257 61
871 2215 1058 2269 Λάβυζος
1101 2216 1273 2257 eunuchi
1311 2216 1474 2257 Ctesiae
1502 2218 1618 2260 Phor.

147 2301 184 2340 p.
214 2289 279 2328 55.
311 2287 379 2327 ubi
408 2285 618 2326 Bekkerus
646 2280 835 2335 Λάβυξος
868 2282 1004 2335 edidit,
1029 2278 1228 2334 ’Λράβυζα
1259 2286 1298 2322 et
1317 2278 1479 2333 Βόρυζα
1496 2284 1618 2325 urbes

147 2354 349 2403 Asianae,
380 2350 590 2402 Λακίβυζα
630 2349 789 2399 (omiss.
819 2348 859 2386 in
899 2347 988 2397 Th.)
1030 2346 1174 2398 Georg.
1212 2349 1362 2398 Acrop.
1398 2349 1543 2389 Annal.
1587 2360 1619 2391 c.

149 2418 214 2458 37.
246 2429 283 2468 p.
313 2416 449 2456 3213.
493 2414 566 2454 sed
608 2414 728 2453 etiam
777 2412 1023 2464 appellativa
1062 2424 1229 2453 numero
1270 2413 1387 2464 plura
1425 2425 1543 2465 quam
1581 2416 1621 2455 in

152 2483 302 2523 ceteris
335 2480 549 2520 vocalibus
582 2482 621 2518 et
651 2479 691 2518 in
722 2490 798 2518 usu
828 2478 957 2528 magis
998 2478 1243 2531 inveterata,
1281 2476 1481 2531 κράβυζος
1519 2492 1623 2521 con-

245 2630 281 2672 1)
306 2628 472 2663 Thraciae
508 2636 605 2662 mons
638 2625 795 2670 Μήριζος
820 2627 875 2662 1161
908 2625 1070 2670 Μηρισός
1102 2637 1132 2660 v.
1166 2626 1364 2671 Bernhardy
1397 2628 1440 2662 ad
1472 2628 1568 2663 Suid.
1594 2638 1622 2663 s.

154 2683 304 2718 Κατάϊέ.
