1699 3021
330 149 399 192 DE
429 149 550 192 MUT¹
583 147 794 190 TERMIN.
825 147 1026 190 CAUSIS.
1065 147 1107 189 C.
1131 148 1175 190 11.
1217 154 1255 197 §.
1279 148 1340 191 14.
1521 148 1580 190 53

95 261 246 316 φῶσιν,
277 258 317 300 οἱ
345 256 389 300 δὲ
418 255 709 312 περκάζουσιν,
747 255 787 297 οἱ
814 253 858 297 δὲ
887 253 1083 310 ὄμφακες,
1121 255 1161 296 οἱ
1187 251 1228 296 δ’
1258 252 1454 296 οἰνάνθαι
1481 256 1579 297 Phi-

95 327 212 368 lostr.
242 326 380 367 Iconn.
411 325 457 365 ΙΙ.
491 325 552 366 17.
584 323 689 364 unde
719 322 788 375 qui
819 322 1029 374 eleganter
1057 321 1171 373 loqui
1202 325 1350 375 amant,
1378 323 1577 374 multipli—

99 403 171 433 ces
202 390 488 433 similitudines
520 390 690 430 ducunt:
747 384 879 439 ὥςπερ
915 384 980 428 ἐπὶ
1016 387 1145 439 συκῆς
1173 385 1339 438 πρῶτον
1366 384 1441 438 μέν
1469 384 1577 428 ἐστιν

95 454 290 507 ὅλυνθος,
322 452 407 496 εἶτα
436 451 583 508 φήληξ,
613 454 757 503 σῦκον,
789 450 924 505 ἰσχάς,
953 449 1063 493 οὕτω
1087 452 1253 504 πρῶτον
1281 448 1399 506 ὀργή,
1428 451 1576 509 θυμός,

94 520 235 576 χόλος,
274 519 416 571 κότος,
451 521 573 573 μῆνις
608 518 744 560 Scllol.
777 518 819 559 Il.
847 519 873 559 1.
903 518 936 560 1.
975 515 1134 571 ὄμφαξ,
1176 516 1383 571 σταφυλή,
1415 520 1573 572 σταφίς,

91 585 227 629 πάντα
262 587 480 640 μεταβολαί
516 587 566 626 M.
605 586 754 625 Anton.
794 584 859 625 XI.
897 584 962 625 35.
999 584 1131 635 Epict.
1171 584 1279 625 DiSS.
1319 585 1382 625 ΙΙΙ.
1414 585 1478 638 24,
1510 585 1572 626 91.

91 653 214 695 Anth.
245 653 289 694 V.
320 652 412 694 304.
478 651 565 692 Jam
604 650 824 702 explanata
864 650 971 690 omni
1009 649 1130 701 hujus
1170 650 1334 700 generis
1373 652 1573 692 varietate

93 718 358 760 considerare
396 718 496 758 libet
534 727 734 769 quaenam
765 717 799 756 ei
833 717 988 756 formae
1019 727 1108 755 cum
1139 716 1423 767 superioribus
1456 728 1572 757 com—

89 795 233 826 munes
273 784 366 824 sint.
424 783 599 824 Primum
637 783 759 834 igitur
798 785 970 833 apparet
1008 781 1232 834 vocabula,
1271 782 1419 833 quibus
1453 793 1571 823 cres—

89 849 207 891 cendi
241 849 354 889 vices
396 848 708 901 adumbrantur,
747 852 911 899 praeter
940 843 1128 900 σταφυλή
1158 850 1197 887 et
1227 847 1395 900 σταφίς,
1437 849 1573 888 omnia

87 916 311 966 inconjuga
349 925 468 966 esse,
509 914 771 954 animantium
807 925 906 953 vero
946 913 1082 965 pullos
1112 923 1402 964 nonnunquam
1439 924 1462 953 a
1492 925 1570 965 pa-

87 980 273 1021 rentibus
305 978 570 1031 denominari,
601 975 761 1031 ἄρκιλοι
789 975 840 1018 τὰ
867 979 951 1018 τῶν
974 976 1112 1031 ἄρκων
1138 974 1299 1029 νεογνά,
1332 980 1448 1029 cujus
1481 979 1571 1018 sor-

86 1057 153 1087 ma
190 1043 343 1097 aliquid
385 1044 515 1085 simile
554 1043 678 1084 habet
720 1043 1000 1096 deminutivis,
1053 1048 1233 1084 ceterum
1273 1044 1459 1083 solitaria
1506 1048 1570 1084 est

88 1111 322 1154 abundante
367 1110 488 1162 copia
535 1120 675 1150 eorum
722 1121 827 1161 quae
876 1114 1014 1160 typum
1055 1110 1379 1159 patronymicum
1419 1109 1569 1150 habent

86 1173 288 1225 ἀετιδεύς,
326 1171 534 1226 λυκιδεύς,
573 1172 843 1228 πορδαλιὸεύς
871 1179 946 1215 etc.
978 1184 1082 1225 quae
1120 1174 1423 1225 Aristophanes
1452 1175 1567 1216 Eust.

88 1243 208 1297 1625,
232 1243 296 1284 46.
329 1253 418 1282 cum
449 1238 615 1293 ἅρκιλος
645 1241 820 1292 aliisque
850 1240 1046 1291 idiotypis
1079 1244 1315 1290 congregat.
1374 1239 1564 1281 Secundo

84 1320 176 1350 cum
204 1308 437 1349 nominibus
466 1308 720 1348 affinitatium
749 1318 773 1346 a
793 1307 1104 1358 praepositione
1131 1306 1374 1356 compositis
1397 1303 1565 1346 ἐπίπαπ·

82 1388 162 1422 πος
191 1379 267 1415 etc.
299 1374 529 1425 comparari
550 1377 689 1424 potest
708 1369 931 1426 ἐπιπρητήν
949 1368 1086 1426 ἡλικία
1106 1368 1221 1423 αἰγός
1243 1371 1419 1422 Hesych.
1462 1373 1564 1413 Ter-

86 1442 143 1482 tio
174 1440 269 1481 loco
300 1438 564 1479 memoranda
594 1443 688 1479 sunt
720 1439 952 1490 parathesis
977 1437 1175 1489 exempla.
1224 1436 1437 1485 Quomodo
1459 1437 1563 1478 enim

84 1517 210 1547 sexus
252 1504 582 1545 discriminantur
620 1504 815 1555 appositu
856 1503 1151 1555 adjectivorum
1189 1499 1320 1555 ἄρσην
1350 1506 1389 1543 et
1417 1503 1562 1554 θῆλυς,

83 1572 145 1613 sic
175 1575 347 1623 aetateS‚
378 1581 482 1621 quae
512 1570 681 1621 proprio
714 1570 877 1609 nomine
908 1570 1134 1610 instructae
1160 1580 1244 1610 non
1267 1573 1374 1622 sunt,
1405 1570 1562 1610 extrin-

82 1648 205 1680 secus
246 1636 498 1677 definiuntur.
546 1635 675 1675 Varro
716 1634 764 1675 de
803 1636 845 1675 R.
884 1635 927 1675 R.
967 1635 1012 1675 II.
1051 1635 1087 1676 5.
1126 1636 1170 1675 z'n
1212 1634 1366 1675 bubulo
1407 1646 1561 1686 qenere

83 1703 244 1744 aetatis
273 1702 434 1752 aradus
466 1701 662 1742 dicuntur
693 1703 891 1752 quatuor,
919 1702 1060 1751 prima
1090 1700 1332 1750 vitulorum,
1371 1700 1560 1740 sectmda

72 1769 376 1818 juvencorum,
429 1768 560 1806 tertia
606 1765 732 1805 boum
779 1765 1062 1815 novellorum,
1111 1767 1269 1816 quarta
1308 1765 1558 1806 vetulorum.

80 1833 296 1875 Postremo
337 1831 447 1883 quod
487 1841 614 1882 supra
644 1834 682 1877 ὃ.
713 1830 749 1871 3.
790 1841 873 1870 non
903 1830 991 1870 sine
1021 1830 1296 1870 haesitatione
1326 1831 1447 1882 posui
1481 1842 1559 1882 ap-

81 1899 303 1951 positionis
343 1896 571 1948 exemplum
609 1894 674 1944 αἲξ
701 1893 850 1948 τράγος
879 1906 1027 1936 nomen
1057 1892 1221 1947 γενικόν
1251 1895 1388 1936 addito
1422 1895 1559 1953 εἰδικῷ

79 1963 160 2004 hoc
190 1967 254 2003 est
285 1963 385 2002 certi
415 1973 541 2002 sexus
573 1961 850 2012 appellatione
881 1962 1114 2002 accuratius
1133 1960 1442 2001 determinatum
1463 1973 1558 2003 esse

81 2029 340 2081 suspicatUS,
371 2028 512 2079 specie
543 2038 617 2079 par
648 2030 711 2067 est
742 2027 809 2066 illa
843 2028 991 2067 aetatis
1024 2026 1313 2078 significandae
1343 2028 1447 2067 ratio
1480 2039 1560 2079 qua

79 2093 383 2145 Aristophanes
424 2105 524 2133 usus
563 2092 722 2133 videtur
759 2094 859 2133 AVV.
892 2093 1008 2134 1555.
1039 2089 1219 2145 κάμηλος
1257 2088 1408 2144 ἀμυός,
1450 2094 1559 2145 quod

78 2160 200 2201 nobis
221 2159 356 2200 dicere
376 2159 472 2199 licet
490 2158 809 2212 Ιιάηιεείίαηιηι,
838 2159 945 2199 sicut
964 2157 1133 2198 dicimus
1154 2158 1401 2199 Hirscltlcalb
1427 2159 1559 2200 simil-

78 2225 214 2266 limum
242 2225 486 2276 graecanico
517 2220 738 2277 λαφιμόσχι
759 2228 798 2264 et
820 2224 899 2264 alia
918 2222 1162 2276 hujusmodi,
1193 2222 1271 2263 duo
1304 2223 1558 2265 diversorum

80 2291 311 2332 animalium
340 2291 506 2331 nomina
534 2291 591 2330 ita
622 2290 865 2341 copulantes
904 2293 946 2329 ut
977 2300 1056 2329 uno
1087 2299 1238 2341 genus,
1278 2289 1407 2329 altero
1439 2294 1557 2330 aeta-

81 2361 160 2397 tem
199 2356 485 2408 significemus.
553 2355 635 2397 Sed
674 2356 755 2395 ista
799 2359 933 2395 tamen
972 2354 1264 2405 Aristophanis
1305 2355 1437 2395 oratio
1471 2360 1557 2396 tota

81 2422 238 2462 ludicra
270 2422 507 2473 aculeisque
546 2421 695 2462 abditis
726 2421 783 2460 ita
812 2420 1009 2473 perplexa
1040 2424 1103 2459 est
1134 2424 1176 2459 ut
1213 2420 1291 2459 vim
1333 2422 1554 2462 testimonii

79 2488 300 2528 imminuat.
357 2486 562 2528 Interdum
599 2498 697 2527 vero
739 2486 883 2527 Graeci
923 2485 1112 2526 animalia
1150 2486 1189 2525 in
1229 2489 1342 2525 certo
1381 2486 1556 2539 quodam

81 2553 230 2609 aetatis
251 2551 379 2604 gradu
410 2553 636 2593 constituta
659 2552 708 2592 ab
732 2552 822 2592 aliis
848 2552 1137 2603 cognominant
1164 2551 1418 2606 animalibus,
1449 2565 1557 2605 quo—

82 2629 173 2659 rum
209 2617 260 2658 ad
297 2618 612 2670 magnitudinem
654 2617 853 2658 accedunt
901 2621 944 2657 ut
980 2616 1148 2669 μοσχίας
1186 2612 1209 2657 ὃ
1245 2614 1399 2671 τριέτης
1444 2616 1558 2670 κριός

78 2684 193 2726 Ευεῐ.
235 2683 352 2737 1627,
394 2684 455 2727 17.
496 2685 559 2725 cui
599 2683 731 2726 simile
768 2682 998 2735 Hesychius
1039 2683 1198 2736 profert
1236 2681 1377 2733 Λάδας
1406 2681 1558 2739 ἔλαφος
