1731 3021
141 149 203 192 86
611 147 1045 191 DISSERTATIO
1093 148 1140 190 11.

142 259 343 310 integram
373 249 423 299 αλ
452 260 493 299 in
511 270 644 311 ipsam
665 260 778 299 verbi
801 259 988 300 omnibus
1010 259 1096 300 suis
1118 257 1304 310 partibus
1327 259 1500 310 perfecti
1519 257 1623 299 sub-

146 325 338 366 stantiam
368 326 614 366 insinuatam
646 337 752 376 esse,
786 324 825 364 id
856 325 958 365 adeo
991 326 1076 366 veri
1106 324 1237 365 simile
1266 335 1349 364 non
1380 329 1443 365 est
1472 329 1515 364 ut
1545 323 1625 364 du-

146 389 267 430 bitari
299 395 490 442 oporteat
521 402 572 431 an
604 392 766 431 omnino
799 403 939 431 verum
968 403 1051 431 non
1074 391 1138 431 sit.
1186 390 1244 430 De
1264 390 1494 430 nominibus
1514 393 1626 430 certe

149 466 253 507 quae
281 456 338 495 illi
370 457 563 510 afferunt,
602 453 825 508 κυδάλιμος
855 462 931 497 etc.
972 457 1259 497 controversia
1294 456 1406 496 nulla
1435 460 1498 496 est
1529 455 1627 507 quin

149 521 406 563 extrinsecus
447 523 649 562 creverint
687 523 792 562 sicut
832 523 911 561 alia
950 533 1160 574 paragoga
1203 526 1285 562 tum
1324 521 1444 573 hujus
1483 521 1627 561 literae

149 584 360 637 διψαλέος,
391 585 618 638 πειναλέος,
653 593 734 627 tum
766 587 934 627 aliarum
962 584 1219 637 λεπτακινός,
1251 583 1494 638 ὸε-ψακερός,
1524 599 1628 626 πευ-

149 650 334 703 κεδανός,
364 651 605 706 πυράμινος,
638 653 686 693 de
717 652 864 704 quibus
895 653 1045 706 scripsi
1076 653 1127 693 ad
1155 655 1217 704 Aj.
1240 664 1277 704 p.
1297 653 1389 693 403.
1424 654 1486 692 Ac
1505 663 1556 692 ne
1578 650 1628 692 de

150 718 287 759 verbis
318 719 478 771 quidem
508 719 782 760 concedimus.
828 718 930 758 Nam
960 724 999 758 ut
1024 714 1249 770 ἁρπαλίζω,
1277 717 1520 768 κροταλίζω,
1550 715 1630 769 ῥυ-

150 784 323 835 παλίζω,
366 786 641 839 στροφαλίζω,
680 785 898 836 τροχαλίζω
930 796 954 824 a
983 785 1216 824 nominibus
1249 784 1370 824 ducta
1400 787 1494 823 sunt
1525 793 1630 834 quae

155 862 296 891 ornnes
317 856 487 904 norunt,
519 852 580 891 sic
603 851 683 890 illis
702 850 839 890 verbis
865 861 969 901 quae
990 850 1068 889 hoc
1088 849 1350 890 fundamento
1371 853 1524 901 carent,
1554 843 1631 901 ὀρ-

152 917 309 966 ταλίζω,
327 918 342 940 '²
375 918 616 967 ποιναλίζω,
646 916 875 965 πυκταλίζω
904 916 1138 967 novitiaque
1168 914 1376 964 καψαλίζω
1409 919 1448 954 et
1478 912 1632 966 ῥογχα-

152 982 244 1031 λίζω
273 983 359 1023 sive
389 981 634 1035 ῥουχαλίζω,
667 987 706 1023 et
737 982 995 1022 circumflexa
1024 977 1257 1034 καγχαλάω,
1297 976 1478 1032 ἀρταλέω
1509 977 1631 1034 (Ἠρ-

152 1043 346 1088 ταλέουτο
383 1045 605 1099 ὡπλίζοντο
643 1048 756 1101 Hes.)
807 1049 972 1088 nomina
1019 1048 1201 1089 substrui
1249 1052 1426 1099 possunt
1468 1047 1631 1101 oblivia,

157 1114 377 1154 obliterata
407 1120 475 1155 aut
507 1116 628 1155 etiam
659 1115 840 1165 cogitata
868 1115 997 1165 magis
1028 1125 1148 1166 quam
1180 1125 1258 1153 usu
1278 1117 1498 1164 percepta,
1539 1124 1632 1154 nam

158 1179 303 1220 Graeci
331 1182 372 1220 in
403 1181 634 1222 derivandis
664 1180 878 1220 vocabulis
908 1191 991 1219 non
1023 1191 1185 1231 semper
1216 1179 1266 1219 ad
1290 1178 1329 1219 id
1350 1178 1460 1230 quod
1482 1178 1633 1219 dictum

155 1250 219 1286 est
250 1246 324 1287 sed
355 1245 404 1287 ad
434 1246 474 1287 id
505 1246 615 1298 quod
644 1245 722 1286 dici
754 1247 886 1297 potuit
917 1246 1091 1285 animum
1121 1245 1309 1296 dirigunt.
1365 1246 1426 1284 Ac
1443 1244 1632 1297 nominis,

155 1311 262 1352 unde
284 1311 485 1364 ὅαμαλίζω
506 1312 678 1365 pendet,
706 1312 942 1352 memoriam
963 1323 1066 1351 unus
1088 1311 1266 1352 servavit
1290 1310 1521 1361 Hesychius
1539 1307 1633 1351 Δά-

155 1379 282 1429 μαλος
311 1379 398 1419 sive
429 1376 611 1431 δαμάλης
640 1374 662 1418 ὁ
682 1375 884 1430 ὁαμάζων,
917 1378 1166 1429 saepiusque
1195 1376 1348 1428 liquida
1378 1381 1446 1416 aut
1474 1376 1515 1415 in
1546 1377 1635 1428 pri-

156 1444 296 1484 mitivo
329 1445 552 1496 anticipata
582 1449 664 1484 est:
708 1441 868 1497 βρύλλω
896 1467 949 1472 -—
979 1444 1193 1496 βρυαλίζω,
1224 1438 1449 1493 στωμύλλω
1469 1442 1636 1483 -δια-

156 1511 455 1563 στομαλίζομαι,
479 1516 547 1550 aut
565 1511 606 1551 in
627 1511 802 1551 confinio
825 1511 921 1551 latet
940 1524 946 1550 :
978 1506 1170 1562 ἁρμαλόω
1192 1532 1245 1536 ——
1266 1504 1454 1559 ἁρμαλιά,
1482 1522 1636 1561 κογχα-

157 1576 250 1625 λίζω
291 1573 399 1627 (ἀπὸ
438 1577 514 1616 τοῦ
554 1573 656 1629 ἤχου
692 1577 776 1616 τῶν
813 1574 1001 1628 κόγχων)
1043 1599 1087 1604 -
1131 1571 1310 1627 κογχὺλη
1350 1579 1390 1614 et
1428 1571 1634 1615 κοκάλιον.

156 1642 369 1683 Difficilior
398 1647 461 1683 est
493 1642 686 1683 enodatio
718 1643 837 1682 trium
867 1642 1085 1682 verborum
1108 1652 1211 1693 quae
1237 1641 1478 1681 Eustathius
1499 1641 1636 1693 affert,

157 1717 234 1746 nec
256 1706 513 1759 desperanda
531 1713 676 1749 tamen.
737 1709 805 1748 Sic
827 1709 931 1748 enim
953 1711 1104 1759 statuo,
1134 1703 1328 1758 μαλάσσω
1349 1717 1432 1746 non
1450 1717 1473 1746 a
1491 1703 1636 1758 μάσσω

157 1773 386 1824 profectum
419 1785 514 1814 esse
546 1773 619 1813 sed
649 1778 863 1825 utrumque
897 1784 920 1813 a
948 1769 1053 1824 μάω,
1085 1772 1195 1824 quod
1225 1771 1394 1812 eandem
1425 1771 1636 1825 depsendi,

159 1838 373 1889 subigendi
403 1844 441 1879 et
471 1839 678 1879 molliendi
699 1840 1037 1890 significationem
1064 1838 1260 1879 habuisse
1290 1842 1462 1890 apparet
1482 1848 1533 1878 ex
1551 1838 1638 1878 He-

161 1904 291 1953 sycliii
330 1904 473 1955 glossa
508 1903 683 1945 Μάσσαι
719 1906 924 1957 φυρᾶσαι,
972 1916 994 1944 a
1023 1902 1114 1956 μοὶω
1146 1910 1277 1957 certe,
1315 1914 1399 1944 non
1429 1914 1453 1943 a
1482 1900 1637 1956 μάσσω.

159 1968 263 2009 Hinc
291 1970 412 2020 igitur
441 1967 584 2022 μάσσω
616 1972 744 2011 extitit
777 1976 819 2011 ut
851 1972 900 2011 ab
932 1971 1177 2020 homonymo
1208 1967 1300 2022 μάω
1323 1965 1519 2021 (μαιμάω)
1540 1983 1638 2021 μαι-

160 2031 305 2086 μάσσω
327 2040 363 2076 et
385 2048 408 2075 a
426 2034 545 2076 θλάω
565 2035 748 2086 fficiam,
773 2034 884 2088 doo'oeo
905 2033 1070 2088 ὁράσσω
1095 2032 1310 2088 (δρήσσω),
1327 2032 1440 2087 τμάω
1460 2031 1637 2087 τμήσσω.

163 2099 280 2148 Quod
311 2102 346 2142 si
378 2104 581 2143 sermonis
614 2103 826 2143 architecti
858 2115 881 2143 a
900 2100 991 2155 μάω
1016 2102 1187 2154 primum
1205 2098 1357 2153 μάλλω,
1391 2100 1536 2141 dehinc
1555 2116 1639 2153 μα-

162 2164 300 2206 λάσσω
330 2173 647 2222 propagassent,
685 2169 745 2209 sic
770 2174 813 2209 ut
841 2181 864 2209 a
881 2166 976 2217 ψάω
996 2193 1048 2196 ν
1067 2165 1210 2215 ψάλλω
1230 2163 1506 2217 -ψαλάσσω,
1538 2178 1639 2208 suus

165 2234 310 2285 cuique
332 2238 544 2274 constaret
576 2234 699 2286 ordo,
732 2234 806 2275 sed
834 2234 892 2274 illi
918 2234 1160 2286 interrupto,
1191 2237 1234 2272 ut
1265 2243 1392 2284 saepe
1421 2232 1476 2285 fit,
1505 2243 1640 2274 rerum

255 2369 293 2410 2)
322 2367 405 2401 'Ana
432 2368 493 2400 τοῦ
518 2368 590 2413 ὄρω
620 2367 723 2411 ὂρῑός
747 2369 809 2401 καὶ
836 2367 1055 2411 πλεονασμῷ
1082 2367 1251 2411 ὂρταλίζω
1277 2365 1394 2400 Schol.
1418 2365 1523 2400 Arist.
1549 2366 1637 2411 qu.

167 2424 264 2459 1555.
290 2424 463 2458 Hortensii
492 2433 684 2466 cognomen
708 2423 844 2458 Ortalus
869 2424 1115 2459 Valckenarius
1149 2424 1182 2456 in
1210 2422 1343 2455 Gallim.
1380 2432 1413 2465 p.
1444 2421 1498 2457 60.
1532 2431 1640 2465 grae-

167 2488 245 2512 cum
272 2488 349 2514 esse
375 2482 472 2523 putat
494 2482 530 2512 ut
559 2478 717 2523 ὀρταλίς,
745 2478 946 2523 ὀρτάλιχος.
994 2479 1078 2512 Mihi
1109 2479 1239 2513 rectius
1266 2476 1425 2510 Hortalus
1450 2476 1554 2510 scribi
1581 2478 1640 2510 vi-

170 2533 269 2569 detur
305 2537 340 2567 ut
364 2534 561 2569 Fundanius
595 2534 788 2578 Fundulus,
816 2535 937 2569 Furius
958 2534 1114 2577 (Fusius)
1149 2533 1259 2566 Fusus
1292 2541 1324 2565 V.
1351 2531 1471 2573 SIgon.
1504 2531 1547 2566 ad
1567 2532 1640 2566 LiV.

168 2588 310 2624 XXXIX.
337 2592 368 2632 7,
397 2592 448 2626 10.
483 2589 619 2624 Marcus
653 2590 859 2631 Marcellus,
893 2591 986 2624 Titus
1020 2590 1157 2631 Tatius,
1192 2588 1318 2631 hisque
1351 2587 1478 2621 similia
1514 2587 1641 2622 Hostus

166 2644 352 2687 Hostilius,
378 2646 497 2679 Vibius
520 2645 705 2687 vibianus,
735 2645 899 2681 Claudius
924 2645 1156 2687 Claudianus,
1181 2643 1303 2680 Aelius
1329 2641 1514 2686 Aelianus,
1539 2642 1641 2679 Aelia

164 2698 285 2735 Aelias
308 2703 375 2736 etc.
