1731 3021
197 182 252 225 ll}
677 178 1107 223 DISSERTATIO
1157 179 1185 220 I.

197 290 281 330 τῶν
308 290 431 342 βοῶν,
463 288 586 343 ζυγόν
613 288 678 331 ἐπὶ
705 290 788 331 τῶν
807 290 1015 342 σταθμῶν.
1056 289 1116 329 Αο
1137 289 1171 330 Si
1193 288 1295 329 haec
1316 288 1523 329 distinctio
1545 288 1667 330 nobis

199 355 389 397 subtilior
431 356 591 398 videtur
629 366 748 408 quam
787 356 945 408 verior,
999 358 1132 395 tamen
1176 351 1227 394 τὰ
1266 351 1379 406 πυρὰ
1423 350 1497 403 (τὸ
1533 350 1668 405 πυρόν

197 421 322 462 Belik.
341 422 495 463 Anecd.
517 422 608 476 122,
627 422 710 475 22.)
743 425 782 461 et
812 420 855 461 αἱ
881 420 1009 473 πυραί
1036 419 1162 460 multo
1194 420 1361 471 saepius
1388 419 1580 460 distincta
1603 419 1670 460 vi·-

200 486 298 528 deas
330 499 449 540 quam
481 488 675 540 confusa3
722 497 771 527 ac
807 485 977 537 πλευραί
1014 490 1054 526 et
1091 482 1245 536 πλευρά
1282 495 1365 525 11011
1401 485 1533 525 solum
1563 484 1670 536 apud

198 554 381 594 medicos
421 553 625 594 diversum
661 552 799 593 valent
837 556 880 591 ut
920 551 1096 592 Galenus
1136 551 1256 591 docet
1298 550 1448 591 Comm.
1477 550 1518 590 in
1547 551 1588 591 L.
1619 549 1669 591 de

197 619 352 659 Articc.
382 619 446 659 III.
476 618 541 672 37,
568 618 659 659 535.
692 618 734 658 T.
762 617 895 657 XVIII.
926 628 963 668 p.
996 617 1029 658 1.
1061 616 1134 657 sed
1165 617 1284 668 vulgo
1317 627 1480 668 quoque
1508 612 1559 656 τὰ
1585 611 1669 657 ὑπὸ

197 682 411 739 μασχάλην
438 680 592 736 πλευρά
613 684 649 709 ¹⁵
678 678 933 735 ὀνομάζεται,
971 678 1022 722 τὰ
1050 678 1093 722 δὲ
1121 678 1222 722 ὀστᾶ
1250 682 1419 734 πλευραί
1445 685 1489 722 ut
1529 677 1553 734 ἡ
1592 680 1670 722 δω-

199 748 346 803 δεκάτη
375 746 528 800 πλευρά
556 748 716 790 Oribas.
745 748 864 789 Anat.
894 759 932 799 p.
952 747 1043 788 230.
1075 751 1151 787 etc.
1180 747 1301 799 idque
1329 747 1547 787 discrimen
1562 747 1670 787 Her-

198 827 370 858 mannus
402 815 451 856 ad
480 814 627 855 Bacch.
661 812 776 854 1126.
802 813 838 837 10
876 813 925 852 ab
963 812 1067 862 ipsis
1098 812 1218 851 etiam
1257 812 1392 863 poetis
1423 812 1671 854 custoditum

200 886 355 924 censet.
414 880 531 928 Quod
560 889 658 919 vero
689 878 747 917 illi
776 878 817 917 in
846 877 1073 928 exemplum
1102 878 1353 918 mutaticum
1374 877 1671 928 significatione

200 952 395 989 accentus
427 946 616 997 afferunt,
645 942 685 983 id
715 953 815 983 sane
846 953 870 982 a
899 942 1107 993 plerisque
1137 947 1324 983 servatur
1351 943 1479 993 νεῦρα
1506 940 1671 984 σύνδεσ-

197 1028 285 1068 μος,
317 1007 386 1065 ἀφ’
418 1002 470 1051 οὗ
501 1009 542 1050 αἱ
568 1008 710 1059 νευραί
738 1008 963 1048 καλοῦνται
991 1006 1091 1047 Poll.
1112 1007 1157 1047 II.
1180 1007 1270 1048 234.
1301 1019 1393 1048 nam
1423 1010 1670 1060 posterioris

199 1079 359 1133 quidem
399 1076 547 1117 aetatis
588 1079 737 1126 poetae
786 1072 961 1113 chordas
1004 1073 1131 1124 νεῦρα
1176 1078 1326 1113 vocant
1365 1074 1437 1114 sed
1477 1073 1670 1126 adjuncto

200 1145 381 1198 epitheto
402 1139 515 1196 βόεια
535 1140 667 1189 Quint.
686 1138 852 1180 XI.112.
875 1138 1007 1179 Nonn.
1026 1138 1125 1178 XIV.
1138 1138 1229 1179 260.
1258 1139 1394 1179 XXIV.
1411 1139 1503 1180 312.
1532 1139 1670 1181 XXIX.

199 1211 264 1253 71.
295 1209 421 1251 semel
452 1211 586 1248 tamen
615 1206 694 1246 hoc
726 1206 880 1245 omisso
909 1204 1057 1254 legitur
1075 1204 1115 1242 in
1134 1204 1253 1244 Anth.
1273 1204 1336 1244 IX.
1361 1204 1453 1246 584.
1482 1215 1559 1245 nec
1580 1206 1671 1246 usi—

198 1281 284 1318 tate
321 1274 502 1316 Achilles
535 1272 674 1312 Tatius
704 1271 767 1311 III.
797 1269 861 1310 66.
899 1270 1050 1320 νεῦρον
1085 1266 1208 1318 τόξου
1243 1269 1339 1309 dixit
1381 1273 1420 1310 et
1456 1271 1670 1322 Appianus

196 1341 330 1384 Mithr.
362 1340 474 1381 CVII.
506 1337 682 1379 chordas
712 1336 1011 1389 machinarum,
1044 1347 1146 1387 quas
1176 1335 1372 1386 Polybius
1403 1336 1465 1376 IV.
1495 1335 1559 1378 56.
1591 1337 1671 1378 ali-

199 1411 352 1462 quanto
382 1404 535 1446 rectius
565 1403 693 1455 νεῦρα
721 1398 962 1453 εἰργασμένα
988 1401 1180 1442 nominat.
1239 1401 1283 1441 In
1303 1402 1548 1442 contrariam
1569 1414 1668 1445 vero

199 1477 357 1527 partem
378 1467 874 1521 aberravitssCallimachus
900 1478 1064 1519 nervos,
1096 1466 1242 1518 quihus
1264 1471 1376 1507 artus
1398 1468 1670 1523 continentur,

198 1535 346 1592 νευράς
385 1536 520 1577 dicere
561 1545 709 1584 ausus;
756 1543 848 1572 nam
878 1533 919 1572 in
948 1533 990 1573 Il.
1018 1533 1116 1573 VIII.
1142 1532 1233 1574 328.
1263 1529 1390 1585 νεύρη
1420 1545 1540 1575 arcus
1570 1546 1670 1575 ner-

196 1616 304 1658 vum,
333 1606 377 1643 ut
408 1600 544 1643 Schol.
575 1599 718 1652 sensit,
748 1598 977 1650 significare
1005 1597 1176 1651 videtur,
1206 1608 1289 1637 non
1316 1610 1471 1640 manus.
1528 1600 1671 1653 Neque

199 1677 335 1713 tamen
375 1664 686 1708 existiinandum
725 1668 788 1704 est
829 1664 999 1704 canonis
1037 1664 1157 1704 istius
1188 1663 1424 1705 conditores
1450 1666 1670 1717 ignorasse

199 1747 319 1790 quam
347 1733 475 1775 multa
503 1731 582 1772 sibi
612 1730 862 1769 reluctentur
896 1729 1094 1781 exempla,
1124 1728 1198 1770 sed
1227 1730 1366 1781 potius
1396 1730 1670 1782 quaerendum

198 1802 345 1856 quibus
376 1810 425 1840 ea
453 1796 682 1838 rationibus
716 1795 874 1835 amoliri
893 1795 1113 1846 potuerint.
1171 1795 1259 1844 Quo
1280 1795 1373 1836 loco
1394 1807 1670 1848 praemonen-

198 1868 291 1910 dum
319 1864 478 1907 videtur
505 1861 815 1913 metaplasmum
844 1871 927 1901 non
957 1860 1089 1901 solum
1121 1860 1171 1901 ad
1200 1862 1364 1902 nomina
1392 1863 1574 1904 neutrius
1593 1874 1670 1916 ge-

196 1934 308 1976 neris
347 1930 552 1984 pertinere
590 1926 665 1967 sed
703 1925 754 1966 ad
784 1937 833 1967 ea
862 1938 1025 1978 quoque
1056 1937 1160 1979 quae
1191 1938 1241 1966 ex
1268 1927 1504 1969 masculinis
1534 1929 1575 1968 in
1605 1930 1670 1971 fe-

196 1998 349 2041 minina
386 1997 599 2035 vertuntur
640 1991 799 2045 εἰςίθμη
829 1988 934 2032 κατὰ
961 1988 1247 2044 μεταπλασμὸυ
1282 1988 1357 2032 τὸν
1385 1989 1539 2045 ἰσθμόν
1568 1991 1672 2047 λέγει,

199 2063 293 2107 Sch.
317 2060 389 2103 Od.
408 2059 471 2100 VI.
491 2058 582 2100 264.
613 2071 648 2099 v.
668 2058 849 2099 Nitzsch.
871 2057 921 2098 ad
939 2057 975 2098 h.
993 2057 1017 2098 l.
1040 2060 1079 2098 et
1099 2057 1323 2098 Tzschuck.
1344 2058 1394 2099 ad
1416 2059 1549 2100 Strab.
1569 2060 1669 2103 VIII.
1730 2076 1731 2079 ¹

196 2129 289 2171 323.
329 2131 369 2169 et
407 2129 552 2167 contra
582 2122 749 2176 ἕσπερος
775 2147 829 2153 —-
858 2119 1073 2176 μετέπλασε
1100 2118 1175 2175 τὴν
1203 2119 1378 2176 ἑσπέραν
1409 2124 1436 2165 Ι.
1465 2125 1558 2166 423.
1593 2131 1668 2168 etc.

196 2205 369 2248 quorum
403 2192 517 2245 prius
552 2191 729 2242 pertinet
768 2188 819 2230 ad
861 2187 1144 2229 illustrandam
1177 2188 1539 2231 Grammaticorum
1569 2202 1670 2233 sen-
1729 2213 1731 2230 2

195 2261 375 2302 tentiam.
438 2258 541 2299 Nam
573 2256 733 2309 εἰςίθμη
771 2250 986 2308 βαρύνεται
1022 2249 1077 2302 ὡς
1114 2250 1276 2308 στάθμη
1311 2256 1448 2298 Schol.
1484 2256 1574 2298 l..c.
1615 2257 1668 2299 ob
1728 2286 1730 2294 .

195 2326 420 2379 aspiratam
457 2327 501 2364 ut
540 2325 653 2374 ajunt
689 2333 725 2363 v.
763 2320 910 2361 Parall.
946 2318 1037 2361 395.
1077 2321 1260 2372 quamvis
1297 2320 1403 2362 idem
1441 2323 1669 2374 significent
1727 2329 1731 2345 ¹

194 2391 433 2434 masculina.
508 2388 772 2440 Eandemque
819 2396 985 2426 causam
1028 2396 1123 2426 esse
1161 2384 1299 2427 dicunt
1340 2398 1411 2428 cur
1448 2393 1669 2440 graventur
1726 2374 1728 2385 ’

195 2454 335 2511 φθόη,
376 2452 499 2509 χλόη,
536 2450 638 2508 χνόη
667 2454 759 2494 Arc.
791 2451 882 2505 103,
911 2450 972 2494 15.
999 2449 1035 2476 ¹⁷
1102 2451 1183 2492 Sed
1212 2452 1310 2494 libet
1337 2453 1417 2494 1100
1447 2452 1596 2495 diutius
1628 2456 1668 2495 01
1724 2450 1727 2503 ξ

284 2623 344 2666 15]
368 2619 529 2664 Πλευρόν
552 2618 659 2654 Rufus
686 2618 807 2654 Onom.
834 2627 868 2662 p.
894 2618 950 2654 23.

284 2677 343 2720 16)
366 2676 430 2710 Hic
457 2686 539 2710 casu
565 2684 673 2710 coxae
698 2684 760 2718 pro
791 2676 909 2709 costae
933 2675 1097 2719 scriptum
1122 2676 1185 2709 est.

284 2730 341 2775 17)
368 2729 581 2775 Rufinam,
610 2732 730 2774 inquit,
755 2729 798 2763 τὰ
824 2728 895 2763 ἀπὸ
916 2728 981 2763 δύο
1009 2727 1220 2773 συμφώνων
1231 2730 1505 2774 προηγουμένου
1527 2727 1665 2765 δασέος.
1719 2731 1721 2766 ζ
