1731 3021
150 160 235 204 158
631 145 1055 193 DISSERTATIO
1096 146 1159 187 111.

150 270 354 324 πρίασθαι
394 264 603 317 Πρίαμος,
645 258 830 314 ἔμπειρος
866 255 1115 311 ἐμπέραμος,
1156 253 1267 297 οὕτω
1302 255 1420 308 τείρω
1459 252 1631 308 τέραμος

149 335 220 380 καὶ
247 331 489 386 πλεονασμῷ
517 325 716 381 τέραμνος
745 322 800 373 ὡς
828 321 875 365 τὸ
912 321 1152 375 νώνυμνος,
1189 319 1260 363 καὶ
1288 317 1536 375 ἀτέραμνος,
1567 321 1632 362 cui

151 399 365 456 ἀτεράμων
396 395 601 439 antecedit
630 398 670 435 et
698 393 790 434 huic
813 385 1202 450 simplexjeocinmv,
1234 387 1283 428 de
1307 399 1387 440 quo
1407 387 1630 429 Arcadius:

150 467 198 512 τὸ
225 463 414 521 τεράμων
443 458 662 517 βαρύνεται
690 455 746 506 ὡς
774 455 841 498 διὰ
870 457 947 497 τοῦ
975 470 1024 496 vt
1055 455 1153 507 (Sor.
1183 455 1260 495 τοῦ
1289 456 1337 504 ὃ)
1377 451 1630 507 κλινόμενον.

153 534 272 587 Quod
310 542 409 573 vero
455 529 622 581 saepius
664 537 741 566 usu
780 524 892 564 venit
930 527 974 562 ut
1003 521 1125 562 modo
1157 521 1310 561 nullum
1355 531 1451 561 sese
1490 520 1633 561 offerat

153 607 340 654 etymon,
379 595 501 638 modo
541 594 659 647 plura
688 601 808 643 quam
836 589 1057 641 vellemus,
1100 588 1197 628 item
1235 588 1276 627 in
1307 586 1428 627 dubio
1460 586 1634 627 habetur

153 674 287 710 utrum
317 660 541 715 ἀτέραμνος
571 664 611 699 et
640 653 854 708 ἀτεράμων
884 655 944 695 sio
973 658 1017 694 ut
1047 649 1206 706 ἀτειρής
1232 665 1256 693 a
1274 654 1390 705 τείρω
1409 652 1634 694 derivatum

154 736 208 777 sit
245 729 576 778 contrariumque
607 727 696 776 ejus
736 720 845 774 quod
885 716 1006 772 τέρην
1043 719 1244 770 significet
1272 719 1387 760 Eust.
1424 718 1526 772 548,
1565 719 1630 761 20.

155 812 207 842 an
235 809 334 839 vero
368 807 392 835 a
421 788 600 843 στεῤῥός,
631 788 739 829 unde
768 783 973 838 τέραμνον
1003 788 1042 824 et
1065 780 1266 836 τέρεμνον.
1326 784 1474 826 Cetera
1493 785 1632 827 differo

153 868 196 907 in
227 874 317 906 eum
347 862 495 911 locum,
526 867 606 909 quo
640 854 689 895 de
720 851 876 913 affectis
909 850 1091 891 dicturus
1123 861 1225 890 sum.

267 934 306 977 ἓ.
334 927 372 968 2.
433 924 546 973 Quae
585 920 773 962 vocalem
802 932 820 958 ε
859 920 954 958 ante
992 927 1219 957 consonam
1258 916 1635 959 characteristicam

155 998 308 1040 habent
345 992 543 1045 pleraque
578 988 878 1040 praeceperunt
916 983 1120 1024 Arcadius
1151 987 1191 1023 et
1223 983 1537 1037 Theognostus,
1566 983 1636 1025 ille

155 1076 194 1118 p.
225 1061 289 1104 61.
318 1051 663 1110 προπαροξύτονα
688 1047 881 1104 Τήλεμος,
901 1046 1082 1101 Ἔχεμος,
1113 1045 1297 1101 πόλεμος,
1328 1046 1488 1101 ἄνεμος.
1518 1044 1565 1088 τὸ
1593 1045 1637 1089 ὁὲ

155 1123 327 1181 θελεμός
355 1119 437 1164 ἀπὸ
465 1122 541 1162 τοῦ
570 1114 749 1172 θελημός
780 1112 978 1165 ὀξύνεται.
1035 1115 1152 1155 Alter
1181 1115 1227 1155 ΙΙ.
1259 1114 1322 1156 64.
1343 1114 1454 1156 addit
1474 1112 1636 1169 ἤρεμος,

155 1196 350 1250 τρίλεμος,
382 1187 555 1242 ἰάλεμος,
585 1183 793 1238 κάλλεμος,
824 1179 1025 1235 φάλεμος,
1058 1178 1251 1233 ἅγρεμος,
1282 1178 1483 1234 ἄνθεμος,
1513 1178 1555 1232 ἐξ
1584 1175 1638 1223 οὗ

156 1259 203 1304 τὸ
231 1254 457 1311 ἀνθεμόεις.
514 1254 626 1295 Haec
646 1251 853 1303 excerpsit
870 1249 956 1289 EM.
990 1247 1080 1301 103,
1109 1247 1174 1289 40.
1198 1249 1503 1300 praetermissis
1520 1259 1638 1290 men-

158 1328 275 1371 dosis
304 1325 497 1377 τρίλεμος,
530 1318 640 1373 quod
668 1318 733 1359 vel
765 1328 815 1357 ex
843 1314 1113 1356 antecedente
1150 1311 1330 1369 Τήλεμος
1358 1325 1485 1366 prave
1507 1314 1638 1355 itera-

160 1400 244 1436 tum
275 1396 339 1433 est
367 1389 433 1430 vel
464 1385 786 1428 Trinemensium
814 1383 982 1423 heroem
1013 1391 1259 1433 eponymum
1292 1381 1474 1435 denotat,
1502 1378 1639 1422 κάλλε-

159 1474 248 1514 μος,
290 1457 354 1498 6111
391 1451 589 1505 κοάλεμος
619 1447 961 1501 substituendum‚
995 1444 1202 1500 Φάλεμος,
1233 1458 1384 1488 nomen
1411 1447 1639 1502 ignotum‚⁶

161 1524 335 1580 ἄγρεμος
365 1534 415 1563 ex
443 1517 628 1573 ἄργεμος,
658 1520 702 1558 ut
733 1515 924 1567 suspicor
955 1524 1222 1565 conversum3
1255 1517 1421 1554 constat
1449 1525 1548 1556 vero
1570 1511 1640 1569 ἄρ-

160 1606 282 1647 γεμος
308 1586 433 1636 νόσος
459 1582 656 1639 ὀμμάτων
684 1584 799 1624 Eust.
833 1581 950 1634 1430,
980 1580 1043 1622 (50.
1078 1578 1255 1634 ἄργεμον
1291 1576 1338 1620 τὸ
1377 1576 1568 1633 λεύκωμα
1596 1577 1641 1621 ἐν

161 1660 219 1716 τῷ
249 1653 456 1710 ὀφθαλμῷ
485 1647 597 1703 παρὰ
624 1646 671 1690 τὸ
703 1644 834 1700 ἀργόν
860 1648 947 1688 ΕΜ.
979 1652 1018 1687 et
1046 1648 1140 1687 hinc
1161 1647 1394 1699 composita
1411 1642 1638 1699 διάργεμος,

161 1720 398 1776 ἐπάργεμος,
429 1729 519 1759 oum
549 1726 759 1769 paragogo
791 1709 1018 1767 ἁργεμώνη,
1050 1713 1125 1754 sed
1152 1708 1199 1753 τὸ
1229 1709 1383 1764 ἄργεμα
1413 1716 1453 1753 et
1476 1714 1640 1754 testium

161 1801 306 1846 parum
334 1786 458 1827 habet
486 1797 522 1825 v.
555 1781 791 1824 Schneider.
830 1780 880 1822 ad
913 1779 1115 1832 Theophr.
1150 1779 1191 1819 T.
1223 1778 1287 1819 III.
1319 1777 1409 1820 754.
1450 1784 1490 1820 et
1527 1779 1642 1821 brevi

164 1858 327 1899 laborat
357 1850 581 1905 penultima
618 1861 654 1890 v.
694 1846 841 1888 Parall.
878 1845 971 1887 423.
1006 1857 1067 1898 sq.
1122 1841 1328 1897 ’Ἀνθεμος
1370 1856 1454 1886 non
1493 1845 1641 1897 legitur

165 1922 240 1966 sed
278 1924 467 1961 neutrum
504 1913 790 1956 numerosiore
828 1923 948 1965 quam
979 1916 1118 1952 cetera
1159 1911 1388 1962 propagine
1426 1907 1639 1965 ἀνθέμων,

160 1985 414 2039 Ἀνθεμίδης,
439 1979 678 2034 Ἀνθεμίων.
731 1975 909 2030 Ἰάλεμος
939 1978 1120 2017 sortasse
1159 1976 1209 2016 ab
1239 1972 1293 2026 ἰά,
1325 1976 1435 2017 ἰαλία
1463 1973 1490 2031 ἡ
1518 1975 1642 2032 φωνή

162 2056 260 2097 Η65.
290 2053 358 2105 qui
380 2049 490 2103 quod
518 2045 751 2102 ἠλεμίστρια
779 2045 895 2085 affert
925 2044 1014 2084 sine
1042 2043 1141 2093 iota,
1172 2041 1308 2093 magni
1336 2044 1531 2084 momenti
1559 2055 1644 2084 non

167 2125 258 2173 est3
288 2115 486 2170 κοάλεμος
517 2126 542 2156 a
570 2110 730 2154 Κόαλοι
758 2107 981 2164 βάρβαροι,
1011 2109 1047 2150 si
1076 2120 1158 2149 vox
1187 2109 1350 2149 Sincera
1380 2112 1466 2161 est3
1497 2106 1645 2162 ἄνεμος

168 2192 209 2229 et
237 2182 411 2238 πόλεμος
439 2186 602 2223 veteres
642 2178 780 2219 verbis
820 2173 881 2217 ἄω
921 2180 960 2217 et
998 2171 1107 2215 πέλω
1147 2175 1362 2226 assignant
1399 2178 1440 2215 et
1476 2175 1526 2216 ab
1564 2175 1645 2216 hoc

168 2254 290 2296 etiam
328 2249 517 2302 πελεμίζω
545 2248 758 2298 ,repetunt
816 2239 993 2296 ’Ήρεμος
1030 2252 1113 2282 non
1160 2242 1364 2281 invenitur
1409 2241 1490 2282 nisi
1537 2241 1646 2293 apud

167 2319 426 2374 posteriores
463 2318 507 2355 ut
543 2313 671 2353 Inscr.
710 2308 915 2361 Olbiopol.
952 2319 990 2349 n.
1029 2306 1149 2349 2059.
1188 2319 1224 2349 v.
1264 2303 1319 2349 24
1356 2311 1434 2349 etc.
1481 2311 1646 2360 etymon

168 2384 361 2428 abolevit.
418 2382 561 2434 Neque
592 2389 697 2431 quae
726 2379 867 2417 extant
898 2374 1067 2414 alterius
1100 2373 1290 2425 adjectivi
1321 2373 1508 2426 exempla
1534 2375 1646 2414 θελε-

167 2448 247 2506 μὸν
284 2451 407 2502 πῶμα
442 2445 635 2497 Aeschyl.
676 2439 850 2495 Θέλεμος
888 2440 986 2492 (hoc
1025 2440 1216 2493 accentu)
1260 2436 1435 2493 ἥσυχος,
1483 2436 1646 2492 οἰκτράς

168 2518 286 2570 Η65.,
325 2515 564 2557 confirmant
599 2508 766 2551 Arcadii
804 2507 1051 2560 opinionem.
1109 2505 1237 2546 Plana
1271 2516 1370 2545 vero
1407 2508 1447 2545 et
1483 2509 1645 2557 promta

260 2638 297 2677 6]
331 2636 499 2671 Substitui
524 2635 646 2678 posset
665 2630 811 2674 Ἀλεμός
835 2629 922 2673 (sic)
947 2626 1088 2671 κόμπος
1111 2626 1192 2663 Hes.
1217 2627 1283 2661 nisi
1310 2625 1343 2660 id
1370 2635 1510 2671 quoque
1532 2635 1643 2671 spon-

171 2703 248 2729 sore
276 2696 419 2728 careret.
