1731 3021
141 185 236 229 1176
618 180 1052 223 DISSERTATIO
1101 181 1148 222 X.

143 294 194 336 ab
223 293 404 334 heroicis
435 291 555 332 ducta
586 291 796 343 personis:
827 289 983 343 Αἰγηίς,
1008 286 1237 343 Ἐρεχθηίς,
1273 290 1415 343 Οἰνηίς
1445 291 1618 331 tribuum

143 360 321 412 nomina,
351 357 569 410 Διομηίόες
598 361 822 410 portarum,
840 352 1049 409 Ἀχιλληίς,
1072 356 1316 409 Γηρυονηίς,
1341 356 1493 408 Θησηίς
1512 366 1619 407 poe-

144 429 308 476 matum,
337 423 517 476 Αἰγληίς,
541 419 701 476 Ἀλκηίς
735 422 894 467 (omiss.
925 422 966 461 in
998 422 1089 472 Th.)
1123 422 1214 463 Sch.
1244 422 1356 463 Pind.
1378 422 1420 462 P.
1440 421 1505 462 IX.
1527 420 1616 462 183.

140 486 307 543 Ἀνθηίς
345 490 627 541 heminarum,
679 489 826 541 quibus
865 492 1146 528 consentanea
1187 488 1373 528 locorum
1418 486 1621 528 vocabula

145 552 170 609 ἡ
200 557 280 596 νῦν
315 556 506 606 Βοιωτία,
537 552 737 609 πρότερον
766 551 808 593 ὁὲ
837 551 1026 606 Καδμηὶς
1052 551 1283 606 καλουμένη
1325 553 1447 594 Thue.
1486 552 1513 592 I.
1559 550 1620 593 12.

145 620 359 676 Μελανηὶς
386 619 585 674 πρότερον
613 619 791 661 ἐκαλεῖτο
828 615 854 673 ἡ
881 615 1062 672 Έρὲτρια
1093 621 1226 662 Strab.
1257 620 1303 661 X.
1344 619 1435 660 447.
1477 617 1545 670 qui
1582 620 1622 656 ct

147 689 314 742 Βοιβηίς
344 689 507 729 retinuit
538 691 576 728 et
607 688 852 727 homericum
883 687 1093 739 Μεσσηίς,
1127 699 1207 739 quo
1245 685 1472 727 Pausanias
1513 693 1622 734 quo-

144 767 225 807 que
265 755 410 806 utitur3
449 754 611 806 Γυψηίς
648 753 806 794 insulae
844 753 1113 803 Aethiopicae
1153 763 1301 792 nornen
1340 749 1574 801 Stephanus
1599 760 1622 787 a

145 821 355 861 Marciano
398 821 556 871 accepit
594 820 633 858 in
665 819 841 858 carmine
871 819 1068 870 iambico,
1110 822 1153 857 ut
1194 817 1378 865 videtur,
1418 814 1620 854 traditum.

146 887 225 928 Pro
258 884 525 938 Καφηρηίό·ες
558 885 677 925 Dion.
711 884 801 924 Chr.
834 884 899 925 Or.
928 883 1011 923 ΧΠ.
1042 883 1133 924 231.
1165 882 1238 923 Ed.
1278 883 1435 921 Veneta
1474 880 1622 932 Καφη-

145 951 252 1003 pices
283 951 465 1003 praebet,
496 961 576 1002 quo
608 961 690 990 non
721 953 870 1001 poetae
901 949 1033 989 solum
1064 953 1231 989 utuntur
1260 948 1398 999 graeci
1428 947 1622 998 latinique

147 1018 221 1059 sed
258 1018 379 1058 etiam
417 1016 614 1057 Phalaris.
682 1016 864 1066 Chrysae
903 1016 1022 1056 [iliam
1063 1026 1204 1055 omnes
1248 1015 1307 1054 sic
1349 1017 1391 1053 ut
1420 1013 1623 1053 Homerus

146 1088 392 1136 nuncupant,
423 1083 587 1122 Homeri
618 1087 786 1122 matrem
818 1081 1040 1134 Κριθηίδα,
1071 1092 1148 1120 nec
1174 1081 1337 1130 mirum3
1368 1078 1441 1119 sed
1461 1082 1623 1130 praeter

146 1160 301 1190 morem
339 1149 565 1189 Pausanias
604 1148 649 1189 ΙΙ.
683 1148 752 1200 17,
784 1150 820 1190 7.
858 1148 1113 1190 sacerdotem
1142 1146 1355 1197 Argivam,
1385 1155 1489 1196 quae
1519 1148 1624 1184 tem-

147 1215 318 1267 poribus
356 1214 672 1265 Peloponnesiis
711 1216 830 1267 vixit,
869 1213 1083 1267 Χρυσηίὸα
1114 1211 1314 1264 appellat,
1351 1210 1546 1260 Polybius
1576 1210 1621 1250 V.

145 1281 213 1334 89,
245 1282 280 1322 7.
311 1291 481 1321 uxorem
510 1281 714 1333 Antigoni,
745 1292 913 1332 eamque
954 1282 1123 1320 sormam
1155 1279 1310 1319 Coraes
1342 1276 1391 1316 ad
1420 1275 1623 1317 Plutarch.

151 1347 195 1387 T.
225 1346 269 1386 II.
300 1346 391 1386 377.
420 1345 608 1385 Zonarae
639 1357 671 1386 s.
704 1343 868 1385 Δώσων
898 1358 935 1397 p.
966 1346 1057 1386 587.
1095 1344 1255 1384 restitui
1280 1343 1396 1394 jubet
1432 1342 1621 1393 neglecto

147 1412 234 1452 EM.
264 1410 356 1464 294,
387 1410 425 1451 3.
457 1411 524 1451 ubi
554 1411 709 1464 Χρυσίς
738 1417 921 1463 vocatur,
958 1422 1061 1462 quae
1094 1414 1157 1450 est
1188 1412 1388 1448 consueta
1417 1406 1623 1447 nominum

148 1477 402 1518 muliebrium
434 1477 575 1518 forma.
644 1477 725 1517 Sed
764 1487 1054 1527 nonnunquam
1092 1477 1212 1515 etiam
1250 1484 1383 1513 rerum
1421 1472 1625 1513 vocabula

147 1543 218 1583 illo
252 1543 416 1594 poetico
447 1553 561 1582 more
602 1544 814 1582 terminata
855 1540 1206 1593 deprehendimus.
1262 1539 1506 1589 Argivorum
1536 1538 1623 1579 dies

151 1610 283 1648 festos
323 1603 472 1659 ἡμέρας
511 1604 706 1661 ἆρνηίὸας
751 1609 934 1648 nominat
972 1606 1169 1647 Aelianus
1208 1605 1254 1645 H.
1292 1605 1395 1644 Ann.
1433 1603 1516 1644 XII.
1556 1603 1622 1644 34.

150 1675 295 1714 Conon
325 1684 422 1712 vero
454 1674 583 1724 magis
614 1685 664 1714 ex
694 1674 836 1725 regula
865 1670 1010 1725 ἑορτὴν
1040 1667 1196 1723 dorica.
1257 1668 1468 1722 Δωδεκηὶς
1495 1670 1626 1711 θυσία

147 1736 261 1789 παρὰ
289 1741 375 1786 τοῖς
398 1733 593 1786 Ἀττικοῖς
633 1740 770 1780 Schol.
801 1740 916 1781 Hom.
948 1739 1015 1780 ubi
1055 1742 1094 1779 et
1133 1736 1300 1783 δωδεκίς
1338 1739 1533 1789 vocatur,
1572 1737 1623 1778 ab

148 1805 355 1856 Hesychio
399 1804 589 1852 &cadentia
648 1806 747 1846 Avis
790 1802 935 1858 κέρχνη
974 1805 1062 1846 sive
1093 1803 1250 1855 κερχνίς
1283 1813 1410 1854 saepe
1440 1803 1624 1856 κερχνηίς

150 1872 237 1913 sive
267 1871 451 1924 κεγχρηίς
481 1871 626 1912 dicitur
655 1883 748 1912 raro
781 1872 966 1912 codicum
986 1880 1193 1910 consensu
1212 1869 1386 1909 Aristot.
1410 1868 1458 1909 de
1481 1868 1624 1911 Gener.

150 1938 253 1978 Ann.
283 1937 347 1978 Ill.
380 1937 414 1978 1.
446 1949 482 1988 p.
515 1937 606 1989 750,
638 1938 673 1978 7.
706 1941 744 1977 et
773 1938 861 1978 aliis
895 1937 999 1978 locis
1030 1949 1065 1977 v.
1093 1935 1259 1975 Jacobs.
1293 1933 1342 1975 ad
1365 1934 1520 1977 Aelian.
1539 1935 1623 1977 XII.

150 2002 187 2044 4.
223 1998 419 2055 Ἀδωνηίς
455 2002 676 2055 θριδακίνη
717 2003 812 2044 Hes.
842 2003 927 2043 EM.
972 2000 1185 2053 Φοινικηίς
1214 1997 1298 2040 πόα
1326 2000 1421 2041 Hes.
1446 2001 1622 2042 ionicum

152 2070 333 2109 fortasse
363 2080 437 2122 pro
469 2069 659 2121 φοινικίς,
691 2080 795 2121 quae
826 2069 993 2121 propria
1024 2071 1088 2109 est
1118 2067 1345 2119 plantarum
1379 2066 1622 2120 terminatio,

151 2135 362 2186 καρὸαμίς,
391 2136 582 2186 κυπειρίς,
603 2135 754 2187 κροκίς,
776 2134 964 2187 λαθυρίς,
982 2135 1147 2183 mortis,
1168 2133 1348 2186 σησαμίς.
1385 2127 1623 2184 Ἀχιλληίδες

151 2201 295 2251 κριθαί.
322 2200 523 2251 Theophr.
555 2201 604 2240 ab
634 2201 760 2241 heroe
790 2201 922 2240 dictae
952 2204 1058 2240 sunt.
1113 2198 1303 2239 Joculare
1333 2202 1396 2238 est
1419 2192 1625 2251 Ἀχαρυηί-

152 2266 219 2306 cest
248 2266 539 2316 Aristophanis
570 2266 668 2306 Ach.
699 2266 790 2306 322.
823 2266 981 2317 Tragici
1013 2266 1179 2317 propria
1211 2265 1271 2305 sic
1309 2269 1352 2304 ut
1391 2265 1517 2304 ceteri
1546 2264 1625 2305 fin-

153 2337 248 2383 gunt
276 2332 441 2384 Θησηίς,
474 2332 637 2384 Νηρηίς
667 2336 742 2372 ete.
775 2332 1033 2383 appellativis
1054 2342 1146 2371 raro
1172 2334 1346 2381 utuntur,
1367 2330 1408 2368 in
1431 2329 1624 2371 diverbiis

154 2397 314 2449 quidem
352 2397 523 2450 γενῇδος
553 2402 593 2438 ct
619 2397 845 2450 παρηίδων,
873 2398 914 2436 in
944 2399 1104 2437 cantico
1136 2395 1362 2449 βασιληίδα,
1399 2406 1503 2446 quac
1536 2396 1626 2436 sin—

153 2463 245 2514 gula
287 2463 461 2504 diversis
501 2469 596 2504 sunt
635 2464 843 2516 adscripta
882 2463 1112 2515 generibus.
1180 2462 1354 2502 Primum
1396 2461 1499 2501 enim
1537 2472 1626 2501 cum

153 2526 308 2580 γένειον
338 2534 378 2570 et
407 2527 560 2581 γενειάς
591 2533 852 2581 conjunctum
884 2533 968 2582 est,
1010 2527 1232 2570 secundum
1273 2537 1361 2567 cum
1400 2524 1546 2577 παρειά
1587 2530 1627 2567 et

152 2591 395 2646 παρήνιοινςΰ7
425 2606 595 2647 quorum
625 2595 758 2636 media
787 2595 837 2635 ad
877 2595 1045 2647 stirpem
1074 2595 1271 2647 pertinet,
1302 2592 1461 2633 tertium
1492 2596 1626 2634 estex

242 2725 302 2768 67)
336 2724 479 2769 Παρήια
506 2729 583 2761 sunt
608 2735 775 2770 equorum
801 2730 999 2763 ornamenta
1024 2727 1108 2762 Poll.
1135 2726 1244 2768 Λιῖιον
1270 2729 1305 2761 in
1329 2725 1492 2762 Pherecr.
1518 2725 1570 2760 Fr.
1597 2725 1625 2760 1.
