1731 3021
108 175 200 217 1126
583 171 1012 214 DISSERTATIO
1052 171 1116 212 IX.

109 283 201 325 537.
233 281 343 335 quod
372 282 440 334 qui
468 283 527 323 ita
567 282 753 324 arbitrati
792 284 908 334 sunt,
946 284 1059 321 certe
1099 290 1182 321 non
1221 279 1452 322 dubitarunt
1489 279 1585 332 quin

111 360 186 401 pro
220 348 380 401 Περαία
409 347 487 388 dici
516 348 652 400 possit
686 347 869 400 Περασία
899 349 938 387 et
962 346 1132 399 proinde
1156 347 1364 399 Περνασία
1383 357 1457 399 pro
1483 347 1586 398 Περ-

113 414 280 467 γαία,15
308 418 351 454 ut
396 410 598 465 Τυχάσιος
628 414 701 453 viri
732 424 881 453 nomen
910 412 1031 464 Corp.
1062 413 1190 454 Insor.
1220 412 1338 454 2472.
1368 424 1406 464 p.
1437 411 1530 453 372.
1562 422 1588 452 a

113 483 292 533 τυχαῖος,
321 475 532 532 λοιβάσιον
561 491 636 531 pro
667 479 853 531 λοιβαῖον
882 479 947 519 vel
975 479 1164 531 λοιβεῐου,
1195 478 1301 519 unde
1333 478 1453 518 etiam
1485 477 1587 517 Ser-

114 547 205 587 vius
248 545 299 586 ad
338 544 484 596 Georg.
516 545 544 586 Ι.
575 545 611 586 7.
666 545 831 586 Lebasii
868 556 1017 584 nomen
1057 544 1217 584 ductum
1262 547 1390 595 putat.
1455 542 1524 583 Sie
1564 552 1589 581 a

114 609 251 653 Βὲννα
280 607 521 660 Βεννοίσιος,
558 607 677 664 Φυλή
712 607 922 657 Φυλάσιος
952 610 1073 661 alpha
1092 614 1285 662 protento
1308 613 1351 649 ut
1375 603 1588 658 κοράσιον,

115 678 189 719 sed
221 689 245 718 a
275 676 475 717 similibus
490 673 655 729 Δρύμη,
686 674 853 728 Λάμπη,
883 673 1068 728 Τράμπη,
1091 673 1206 728 Βήνη
1228 679 1302 716 eto.
1322 673 1530 725 gentilicia
1547 682 1590 712 1n

114 758 203 791 octog
232 743 557 796 proficiscuntur.
614 742 676 782 Ad
716 742 897 782 ultimum
939 741 1079 781 eadem
1119 741 1216 780 urbs
1243 735 1470 790 Ὀρέστειον
1501 738 1590 778 sive

109 805 349 861 Ὀρέσθειον
378 809 608 847 nominatur
640 812 679 847 et
703 803 977 858 Ὀρεσθάσιον
1008 805 1058 845 ab
1102 805 1247 846 Oreste
1284 805 1351 845 vel
1391 805 1442 845 ab
1483 803 1590 845 Ore-

114 875 261 927 stheo‚
301 884 394 913 nam
425 877 618 912 auctores
649 872 886 922 discrepant
915 883 951 910 v.
986 870 1161 911 Siebelis
1193 870 1242 910 ad
1271 870 1392 911 Paus.
1420 869 1520 910 VIII.
1548 868 1588 918 3,

114 940 151 982 2.
182 941 218 980 A
247 938 479 979 nominihus
509 938 653 977 tertiae
684 937 970 977 declinationis
1001 933 1155 976 Διάσια
1175 937 1209 961 ¹⁶
1244 935 1358 976 Jovis
1390 934 1591 975 solemnia

115 1011 155 1047 et
183 1004 386 1058 κυρβασία
415 1008 458 1043 ut
490 1003 717 1044 Salmasius
755 1007 896 1043 oenset
936 1001 985 1042 de
1014 1001 1123 1042 Mod.
1157 1001 1227 1043 Us.
1260 1002 1350 1042 104.
1380 1013 1404 1041 a
1431 997 1588 1053 κύρβις,

113 1075 338 1125 praeeunte
375 1069 704 1120 Harpocratione
742 1065 810 1108 διὰ
847 1063 894 1107 τὸ
923 1068 1248 1121 κεκορυφῶσθαι
1285 1063 1450 1119 κύρβεις
1491 1062 1590 1105 ἐκά-

113 1141 216 1179 λουν
245 1134 374 1187 ὥςπερ
403 1132 473 1176 καὶ
501 1134 729 1185 κυρβασίαν
757 1130 833 1186 τὴν
861 1131 926 1173 ἐπὶ
953 1134 1025 1186 τῆς
1061 1133 1264 1186 κεφαλῆς,
1304 1133 1392 1173 iota
1430 1135 1592 1172 utrum-

116 1216 194 1256 que
233 1202 347 1244 brevi
387 1205 430 1241 ut
468 1201 687 1252 τυρβασία,
729 1200 816 1240 sive
853 1199 933 1240 hoo
972 1211 996 1239 a
1033 1196 1216 1252 τυρβάζω
1258 1198 1488 1250 profectum
1526 1199 1591 1237 est

115 1271 202 1312 sive
233 1281 257 1309 a
284 1265 425 1320 τύρβη.
483 1267 609 1306 Multo
655 1266 788 1306 rarior
819 1270 882 1305 est
921 1266 1152 1306 terminatio
1184 1275 1290 1311 εσιος
1321 1267 1359 1304 et
1396 1273 1479 1303 non
1509 1272 1590 1314 pu-

114 1335 211 1377 bliei
235 1334 363 1385 juris:
404 1329 568 1383 ἄπειρος
608 1326 848 1381 (ἀπείριτος)
888 1325 1139 1383 ἀπειρέσιος,
1179 1329 1325 1376 θέσπις
1362 1323 1590 1376 θεσπέσιος,

115 1401 195 1441 nisi
226 1398 500 1449 compositum
531 1400 594 1437 est
624 1400 664 1436 ut
695 1395 832 1436 Schol.
862 1396 911 1435 A.
943 1395 994 1435 ad
1024 1396 1065 1436 Il.
1096 1395 1159 1436 IX.
1191 1395 1227 1435 2.
1259 1393 1458 1445 signifieat
1477 1390 1590 1444 παρὰ

112 1462 160 1507 τὸ
188 1461 286 1511 θεός
314 1461 382 1503 καὶ
410 1459 516 1502 πὲτω
546 1458 593 1501 τὸ
622 1462 767 1510 πίπτω,
799 1460 864 1500 vel
894 1461 1032 1512 potius
1064 1460 1390 1511 decompositum
1429 1458 1590 1498 ab-ob—

115 1531 249 1574 soleto
280 1524 485 1580 θεςπετής,
515 1527 557 1566 in
586 1537 665 1577 quo
697 1527 759 1566 vis
789 1525 903 1565 verbi
934 1527 1109 1577 quiescit
1138 1530 1181 1565 ut
1199 1526 1240 1564 in
1268 1520 1448 1576 εὐπετής,
1468 1519 1589 1575 ὑπερ-

113 1593 234 1649 πετής
264 1599 303 1635 et
345 1589 521 1644 διιπετὴς
550 1587 699 1643 αἰθήρ,
739 1590 847 1642 quod
885 1591 1102 1642 Euripides
1142 1590 1351 1630 substituit
1388 1600 1462 1640 pro
1501 1590 1590 1629 Ae-

116 1661 284 1712 schyleo
316 1659 402 1706 ὁῑος
431 1655 571 1710 αἰθήρ.
631 1656 729 1695 Tum
767 1656 1036 1696 intermortua
1075 1655 1273 1707 quaedam
1316 1666 1366 1695 ex
1395 1654 1591 1705 Hesychii

116 1728 288 1769 armario
323 1721 524 1778 Κηρέσιος
553 1718 754 1772 ὀλέθριος,
786 1718 1025 1769 Νεικὲσσιος
1051 1718 1252 1773 πολέμιος,
1279 1717 1494 1771 Ὀρθέσιος
1524 1717 1591 1770 ὅρ-

114 1798 220 1840 θιος.
279 1792 377 1832 Tum
408 1789 575 1842 propria
602 1784 725 1834 ’Έλος
761 1800 802 1826 τε
828 1785 898 1827 καὶ
930 1783 1080 1826 Ἑλεών
1118 1784 1187 1826 καὶ
1216 1783 1408 1826 Εἰλέσιον
1436 1782 1591 1838 ἐκλήθη

114 1856 182 1901 διὰ
210 1855 257 1898 τὸ
284 1855 348 1897 ἐπὶ
387 1859 473 1903 τοῖς
503 1853 631 1895 ἕλεσιν
671 1852 869 1904 ἱδρῦσθαι
900 1852 1033 1893 Strab.
1065 1852 1127 1892 IX.
1158 1852 1250 1893 406.
1285 1852 1474 1903 Πειρεσιόι
1503 1852 1590 1893 Sive

118 1924 323 1976 Πειρεσιαί
360 1922 409 1962 ab
442 1921 639 1961 inusitato
679 1921 815 1969 πεῖρος
845 1918 869 1957 i.
902 1930 938 1970 q.
968 1920 1129 1967 πεῖρας,
1170 1918 1249 1957 nisi
1291 1919 1496 1969 antiquior
1527 1921 1592 1958 est

116 1992 321 2042 scriptura
355 1987 575 2038 Πειρασία,
616 1986 819 2036 hujusque
850 1984 972 2035 alpha
1002 1988 1151 2035 postea
1180 1984 1221 2022 iu
1261 1984 1423 2035 epsilon
1459 1984 1591 2036 vertit,

115 2069 195 2109 qua
225 2056 381 2095 ratione
414 2054 530 2094 etiam
569 2047 796 2101 ἀπειρέσιος
833 2050 882 2089 ab
923 2045 1139 2100 ἀπείρατος
1180 2050 1309 2100 repeti
1351 2053 1512 2101 potest;
1551 2052 1591 2088 et

122 2121 323 2172 Τειρεσίας
353 2122 634 2171 portentorum
664 2117 868 2167 interpres
899 2111 1010 2166 παρὰ
1043 2110 1093 2153 τὰ
1120 2114 1249 2163 τείρεα
1278 2114 1317 2154 id
1352 2119 1415 2154 est
1444 2111 1590 2164 τέρατα

115 2190 200 2230 EM.
239 2186 341 2239 756,
384 2185 445 2225 10.
477 2188 520 2223 ut
551 2187 591 2222 et
621 2181 758 2222 sidera
790 2181 1044 2220 oatexoohen
1081 2179 1210 2230 τείρεα
1241 2183 1280 2219 et
1310 2179 1435 2219 latine
1465 2181 1590 2230 siqua

207 2332 263 2369 15)
287 2327 455 2372 Ἠράσιος
478 2326 554 2370 μὴν
580 2324 679 2368 παρὰ
711 2323 856 2356 Λάκωσι
896 2324 978 2359 Hes.
1012 2333 1115 2367 quem
1145 2323 1321 2359 Albertius
1354 2333 1496 2358 vernum
1531 2324 1590 2357 in·-

114 2388 332 2430 terpretatur,
359 2382 505 2416 tortasse
527 2379 679 2424 Ἡραῖον
706 2378 890 2421 significat.

210 2440 265 2482 16)
302 2439 391 2472 Huic
418 2438 564 2471 sortasse
596 2436 788 2478 proximum
821 2438 893 2469 erat
917 2432 1003 2470 Διάς
1037 2434 1144 2467 tribus
1178 2435 1315 2470 Atticae
1348 2441 1474 2468 nomen
1504 2436 1541 2466 ut
1573 2442 1593 2467 a

116 2493 277 2538 Νυμφάς
311 2492 525 2535 gentilicium
558 2488 797 2534 Νεμᾳάσιος,
835 2499 854 2523 a
889 2487 1046 2533 φαικάς,
1087 2491 1185 2531 cujus
1219 2490 1426 2533 primitivum
1457 2487 1593 2523 videtur

118 2548 252 2593 (μιικός
270 2546 429 2592 ἐλαφρός
453 2547 507 2588 (ut
533 2545 682 2589 εῧμαρίς
716 2544 756 2578 ab
793 2543 969 2588 εἰμαρής)
1006 2543 1207 2587 ([(ιικάσιον
1241 2543 1422 2589 (ἐλαφρὸν
1455 2541 1590 2587 φαικά-

118 2616 197 2637 σιον
221 2604 305 2637 Poll.
332 2603 405 2637 Vll.
434 2601 507 2644 90.)
555 2600 625 2634 Sed
650 2598 806 2643 αἱμασιά
829 2600 981 2633 nonnulli
1010 2599 1050 2632 ab
1086 2595 1194 2642 (τῖμος
1229 2603 1400 2643 repetunt.
1448 2599 1505 2631 Διὶ
1532 2608 1590 2630 συ.

117 2661 230 2702 κασίῳ
254 2660 544 2703 παραπεποίηται
568 2654 668 2699 παρὰ
691 2653 730 2688 τὸ
758 2657 1005 2698 συκοφαντεῖν
1026 2654 1106 2690 Hes.
1142 2654 1332 2699 Λογγῶνεε
1357 2674 1400 2680 —-
1425 2653 1486 2687 καὶ
1509 2652 1589 2696 λογ-

118 2714 229 2759 γάσια
253 2713 326 2748 EM.
